event_time,trade_time,trade_id,price,quantity,maker
1531210360648,1531210360643,3050795,0.00000194,71280.00000000,1
1531210360654,1531210360650,3050796,0.00000194,2649.00000000,1
1531210360665,1531210360661,3050797,0.00000194,6944.00000000,1
1531210360670,1531210360667,3050798,0.00000194,2649.00000000,1
1531210360740,1531210360739,3050799,0.00000194,3166.00000000,1
1531210361977,1531210361972,3050800,0.00000194,2999.00000000,0
1531210393176,1531210393172,3050801,0.00000194,1.00000000,0
1531210410423,1531210410419,3050802,0.00000194,2504.00000000,0
1531210417046,1531210417040,3050803,0.00000194,242.00000000,0
1531210420070,1531210420067,3050804,0.00000194,1.00000000,0
1531210420432,1531210420427,3050805,0.00000194,39405.00000000,0
1531210420469,1531210420466,3050806,0.00000194,18115.00000000,1
1531210420482,1531210420478,3050807,0.00000193,3608.00000000,1
1531210420492,1531210420487,3050808,0.00000193,2141.00000000,1
1531210425684,1531210425679,3050809,0.00000193,1903.00000000,1
1531210429727,1531210429724,3050810,0.00000193,1497.00000000,1
1531210433692,1531210433687,3050811,0.00000193,1177.00000000,1
1531210439665,1531210439661,3050812,0.00000193,926.00000000,1
1531210450761,1531210450756,3050813,0.00000193,179.00000000,1
1531210451222,1531210451219,3050814,0.00000193,486.00000000,1
1531210451712,1531210451707,3050815,0.00000193,298.00000000,1
1531210452148,1531210452145,3050816,0.00000193,329.00000000,1
1531210452662,1531210452657,3050817,0.00000193,299.00000000,1
1531210453167,1531210453163,3050818,0.00000193,315.00000000,1
1531210453603,1531210453599,3050819,0.00000193,349.00000000,1
1531210454178,1531210454173,3050820,0.00000193,371.00000000,1
1531210454628,1531210454624,3050821,0.00000193,142.00000000,1
1531210455453,1531210455447,3050822,0.00000193,205.00000000,1
1531210455908,1531210455903,3050823,0.00000193,106.00000000,1
1531210456443,1531210456439,3050824,0.00000193,155.00000000,1
1531210456872,1531210456867,3050825,0.00000193,173.00000000,1
1531210457538,1531210457534,3050826,0.00000193,176.00000000,1
1531210458468,1531210458464,3050827,0.00000193,239.00000000,1
1531210458847,1531210458843,3050828,0.00000193,176.00000000,1
1531210459248,1531210459242,3050829,0.00000193,410.00000000,1
1531210459345,1531210459340,3050830,0.00000193,3030.00000000,1
1531210459993,1531210459989,3050831,0.00000193,503.00000000,1
1531210460517,1531210460513,3050832,0.00000193,394.00000000,1
1531210461008,1531210461003,3050833,0.00000193,249.00000000,1
1531210461663,1531210461659,3050834,0.00000193,325.00000000,1
1531210462140,1531210462140,3050835,0.00000193,299.00000000,1
1531210462751,1531210462747,3050836,0.00000193,170.00000000,1
1531210463426,1531210463425,3050837,0.00000193,111.00000000,1
1531210464265,1531210464261,3050838,0.00000193,245.00000000,1
1531210464696,1531210464693,3050839,0.00000193,591.00000000,1
1531210464802,1531210464799,3050840,0.00000193,187.00000000,1
1531210465050,1531210465046,3050841,0.00000193,860.00000000,1
1531210465582,1531210465576,3050842,0.00000193,273.00000000,1
1531210466058,1531210466053,3050843,0.00000193,309.00000000,1
1531210466064,1531210466060,3050844,0.00000193,312.00000000,1
1531210466497,1531210466493,3050845,0.00000193,275.00000000,1
1531210466498,1531210466493,3050846,0.00000193,158.00000000,1
1531210467050,1531210467046,3050847,0.00000193,233.00000000,1
1531210467098,1531210467094,3050848,0.00000193,711.00000000,1
1531210467547,1531210467543,3050849,0.00000193,138.00000000,1
1531210467599,1531210467594,3050850,0.00000193,163.00000000,1
1531210468427,1531210468423,3050851,0.00000193,588.00000000,1
1531210468805,1531210468801,3050852,0.00000194,5210.00000000,1
1531210469079,1531210469075,3050853,0.00000193,160.00000000,1
1531210469084,1531210469083,3050854,0.00000193,495.00000000,1
1531210469542,1531210469537,3050855,0.00000193,360.00000000,1
1531210469548,1531210469544,3050856,0.00000193,244.00000000,1
1531210469602,1531210469598,3050857,0.00000193,325.00000000,1
1531210470066,1531210470061,3050858,0.00000193,117.00000000,1
1531210470067,1531210470063,3050859,0.00000193,146.00000000,1
1531210470452,1531210470447,3050860,0.00000193,187.00000000,1
1531210470480,1531210470477,3050861,0.00000193,323.00000000,1
1531210471377,1531210471371,3050862,0.00000193,135.00000000,1
1531210471404,1531210471400,3050863,0.00000193,111.00000000,1
1531210471941,1531210471937,3050864,0.00000193,290.00000000,1
1531210472404,1531210472400,3050865,0.00000193,158.00000000,1
1531210473248,1531210473246,3050866,0.00000193,108.00000000,1
1531210473766,1531210473761,3050867,0.00000193,781.00000000,1
1531210474398,1531210474395,3050868,0.00000193,181.00000000,1
1531210474823,1531210474819,3050869,0.00000193,120.00000000,1
1531210475442,1531210475437,3050870,0.00000193,203.00000000,1
1531210476107,1531210476102,3050871,0.00000193,278.00000000,1
1531210476383,1531210476379,3050872,0.00000193,129.00000000,1
1531210476916,1531210476911,3050873,0.00000193,520.00000000,1
1531210477374,1531210477368,3050874,0.00000193,110.00000000,1
1531210478182,1531210478178,3050875,0.00000193,169.00000000,1
1531210478861,1531210478856,3050876,0.00000193,355.00000000,1
1531210479805,1531210479800,3050877,0.00000193,171.00000000,1
1531210480617,1531210480614,3050878,0.00000193,107.00000000,1
1531210481276,1531210481271,3050879,0.00000193,157.00000000,1
1531210481366,1531210481361,3050880,0.00000193,876.00000000,1
1531210481914,1531210481914,3050881,0.00000193,136.00000000,1
1531210482245,1531210482241,3050882,0.00000193,123.00000000,1
1531210482905,1531210482898,3050883,0.00000193,202.00000000,1
1531210483381,1531210483375,3050884,0.00000193,342.00000000,1
1531210483995,1531210483990,3050885,0.00000193,363.00000000,1
1531210484405,1531210484398,3050886,0.00000193,252.00000000,1
1531210484938,1531210484933,3050887,0.00000193,147.00000000,1
1531210507933,1531210507933,3050888,0.00000193,173.00000000,1
1531210508372,1531210508367,3050889,0.00000193,590.00000000,1
1531210508985,1531210508984,3050890,0.00000193,496.00000000,1
1531210509428,1531210509424,3050891,0.00000193,119.00000000,1
1531210509928,1531210509924,3050892,0.00000193,351.00000000,1
1531210510644,1531210510641,3050893,0.00000193,140.00000000,1
1531210511131,1531210511128,3050894,0.00000193,517.00000000,1
1531210511568,1531210511563,3050895,0.00000193,248.00000000,1
1531210512200,1531210512195,3050896,0.00000193,246.00000000,1
1531210512680,1531210512675,3050897,0.00000193,195.00000000,1
1531210513410,1531210513405,3050898,0.00000193,203.00000000,1
1531210513957,1531210513954,3050899,0.00000193,111.00000000,1
1531210514333,1531210514327,3050900,0.00000193,449.00000000,1
1531210514774,1531210514771,3050901,0.00000193,136.00000000,1
1531210515674,1531210515670,3050902,0.00000193,328.00000000,1
1531210516180,1531210516175,3050903,0.00000193,138.00000000,1
1531210516229,1531210516225,3050904,0.00000193,185.00000000,1
1531210516676,1531210516672,3050905,0.00000193,115.00000000,1
1531210517282,1531210517277,3050906,0.00000193,177.00000000,1
1531210517702,1531210517697,3050907,0.00000193,169.00000000,1
1531210518250,1531210518246,3050908,0.00000193,396.00000000,1
1531210518692,1531210518688,3050909,0.00000193,135.00000000,1
1531210519220,1531210519216,3050910,0.00000193,401.00000000,1
1531210519657,1531210519652,3050911,0.00000193,314.00000000,1
1531210520096,1531210520091,3050912,0.00000193,136.00000000,1
1531210520608,1531210520604,3050913,0.00000193,140.00000000,1
1531210521113,1531210521110,3050914,0.00000193,166.00000000,1
1531210521697,1531210521692,3050915,0.00000193,112.00000000,1
1531210522330,1531210522325,3050916,0.00000193,829.00000000,1
1531210522444,1531210522440,3050917,0.00000194,2000.00000000,0
1531210522761,1531210522756,3050918,0.00000193,154.00000000,1
1531210523282,1531210523277,3050919,0.00000193,937.00000000,1
1531210523949,1531210523945,3050920,0.00000193,180.00000000,1
1531210524504,1531210524500,3050921,0.00000193,273.00000000,1
1531210524910,1531210524904,3050922,0.00000193,296.00000000,1
1531210525348,1531210525344,3050923,0.00000193,1121.00000000,1
1531210646725,1531210646722,3050924,0.00000193,8344.00000000,1
1531210700160,1531210700155,3050925,0.00000193,7663.00000000,1
1531210719865,1531210719861,3050926,0.00000193,198.00000000,1
1531210773764,1531210773759,3050927,0.00000193,223515.00000000,1
1531210781075,1531210781069,3050928,0.00000193,13811.00000000,1
1531210850797,1531210850792,3050929,0.00000193,4000.00000000,1
1531210855260,1531210855255,3050930,0.00000194,32.00000000,0
1531210858495,1531210858490,3050931,0.00000193,299126.00000000,1
1531210882165,1531210882160,3050932,0.00000193,4350.00000000,1
1531210942504,1531210942502,3050933,0.00000193,4278.00000000,1
1531210943333,1531210943329,3050934,0.00000194,5.00000000,0
1531210959414,1531210959410,3050935,0.00000193,5949.00000000,0
1531210997332,1531210997326,3050936,0.00000193,105069.00000000,1
1531211012433,1531211012428,3050937,0.00000192,600.00000000,1
1531211020603,1531211020598,3050938,0.00000193,3753.00000000,0
1531211020616,1531211020611,3050939,0.00000193,3739.00000000,0
1531211057381,1531211057381,3050940,0.00000193,144.00000000,0
1531211064254,1531211064250,3050941,0.00000193,1.00000000,0
1531211064754,1531211064749,3050942,0.00000193,279.00000000,0
1531211126654,1531211126649,3050943,0.00000193,23737.00000000,0
1531211140884,1531211140880,3050944,0.00000193,4114.00000000,1
1531211169151,1531211169146,3050945,0.00000193,13200.00000000,1
1531211208463,1531211208459,3050946,0.00000193,37465.00000000,1
1531211240741,1531211240737,3050947,0.00000193,202802.00000000,1
1531211240786,1531211240780,3050948,0.00000192,3608.00000000,1
1531211241840,1531211241834,3050949,0.00000192,16.00000000,1
1531211292974,1531211292970,3050950,0.00000192,2649.00000000,1
1531211329534,1531211329530,3050951,0.00000192,17500.00000000,1
1531211468532,1531211468529,3050952,0.00000192,30000.00000000,1
1531211520967,1531211520963,3050953,0.00000192,5874.00000000,1
1531211539665,1531211539660,3050954,0.00000192,1131.00000000,1
1531211571565,1531211571560,3050955,0.00000193,1270.00000000,0
1531211589299,1531211589296,3050956,0.00000192,2124.00000000,1
1531211614400,1531211614396,3050957,0.00000192,613.00000000,1
1531211639444,1531211639440,3050958,0.00000193,78326.00000000,0
1531211682126,1531211682121,3050959,0.00000193,821.00000000,0
1531211776656,1531211776652,3050960,0.00000193,37.00000000,0
1531211833832,1531211833827,3050961,0.00000193,610.00000000,0
1531211867674,1531211867670,3050962,0.00000192,21384.00000000,1
1531211944584,1531211944579,3050963,0.00000193,53.00000000,0
1531211951157,1531211951152,3050964,0.00000193,21.00000000,0
1531212012330,1531212012325,3050965,0.00000193,25906.00000000,0
1531212013233,1531212013230,3050966,0.00000193,6079.00000000,0
1531212018316,1531212018311,3050967,0.00000193,1627.00000000,0
1531212026316,1531212026312,3050968,0.00000193,5.00000000,0
1531212078422,1531212078419,3050969,0.00000192,111754.00000000,1
1531212113626,1531212113623,3050970,0.00000192,18664.00000000,1
1531212135913,1531212135910,3050971,0.00000193,2000.00000000,0
1531212144802,1531212144797,3050972,0.00000192,2681.00000000,1
1531212214562,1531212214557,3050973,0.00000192,2675.00000000,1
1531212283353,1531212283350,3050974,0.00000192,2000.00000000,1
1531212360544,1531212360537,3050975,0.00000193,14.00000000,0
1531212460585,1531212460580,3050976,0.00000193,12.00000000,0
1531212473843,1531212473837,3050977,0.00000192,695565.00000000,1
1531212492188,1531212492182,3050978,0.00000193,5.00000000,0
1531212496553,1531212496548,3050979,0.00000192,105369.00000000,1
1531212527659,1531212527656,3050980,0.00000193,1.00000000,0
1531212530044,1531212530040,3050981,0.00000192,74785.00000000,1
1531212549713,1531212549710,3050982,0.00000192,1032.00000000,0
1531212550710,1531212550704,3050983,0.00000192,52083.00000000,0
1531212572649,1531212572644,3050984,0.00000192,1045.00000000,0
1531212646955,1531212646951,3050985,0.00000192,10.00000000,0
1531212753364,1531212753358,3050986,0.00000191,1300.00000000,1
1531212780722,1531212780718,3050987,0.00000192,3399.00000000,0
1531212800945,1531212800941,3050988,0.00000192,84309.00000000,0
1531212801817,1531212801812,3050989,0.00000192,3608.00000000,0
1531212803190,1531212803186,3050990,0.00000192,7375.00000000,0
1531212803657,1531212803652,3050991,0.00000192,150375.00000000,0
1531212814392,1531212814388,3050992,0.00000192,5323.00000000,0
1531212859464,1531212859460,3050993,0.00000193,27.00000000,0
1531212885972,1531212885967,3050994,0.00000193,6289.00000000,0
1531212941586,1531212941580,3050995,0.00000192,5.00000000,1
1531212949368,1531212949364,3050996,0.00000192,89387.00000000,1
1531212982056,1531212982052,3050997,0.00000192,19385.00000000,1
1531213058650,1531213058646,3050998,0.00000192,5934.00000000,1
1531213059001,1531213058996,3050999,0.00000192,3871.00000000,0
1531213059005,1531213059003,3051000,0.00000192,3878.00000000,0
1531213130758,1531213130749,3051001,0.00000192,93401.00000000,1
1531213130758,1531213130749,3051002,0.00000191,604849.00000000,1
1531213130783,1531213130779,3051003,0.00000192,550.00000000,0
1531213130791,1531213130786,3051004,0.00000192,672.00000000,1
1531213140021,1531213140017,3051005,0.00000192,34266.00000000,1
1531213151331,1531213151326,3051006,0.00000193,5701.00000000,0
1531213158495,1531213158491,3051007,0.00000192,4983.00000000,1
1531213160570,1531213160566,3051008,0.00000192,10000.00000000,0
1531213161016,1531213161011,3051009,0.00000192,10000.00000000,1
1531213176565,1531213176560,3051010,0.00000192,5215.00000000,1
1531213190040,1531213190036,3051011,0.00000192,5724.00000000,1
1531213191440,1531213191436,3051012,0.00000191,1000.00000000,1
1531213196579,1531213196575,3051013,0.00000192,20000.00000000,1
1531213201851,1531213201842,3051014,0.00000192,413226.00000000,1
1531213201851,1531213201842,3051015,0.00000191,639741.00000000,1
1531213201863,1531213201859,3051016,0.00000191,72937.00000000,0
1531213201873,1531213201870,3051017,0.00000192,550.00000000,1
1531213201992,1531213201988,3051018,0.00000192,674.00000000,0
1531213202066,1531213202061,3051019,0.00000192,550.00000000,1
1531213202098,1531213202095,3051020,0.00000192,23776.00000000,1
1531213203297,1531213203294,3051021,0.00000192,134.00000000,0
1531213204281,1531213204278,3051022,0.00000191,1226.00000000,1
1531213204297,1531213204293,3051023,0.00000191,712.00000000,0
1531213205173,1531213205168,3051024,0.00000192,64.00000000,0
1531213216209,1531213216206,3051025,0.00000191,2235.00000000,0
1531213216245,1531213216240,3051026,0.00000191,4274.00000000,0
1531213216248,1531213216243,3051027,0.00000191,12.00000000,0
1531213275411,1531213275407,3051028,0.00000191,10807.00000000,1
1531213341298,1531213341295,3051029,0.00000191,47887.00000000,1
1531213385779,1531213385775,3051030,0.00000191,131249.00000000,1
1531213385804,1531213385801,3051031,0.00000191,130467.00000000,0
1531213415896,1531213415891,3051032,0.00000191,8608.00000000,0
1531213425866,1531213425862,3051033,0.00000192,5.00000000,0
1531213458595,1531213458589,3051034,0.00000192,4056.00000000,0
1531213458599,1531213458595,3051035,0.00000192,4071.00000000,0
1531213478923,1531213478918,3051036,0.00000192,20.00000000,0
1531213538798,1531213538792,3051037,0.00000192,33463.00000000,0
1531213617580,1531213617576,3051038,0.00000192,1.00000000,0
1531213632828,1531213632824,3051039,0.00000192,33.00000000,0
1531213642025,1531213642021,3051040,0.00000191,4364.00000000,1
1531213851677,1531213851672,3051041,0.00000192,15000.00000000,0
1531213864263,1531213864260,3051042,0.00000192,12800.00000000,0
1531213954572,1531213954569,3051043,0.00000192,4829.00000000,0
1531213959219,1531213959215,3051044,0.00000192,37781.00000000,0
1531213965314,1531213965308,3051045,0.00000192,10399.00000000,0
1531213978529,1531213978524,3051046,0.00000191,238156.00000000,1
1531213992387,1531213992384,3051047,0.00000191,30986.00000000,1
1531214009074,1531214009071,3051048,0.00000192,6610.00000000,0
1531214013203,1531214013198,3051049,0.00000192,18.00000000,0
1531214063838,1531214063834,3051050,0.00000191,399600.00000000,1
1531214066146,1531214066140,3051051,0.00000192,10797.00000000,0
1531214066215,1531214066210,3051052,0.00000192,10826.00000000,0
1531214070698,1531214070694,3051053,0.00000191,195319.00000000,1
1531214070716,1531214070713,3051054,0.00000191,4681.00000000,0
1531214071033,1531214071028,3051055,0.00000191,4681.00000000,1
1531214074612,1531214074608,3051056,0.00000192,11105.00000000,0
1531214075027,1531214075024,3051057,0.00000191,783.00000000,1
1531214076267,1531214076264,3051058,0.00000192,3608.00000000,0
1531214076277,1531214076274,3051059,0.00000192,3295.00000000,0
1531214079267,1531214079261,3051060,0.00000190,23000.00000000,1
1531214079269,1531214079261,3051061,0.00000190,16853.00000000,1
1531214079269,1531214079261,3051062,0.00000190,3864.00000000,1
1531214079270,1531214079261,3051063,0.00000190,6002.00000000,1
1531214079273,1531214079261,3051064,0.00000190,350467.00000000,1
1531214079319,1531214079315,3051065,0.00000191,1205.00000000,0
1531214080716,1531214080711,3051066,0.00000191,9578.00000000,0
1531214081023,1531214081018,3051067,0.00000191,9578.00000000,1
1531214088434,1531214088430,3051068,0.00000192,2.00000000,0
1531214088687,1531214088681,3051069,0.00000192,1.00000000,0
1531214090622,1531214090618,3051070,0.00000192,3.00000000,0
1531214099127,1531214099122,3051071,0.00000190,6603.00000000,1
1531214115091,1531214115087,3051072,0.00000192,27453.00000000,0
1531214119037,1531214119032,3051073,0.00000191,6389.00000000,1
1531214120885,1531214120880,3051074,0.00000192,8770.00000000,0
1531214124896,1531214124892,3051075,0.00000191,297758.00000000,0
1531214124908,1531214124902,3051076,0.00000192,238893.00000000,0
1531214133499,1531214133494,3051077,0.00000191,1058.00000000,1
1531214133984,1531214133978,3051078,0.00000191,794.00000000,1
1531214134609,1531214134605,3051079,0.00000191,180246.00000000,1
1531214134635,1531214134629,3051080,0.00000191,3382.00000000,0
1531214134639,1531214134636,3051081,0.00000191,25000.00000000,0
1531214136001,1531214135997,3051082,0.00000191,14690.00000000,0
1531214142826,1531214142821,3051083,0.00000191,3910.00000000,1
1531214154672,1531214154667,3051084,0.00000190,3987.00000000,1
1531214164500,1531214164497,3051085,0.00000190,2106.00000000,1
1531214164657,1531214164653,3051086,0.00000190,579.00000000,1
1531214165408,1531214165404,3051087,0.00000190,1579.00000000,1
1531214175903,1531214175899,3051088,0.00000190,1595.00000000,1
1531214229642,1531214229639,3051089,0.00000191,5738.00000000,0
1531214234464,1531214234460,3051090,0.00000190,229744.00000000,1
1531214261823,1531214261820,3051091,0.00000191,10000.00000000,0
1531214267905,1531214267900,3051092,0.00000191,10100.00000000,0
1531214279393,1531214279390,3051093,0.00000191,2617.00000000,0
1531214285064,1531214285061,3051094,0.00000191,11395.00000000,0
1531214290879,1531214290874,3051095,0.00000191,4788.00000000,1
1531214310668,1531214310665,3051096,0.00000191,709.00000000,1
1531214342527,1531214342522,3051097,0.00000191,1.00000000,0
1531214343422,1531214343417,3051098,0.00000191,634.00000000,0
1531214373494,1531214373488,3051099,0.00000191,92091.00000000,0
1531214373494,1531214373488,3051100,0.00000192,9760.00000000,0
1531214377234,1531214377229,3051101,0.00000191,4238.00000000,1
1531214428519,1531214428515,3051102,0.00000191,7588.00000000,0
1531214439674,1531214439670,3051103,0.00000192,71.00000000,0
1531214444513,1531214444509,3051104,0.00000191,8425.00000000,0
1531214452196,1531214452191,3051105,0.00000191,1725.00000000,1
1531214457016,1531214457011,3051106,0.00000191,8127.00000000,0
1531214457358,1531214457356,3051107,0.00000190,188000.00000000,1
1531214476441,1531214476436,3051108,0.00000191,6527.00000000,1
1531214486283,1531214486278,3051109,0.00000191,2615.00000000,1
1531214489075,1531214489072,3051110,0.00000191,784.00000000,1
1531214544063,1531214544061,3051111,0.00000191,24.00000000,0
1531214564830,1531214564825,3051112,0.00000191,4684.00000000,0
1531214575355,1531214575346,3051113,0.00000190,225355.00000000,1
1531214575600,1531214575596,3051114,0.00000190,49963.00000000,1
1531214577786,1531214577781,3051115,0.00000190,765.00000000,1
1531214578207,1531214578201,3051116,0.00000190,2915.00000000,1
1531214579349,1531214579346,3051117,0.00000190,7206.00000000,0
1531214580142,1531214580139,3051118,0.00000189,31790.00000000,1
1531214580143,1531214580139,3051119,0.00000189,40000.00000000,1
1531214580143,1531214580139,3051120,0.00000189,42200.00000000,1
1531214580144,1531214580139,3051121,0.00000189,102798.00000000,1
1531214589469,1531214589464,3051122,0.00000189,20672.00000000,1
1531214590696,1531214590691,3051123,0.00000189,923.00000000,1
1531214591942,1531214591940,3051124,0.00000189,83249.00000000,1
1531214593225,1531214593221,3051125,0.00000189,1210.00000000,1
1531214596339,1531214596334,3051126,0.00000190,492.00000000,0
1531214596910,1531214596907,3051127,0.00000190,1969.00000000,0
1531214597209,1531214597205,3051128,0.00000190,1969.00000000,1
1531214599044,1531214599041,3051129,0.00000191,258.00000000,0
1531214599220,1531214599217,3051130,0.00000191,5549.00000000,0
1531214599432,1531214599428,3051131,0.00000190,546.00000000,1
1531214599530,1531214599525,3051132,0.00000191,246.00000000,0
1531214599602,1531214599597,3051133,0.00000191,449.00000000,0
1531214599661,1531214599657,3051134,0.00000191,115.00000000,0
1531214599769,1531214599765,3051135,0.00000191,154.00000000,0
1531214599853,1531214599849,3051136,0.00000191,180.00000000,0
1531214599925,1531214599921,3051137,0.00000191,296.00000000,0
1531214599984,1531214599979,3051138,0.00000191,273.00000000,0
1531214600088,1531214600082,3051139,0.00000191,203.00000000,0
1531214600145,1531214600140,3051140,0.00000191,160.00000000,0
1531214600242,1531214600237,3051141,0.00000191,273.00000000,0
1531214600366,1531214600362,3051142,0.00000191,111.00000000,0
1531214600400,1531214600397,3051143,0.00000191,371.00000000,0
1531214600562,1531214600558,3051144,0.00000190,117.00000000,0
1531214600567,1531214600563,3051145,0.00000190,4604.00000000,0
1531214600781,1531214600777,3051146,0.00000191,107.00000000,0
1531214600789,1531214600785,3051147,0.00000190,117.00000000,1
1531214600789,1531214600785,3051148,0.00000189,2333.00000000,1
1531214600926,1531214600921,3051149,0.00000191,342.00000000,0
1531214601000,1531214600996,3051150,0.00000191,252.00000000,0
1531214601018,1531214601015,3051151,0.00000191,876.00000000,0
1531214601085,1531214601081,3051152,0.00000191,147.00000000,0
1531214601169,1531214601165,3051153,0.00000191,590.00000000,0
1531214601231,1531214601227,3051154,0.00000191,496.00000000,0
1531214601292,1531214601288,3051155,0.00000191,351.00000000,0
1531214601417,1531214601414,3051156,0.00000191,195.00000000,0
1531214601536,1531214601531,3051157,0.00000191,486.00000000,0
1531214601713,1531214601709,3051158,0.00000191,298.00000000,0
1531214601909,1531214601905,3051159,0.00000191,329.00000000,0
1531214602174,1531214602169,3051160,0.00000191,315.00000000,0
1531214602243,1531214602238,3051161,0.00000191,2966.00000000,0
1531214602675,1531214602670,3051162,0.00000191,142.00000000,0
1531214602794,1531214602788,3051163,0.00000191,106.00000000,0
1531214602965,1531214602961,3051164,0.00000191,155.00000000,0
1531214603138,1531214603135,3051165,0.00000191,173.00000000,0
1531214603405,1531214603401,3051166,0.00000191,176.00000000,0
1531214603661,1531214603658,3051167,0.00000191,410.00000000,0
1531214603731,1531214603727,3051168,0.00000191,325.00000000,0
1531214603956,1531214603950,3051169,0.00000189,2450.00000000,1
1531214604274,1531214604270,3051170,0.00000191,299.00000000,0
1531214604434,1531214604429,3051171,0.00000191,170.00000000,0
1531214604553,1531214604550,3051172,0.00000191,591.00000000,0
1531214604662,1531214604658,3051173,0.00000191,312.00000000,0
1531214604819,1531214604815,3051174,0.00000191,233.00000000,0
1531214604938,1531214604935,3051175,0.00000191,711.00000000,0
1531214605161,1531214605157,3051176,0.00000191,495.00000000,0
1531214605194,1531214605191,3051177,0.00000191,244.00000000,0
1531214605307,1531214605303,3051178,0.00000191,360.00000000,0
1531214605368,1531214605365,3051179,0.00000191,171.00000000,0
1531214605454,1531214605450,3051180,0.00000191,173.00000000,0
1531214605586,1531214605582,3051181,0.00000191,111.00000000,0
1531214605631,1531214605628,3051182,0.00000189,80853.00000000,1
1531214605676,1531214605673,3051183,0.00000191,328.00000000,0
1531214605727,1531214605722,3051184,0.00000191,185.00000000,0
1531214606081,1531214606075,3051185,0.00000191,169.00000000,0
1531214606161,1531214606158,3051186,0.00000191,396.00000000,0
1531214606213,1531214606209,3051187,0.00000191,401.00000000,0
1531214606270,1531214606265,3051188,0.00000191,314.00000000,0
1531214606307,1531214606302,3051189,0.00000191,136.00000000,0
1531214606516,1531214606513,3051190,0.00000191,829.00000000,0
1531214606554,1531214606551,3051191,0.00000191,1121.00000000,0
1531214606631,1531214606626,3051192,0.00000191,112.00000000,0
1531214606693,1531214606687,3051193,0.00000191,166.00000000,0
1531214606747,1531214606743,3051194,0.00000191,140.00000000,0
1531214606936,1531214606932,3051195,0.00000191,177.00000000,0
1531214607018,1531214607015,3051196,0.00000191,135.00000000,0
1531214607069,1531214607066,3051197,0.00000191,138.00000000,0
1531214607139,1531214607134,3051198,0.00000191,937.00000000,0
1531214607141,1531214607137,3051199,0.00000191,136.00000000,0
1531214607201,1531214607198,3051200,0.00000191,202.00000000,0
1531214607252,1531214607247,3051201,0.00000191,123.00000000,0
1531214607293,1531214607288,3051202,0.00000191,136.00000000,0
1531214607368,1531214607364,3051203,0.00000191,355.00000000,0
1531214607466,1531214607462,3051204,0.00000191,278.00000000,0
1531214607509,1531214607505,3051205,0.00000191,120.00000000,0
1531214607566,1531214607563,3051206,0.00000191,129.00000000,0
1531214607593,1531214607589,3051207,0.00000191,181.00000000,0
1531214607828,1531214607823,3051208,0.00000191,781.00000000,0
1531214607906,1531214607902,3051209,0.00000191,108.00000000,0
1531214607944,1531214607940,3051210,0.00000191,158.00000000,0
1531214609443,1531214609439,3051211,0.00000191,517.00000000,0
1531214609517,1531214609485,3051212,0.00000191,111.00000000,0
1531214609585,1531214609581,3051213,0.00000191,290.00000000,0
1531214609731,1531214609727,3051214,0.00000191,187.00000000,0
1531214609797,1531214609792,3051215,0.00000191,146.00000000,0
1531214609918,1531214609915,3051216,0.00000191,325.00000000,0
1531214610058,1531214610054,3051217,0.00000191,588.00000000,0
1531214610125,1531214610121,3051218,0.00000191,163.00000000,0
1531214610160,1531214610156,3051219,0.00000191,138.00000000,0
1531214610236,1531214610233,3051220,0.00000191,275.00000000,0
1531214610677,1531214610674,3051221,0.00000191,158.00000000,0
1531214610725,1531214610721,3051222,0.00000191,309.00000000,0
1531214610783,1531214610779,3051223,0.00000191,860.00000000,0
1531214610853,1531214610850,3051224,0.00000191,135.00000000,0
1531214610859,1531214610855,3051225,0.00000191,245.00000000,0
1531214610891,1531214610886,3051226,0.00000191,187.00000000,0
1531214610968,1531214610965,3051227,0.00000191,249.00000000,0
1531214611023,1531214611019,3051228,0.00000191,394.00000000,0
1531214611220,1531214611216,3051229,0.00000191,503.00000000,0
1531214611358,1531214611353,3051230,0.00000191,3030.00000000,0
1531214611420,1531214611416,3051231,0.00000191,176.00000000,0
1531214611468,1531214611465,3051232,0.00000191,239.00000000,0
1531214611518,1531214611514,3051233,0.00000191,205.00000000,0
1531214611558,1531214611555,3051234,0.00000191,349.00000000,0
1531214611623,1531214611618,3051235,0.00000191,299.00000000,0
1531214611763,1531214611759,3051236,0.00000191,179.00000000,0
1531214611902,1531214611898,3051237,0.00000191,203.00000000,0
1531214612175,1531214612172,3051238,0.00000191,140.00000000,0
1531214612203,1531214612198,3051239,0.00000191,119.00000000,0
1531214612258,1531214612253,3051240,0.00000191,248.00000000,0
1531214612346,1531214612342,3051241,0.00000191,363.00000000,0
1531214612431,1531214612427,3051242,0.00000191,157.00000000,0
1531214612508,1531214612504,3051243,0.00000191,169.00000000,0
1531214612563,1531214612560,3051244,0.00000191,110.00000000,0
1531214612602,1531214612598,3051245,0.00000191,520.00000000,0
1531214612695,1531214612692,3051246,0.00000191,323.00000000,0
1531214613220,1531214613217,3051247,0.00000189,27908.00000000,1
1531214614513,1531214614510,3051248,0.00000190,5073.00000000,0
1531214614859,1531214614856,3051249,0.00000191,76.00000000,0
1531214615480,1531214615476,3051250,0.00000189,104.00000000,1
1531214619045,1531214619042,3051251,0.00000190,1050.00000000,1
1531214622388,1531214622384,3051252,0.00000190,799.00000000,1
1531214622388,1531214622384,3051253,0.00000189,3852.00000000,1
1531214622872,1531214622868,3051254,0.00000189,5025.00000000,1
1531214637513,1531214637510,3051255,0.00000189,11089.00000000,1
1531214637794,1531214637789,3051256,0.00000190,8460.00000000,0
1531214640064,1531214640060,3051257,0.00000190,81.00000000,0
1531214643591,1531214643587,3051258,0.00000189,1958.00000000,1
1531214649382,1531214649379,3051259,0.00000189,4438.00000000,1
1531214655866,1531214655863,3051260,0.00000190,18024.00000000,0
1531214655871,1531214655868,3051261,0.00000190,3001.00000000,0
1531214655886,1531214655880,3051262,0.00000190,18016.00000000,0
1531214655900,1531214655895,3051263,0.00000190,5464.00000000,0
1531214655908,1531214655904,3051264,0.00000190,5109.00000000,0
1531214661312,1531214661307,3051265,0.00000189,5724.00000000,1
1531214676752,1531214676746,3051266,0.00000190,15789.00000000,0
1531214683895,1531214683890,3051267,0.00000190,44437.00000000,0
1531214715994,1531214715991,3051268,0.00000190,14047.00000000,1
1531214730635,1531214730629,3051269,0.00000190,5134.00000000,1
1531214747380,1531214747376,3051270,0.00000191,18.00000000,0
1531214750607,1531214750599,3051271,0.00000191,160366.00000000,0
1531214751107,1531214751103,3051272,0.00000191,18016.00000000,1
1531214797405,1531214797400,3051273,0.00000191,2680.00000000,1
1531214798766,1531214798762,3051274,0.00000192,5210.00000000,0
1531214837136,1531214837131,3051275,0.00000191,21374.00000000,1
1531214837649,1531214837645,3051276,0.00000191,11456.00000000,1
1531214840642,1531214840638,3051277,0.00000191,772.00000000,0
1531214844983,1531214844978,3051278,0.00000191,3307.00000000,0
1531214853725,1531214853721,3051279,0.00000190,4947.00000000,1
1531214854605,1531214854602,3051280,0.00000190,5210.00000000,1
1531214862163,1531214862160,3051281,0.00000190,3931.00000000,1
1531214877406,1531214877401,3051282,0.00000190,159299.00000000,1
1531214881739,1531214881736,3051283,0.00000191,30.00000000,0
1531214896010,1531214896006,3051284,0.00000191,125146.00000000,0
1531214904254,1531214904251,3051285,0.00000191,911.00000000,0
1531214940847,1531214940842,3051286,0.00000191,1335.00000000,0
1531215051412,1531215051407,3051287,0.00000191,2617.00000000,0
1531215058125,1531215058122,3051288,0.00000191,15706.00000000,0
1531215058484,1531215058481,3051289,0.00000191,3141.00000000,0
1531215058494,1531215058490,3051290,0.00000191,9176.00000000,0
1531215058549,1531215058546,3051291,0.00000191,1308.00000000,0
1531215058569,1531215058565,3051292,0.00000191,4033.00000000,0
1531215058601,1531215058597,3051293,0.00000191,2516.00000000,0
1531215058614,1531215058610,3051294,0.00000191,4188.00000000,0
1531215058710,1531215058706,3051295,0.00000191,1047.00000000,0
1531215058775,1531215058772,3051296,0.00000191,2520.00000000,0
1531215081845,1531215081839,3051297,0.00000190,86437.00000000,1
1531215102817,1531215102812,3051298,0.00000190,89766.00000000,1
1531215102858,1531215102855,3051299,0.00000190,607.00000000,0
1531215119061,1531215119058,3051300,0.00000190,329458.00000000,0
1531215141837,1531215141833,3051301,0.00000190,2984.00000000,0
1531215152003,1531215152000,3051302,0.00000190,2949.00000000,0
1531215152071,1531215152068,3051303,0.00000190,4045.00000000,0
1531215153755,1531215153751,3051304,0.00000190,2704.00000000,0
1531215178832,1531215178829,3051305,0.00000190,9100.00000000,0
1531215185506,1531215185503,3051306,0.00000190,75633.00000000,0
1531215206828,1531215206824,3051307,0.00000189,8500.00000000,1
1531215207167,1531215207163,3051308,0.00000190,103017.00000000,0
1531215211936,1531215211933,3051309,0.00000190,4652.00000000,1
1531215247025,1531215247020,3051310,0.00000191,102.00000000,0
1531215253090,1531215253086,3051311,0.00000191,794.00000000,0
1531215264283,1531215264279,3051312,0.00000190,1706.00000000,1
1531215300174,1531215300170,3051313,0.00000190,818.00000000,1
1531215351718,1531215351714,3051314,0.00000190,1000.00000000,1
1531215406539,1531215406536,3051315,0.00000190,69496.00000000,1
1531215458181,1531215458177,3051316,0.00000191,1092.00000000,0
1531215499050,1531215499047,3051317,0.00000190,2289.00000000,1
1531215513547,1531215513543,3051318,0.00000190,85097.00000000,1
1531215513571,1531215513568,3051319,0.00000190,3640.00000000,0
1531215513574,1531215513569,3051320,0.00000190,3640.00000000,0
1531215513596,1531215513591,3051321,0.00000190,3555.00000000,0
1531215513612,1531215513607,3051322,0.00000190,3640.00000000,0
1531215513614,1531215513610,3051323,0.00000190,3640.00000000,0
1531215545304,1531215545300,3051324,0.00000190,1234.00000000,0
1531215606175,1531215606171,3051325,0.00000189,43420.00000000,1
1531215671959,1531215671956,3051326,0.00000190,45965.00000000,0
1531215681003,1531215680999,3051327,0.00000189,103522.00000000,1
1531215686314,1531215686310,3051328,0.00000190,5568.00000000,0
1531215725390,1531215725387,3051329,0.00000190,19.00000000,0
1531215737325,1531215737322,3051330,0.00000189,42820.00000000,1
1531215785739,1531215785736,3051331,0.00000189,4779.00000000,1
1531215793001,1531215792995,3051332,0.00000190,107.00000000,0
1531215832612,1531215832608,3051333,0.00000190,1052.00000000,0
1531215853747,1531215853744,3051334,0.00000190,1000.00000000,0
1531215893801,1531215893798,3051335,0.00000190,1000.00000000,0
1531215941979,1531215941970,3051336,0.00000189,994938.00000000,1
1531215947786,1531215947782,3051337,0.00000190,1.00000000,0
1531215959933,1531215959929,3051338,0.00000189,25282.00000000,1
1531215966605,1531215966601,3051339,0.00000189,128680.00000000,1
1531215991777,1531215991772,3051340,0.00000189,1069.00000000,1
1531215992886,1531215992881,3051341,0.00000189,535.00000000,1
1531215995740,1531215995735,3051342,0.00000189,25400.00000000,1
1531215995986,1531215995981,3051343,0.00000189,329128.00000000,1
1531216006207,1531216006203,3051344,0.00000189,33500.00000000,1
1531216007265,1531216007261,3051345,0.00000189,87977.00000000,1
1531216007637,1531216007634,3051346,0.00000189,37070.00000000,0
1531216007673,1531216007669,3051347,0.00000189,64450.00000000,0
1531216007885,1531216007881,3051348,0.00000189,64450.00000000,0
1531216008351,1531216008346,3051349,0.00000188,1264.00000000,1
1531216008352,1531216008346,3051350,0.00000188,2150.00000000,1
1531216008352,1531216008346,3051351,0.00000188,46464.00000000,1
1531216008353,1531216008346,3051352,0.00000188,85000.00000000,1
1531216008354,1531216008346,3051353,0.00000188,85000.00000000,1
1531216008354,1531216008346,3051354,0.00000188,3001.00000000,1
1531216008355,1531216008346,3051355,0.00000188,14536.00000000,1
1531216008356,1531216008346,3051356,0.00000188,32967.00000000,1
1531216008357,1531216008346,3051357,0.00000188,999.00000000,1
1531216009119,1531216009114,3051358,0.00000188,12677.00000000,1
1531216009166,1531216009161,3051359,0.00000188,2069.00000000,1
1531216009251,1531216009247,3051360,0.00000189,27800.00000000,0
1531216009277,1531216009273,3051361,0.00000189,27852.00000000,0
1531216010232,1531216010227,3051362,0.00000189,117.00000000,0
1531216014233,1531216014230,3051363,0.00000188,16601.00000000,1
1531216014242,1531216014238,3051364,0.00000188,4406.00000000,1
1531216014683,1531216014678,3051365,0.00000188,1203.00000000,1
1531216016965,1531216016962,3051366,0.00000188,7385.00000000,1
1531216024128,1531216024125,3051367,0.00000188,1064.00000000,1
1531216024366,1531216024362,3051368,0.00000188,1064.00000000,1
1531216024833,1531216024829,3051369,0.00000188,1596.00000000,1
1531216043376,1531216043373,3051370,0.00000188,1250.00000000,1
1531216046917,1531216046913,3051371,0.00000188,5154.00000000,1
1531216047639,1531216047634,3051372,0.00000188,5154.00000000,1
1531216047886,1531216047882,3051373,0.00000188,5154.00000000,1
1531216058405,1531216058401,3051374,0.00000188,7393.00000000,1
1531216071077,1531216071073,3051375,0.00000189,28650.00000000,0
1531216075396,1531216075391,3051376,0.00000189,53027.00000000,0
1531216096953,1531216096949,3051377,0.00000189,30.00000000,0
1531216118633,1531216118629,3051378,0.00000189,26653.00000000,0
1531216118664,1531216118660,3051379,0.00000189,9373.00000000,1
1531216119003,1531216118997,3051380,0.00000189,24132.00000000,1
1531216120512,1531216120509,3051381,0.00000190,1355.00000000,0
1531216124475,1531216124471,3051382,0.00000189,10318.00000000,1
1531216138651,1531216138648,3051383,0.00000189,1352.00000000,1
1531216147543,1531216147539,3051384,0.00000190,1051.00000000,0
1531216181995,1531216181991,3051385,0.00000190,1148.00000000,0
1531216189806,1531216189800,3051386,0.00000190,491382.00000000,0
1531216217424,1531216217420,3051387,0.00000189,5237.00000000,1
1531216246326,1531216246322,3051388,0.00000190,70.00000000,0
1531216247502,1531216247498,3051389,0.00000189,2000.00000000,1
1531216254896,1531216254892,3051390,0.00000190,2631.00000000,0
1531216275837,1531216275834,3051391,0.00000190,72045.00000000,0
1531216291248,1531216291244,3051392,0.00000190,6625.00000000,0
1531216295409,1531216295404,3051393,0.00000190,72045.00000000,0
1531216298327,1531216298323,3051394,0.00000190,4895.00000000,0
1531216302099,1531216302094,3051395,0.00000190,6590.00000000,0
1531216325501,1531216325497,3051396,0.00000189,1000.00000000,1
1531216351450,1531216351446,3051397,0.00000190,887.00000000,0
1531216372644,1531216372637,3051398,0.00000190,652.00000000,0
1531216385723,1531216385719,3051399,0.00000190,105.00000000,0
1531216398241,1531216398236,3051400,0.00000190,267.00000000,0
1531216398271,1531216398267,3051401,0.00000190,7092.00000000,1
1531216398297,1531216398294,3051402,0.00000189,1396.00000000,1
1531216399571,1531216399567,3051403,0.00000190,4544.00000000,0
1531216402635,1531216402630,3051404,0.00000191,4.00000000,0
1531216424630,1531216424627,3051405,0.00000190,750.00000000,1
1531216428372,1531216428367,3051406,0.00000190,34482.00000000,1
1531216445832,1531216445827,3051407,0.00000190,55481.00000000,0
1531216491351,1531216491347,3051408,0.00000190,1.00000000,0
1531216504942,1531216504939,3051409,0.00000189,4829.00000000,1
1531216516164,1531216516160,3051410,0.00000190,529.00000000,0
1531216543635,1531216543632,3051411,0.00000189,600.00000000,1
1531216546763,1531216546758,3051412,0.00000190,3292.00000000,0
1531216610878,1531216610874,3051413,0.00000190,1231.00000000,0
1531216616697,1531216616693,3051414,0.00000190,44.00000000,0
1531216642148,1531216642144,3051415,0.00000190,2924.00000000,0
1531216656103,1531216656099,3051416,0.00000190,5601.00000000,0
1531216685842,1531216685839,3051417,0.00000190,17463.00000000,0
1531216709508,1531216709503,3051418,0.00000190,1090.00000000,0
1531216711323,1531216711319,3051419,0.00000190,1898.00000000,0
1531216715357,1531216715353,3051420,0.00000189,16852.00000000,1
1531216732273,1531216732268,3051421,0.00000189,52998.00000000,1
1531216760523,1531216760517,3051422,0.00000190,114.00000000,0
1531216763525,1531216763521,3051423,0.00000190,1.00000000,0
1531216768551,1531216768546,3051424,0.00000190,4924.00000000,0
1531216803719,1531216803714,3051425,0.00000189,29448.00000000,1
1531216806265,1531216806260,3051426,0.00000190,6971.00000000,0
1531216850498,1531216850494,3051427,0.00000189,4149.00000000,1
1531216900671,1531216900667,3051428,0.00000189,48.00000000,1
1531216909182,1531216909178,3051429,0.00000189,35097.00000000,1
1531216915130,1531216915124,3051430,0.00000190,160665.00000000,0
1531216925006,1531216925001,3051431,0.00000190,11687.00000000,0
1531216943202,1531216943197,3051432,0.00000190,2631.00000000,0
1531216970053,1531216970048,3051433,0.00000190,356080.00000000,0
1531216971512,1531216971506,3051434,0.00000190,53554.00000000,0
1531217001052,1531217001048,3051435,0.00000190,3703.00000000,0
1531217039684,1531217039680,3051436,0.00000190,1052.00000000,0
1531217052776,1531217052772,3051437,0.00000189,5.00000000,1
1531217134837,1531217134829,3051438,0.00000189,1469934.00000000,1
1531217134868,1531217134864,3051439,0.00000189,25000.00000000,0
1531217134870,1531217134866,3051440,0.00000189,3037.00000000,0
1531217165258,1531217165254,3051441,0.00000188,2631.00000000,1
1531217192208,1531217192203,3051442,0.00000189,4807.00000000,0
1531217220318,1531217220315,3051443,0.00000189,32951.00000000,0
1531217241460,1531217241457,3051444,0.00000189,3437.00000000,0
1531217241489,1531217241484,3051445,0.00000189,3447.00000000,0
1531217250379,1531217250374,3051446,0.00000189,3484.00000000,0
1531217250383,1531217250379,3051447,0.00000189,3494.00000000,0
1531217251673,1531217251668,3051448,0.00000188,1206.00000000,1
1531217256002,1531217255999,3051449,0.00000189,8.00000000,0
1531217258171,1531217258164,3051450,0.00000188,22821.00000000,1
1531217265535,1531217265531,3051451,0.00000189,21804.00000000,0
1531217277220,1531217277216,3051452,0.00000189,1102.00000000,0
1531217294360,1531217294354,3051453,0.00000189,20.00000000,0
1531217297385,1531217297380,3051454,0.00000189,1.00000000,0
1531217297839,1531217297833,3051455,0.00000188,3.00000000,1
1531217298072,1531217298067,3051456,0.00000188,3.00000000,1
1531217303922,1531217303918,3051457,0.00000188,45235.00000000,1
1531217305904,1531217305898,3051458,0.00000188,538.00000000,1
1531217307800,1531217307797,3051459,0.00000189,95609.00000000,0
1531217311029,1531217311025,3051460,0.00000189,5291.00000000,0
1531217335869,1531217335864,3051461,0.00000189,181544.00000000,0
1531217344061,1531217344057,3051462,0.00000188,14185.00000000,1
1531217344491,1531217344484,3051463,0.00000188,145184.00000000,1
1531217345197,1531217345192,3051464,0.00000188,538.00000000,1
1531217345513,1531217345508,3051465,0.00000188,538.00000000,1
1531217364435,1531217364431,3051466,0.00000188,1573.00000000,1
1531217365184,1531217365179,3051467,0.00000188,24036.00000000,1
1531217405430,1531217405426,3051468,0.00000188,586.00000000,1
1531217406088,1531217406084,3051469,0.00000188,10382.00000000,1
1531217414552,1531217414548,3051470,0.00000188,52509.00000000,1
1531217420032,1531217420027,3051471,0.00000189,531.00000000,0
1531217422283,1531217422277,3051472,0.00000189,10528.00000000,0
1531217429995,1531217429980,3051473,0.00000188,261596.00000000,1
1531217429995,1531217429980,3051474,0.00000187,339112.00000000,1
1531217429995,1531217429980,3051475,0.00000187,10000.00000000,1
1531217429995,1531217429980,3051476,0.00000187,15149.00000000,1
1531217430446,1531217430442,3051477,0.00000188,681.00000000,0
1531217430606,1531217430602,3051478,0.00000188,562.00000000,0
1531217431305,1531217431301,3051479,0.00000188,1284.00000000,0
1531217431529,1531217431524,3051480,0.00000188,5153.00000000,0
1531217431784,1531217431780,3051481,0.00000188,1298.00000000,0
1531217440279,1531217440273,3051482,0.00000187,16547.00000000,1
1531217441020,1531217441015,3051483,0.00000188,2185.00000000,0
1531217442580,1531217442575,3051484,0.00000188,1732.00000000,0
1531217444743,1531217444737,3051485,0.00000188,1732.00000000,1
1531217444743,1531217444737,3051486,0.00000187,20758.00000000,1
1531217445068,1531217445063,3051487,0.00000187,43479.00000000,1
1531217445130,1531217445125,3051488,0.00000188,683.00000000,0
1531217445667,1531217445663,3051489,0.00000188,705.00000000,0
1531217445771,1531217445767,3051490,0.00000188,3.00000000,0
1531217446055,1531217446051,3051491,0.00000188,1.00000000,0
1531217446127,1531217446122,3051492,0.00000187,9438.00000000,1
1531217446146,1531217446143,3051493,0.00000188,68.00000000,0
1531217446277,1531217446273,3051494,0.00000188,3465.00000000,0
1531217446834,1531217446829,3051495,0.00000188,5997.00000000,0
1531217449273,1531217449270,3051496,0.00000187,2475.00000000,1
1531217449618,1531217449613,3051497,0.00000188,5543.00000000,0
1531217459733,1531217459728,3051498,0.00000188,70135.00000000,0
1531217462038,1531217462033,3051499,0.00000188,9163.00000000,0
1531217473605,1531217473600,3051500,0.00000188,6374.00000000,0
1531217474923,1531217474919,3051501,0.00000188,2926.00000000,0
1531217480261,1531217480257,3051502,0.00000187,4694.00000000,1
1531217481918,1531217481914,3051503,0.00000188,106.00000000,0
1531217485169,1531217485165,3051504,0.00000188,1261.00000000,0
1531217485985,1531217485981,3051505,0.00000187,811.00000000,1
1531217486292,1531217486288,3051506,0.00000187,1081.00000000,1
1531217486886,1531217486881,3051507,0.00000187,7691.00000000,1
1531217487414,1531217487409,3051508,0.00000187,4051.00000000,1
1531217493871,1531217493868,3051509,0.00000188,2000.00000000,0
1531217495880,1531217495874,3051510,0.00000188,5095.00000000,0
1531217495940,1531217495935,3051511,0.00000187,2369.00000000,1
1531217498023,1531217498019,3051512,0.00000187,3551.00000000,1
1531217503631,1531217503626,3051513,0.00000187,3518.00000000,1
1531217515289,1531217515285,3051514,0.00000188,36339.00000000,0
1531217515826,1531217515821,3051515,0.00000187,125021.00000000,1
1531217515959,1531217515954,3051516,0.00000188,2000.00000000,0
1531217516221,1531217516216,3051517,0.00000188,36010.00000000,0
1531217517084,1531217517079,3051518,0.00000188,5365.00000000,0
1531217517993,1531217517989,3051519,0.00000187,7687.00000000,1
1531217523818,1531217523814,3051520,0.00000187,589.00000000,1
1531217524219,1531217524215,3051521,0.00000187,1605.00000000,1
1531217524228,1531217524225,3051522,0.00000187,1605.00000000,1
1531217525042,1531217525037,3051523,0.00000187,1979.00000000,1
1531217548015,1531217548011,3051524,0.00000187,1621.00000000,1
1531217556858,1531217556855,3051525,0.00000188,3926.00000000,0
1531217568361,1531217568356,3051526,0.00000188,10167.00000000,0
1531217580625,1531217580620,3051527,0.00000188,5053.00000000,0
1531217591947,1531217591943,3051528,0.00000187,8734.00000000,1
1531217602183,1531217602179,3051529,0.00000188,466.00000000,0
1531217603250,1531217603245,3051530,0.00000188,477.00000000,0
1531217604270,1531217604266,3051531,0.00000188,486.00000000,0
1531217609434,1531217609430,3051532,0.00000189,3206.00000000,0
1531217610752,1531217610747,3051533,0.00000188,3152.00000000,1
1531217610925,1531217610921,3051534,0.00000188,3439.00000000,1
1531217621593,1531217621589,3051535,0.00000188,12135.00000000,1
1531217659729,1531217659726,3051536,0.00000188,2005.00000000,1
1531217674885,1531217674880,3051537,0.00000188,140411.00000000,1
1531217678797,1531217678792,3051538,0.00000188,246.00000000,1
1531217681787,1531217681783,3051539,0.00000188,48731.00000000,1
1531217685784,1531217685775,3051540,0.00000189,634704.00000000,0
1531217686055,1531217686051,3051541,0.00000189,2645.00000000,1
1531217696589,1531217696583,3051542,0.00000190,295094.00000000,0
1531217699604,1531217699599,3051543,0.00000190,24153.00000000,0
1531217702676,1531217702672,3051544,0.00000189,2000.00000000,1
1531217704956,1531217704951,3051545,0.00000188,83.00000000,1
1531217712814,1531217712809,3051546,0.00000188,2289.00000000,1
1531217724740,1531217724736,3051547,0.00000189,3376.00000000,1
1531217728344,1531217728339,3051548,0.00000190,531.00000000,0
1531217777748,1531217777744,3051549,0.00000189,25502.00000000,1
1531217853531,1531217853527,3051550,0.00000189,17163.00000000,1
1531217862839,1531217862833,3051551,0.00000189,49950.00000000,1
1531217904627,1531217904622,3051552,0.00000189,14985.00000000,1
1531217926488,1531217926484,3051553,0.00000189,6821.00000000,1
1531217938851,1531217938844,3051554,0.00000190,2661.00000000,0
1531217971295,1531217971291,3051555,0.00000189,4367.00000000,1
1531218008617,1531218008613,3051556,0.00000189,2520.00000000,1
1531218010573,1531218010567,3051557,0.00000189,34261.00000000,1
1531218048192,1531218048187,3051558,0.00000189,10061.00000000,1
1531218086535,1531218086531,3051559,0.00000190,529.00000000,0
1531218095705,1531218095699,3051560,0.00000190,27336.00000000,0
1531218099511,1531218099507,3051561,0.00000190,349123.00000000,0
1531218123190,1531218123184,3051562,0.00000189,505101.00000000,1
1531218154404,1531218154400,3051563,0.00000189,7374.00000000,1
1531218162491,1531218162487,3051564,0.00000190,652.00000000,0
1531218199352,1531218199346,3051565,0.00000189,18949.00000000,1
1531218224784,1531218224780,3051566,0.00000190,117.00000000,0
1531218232042,1531218232038,3051567,0.00000190,7.00000000,0
1531218287840,1531218287835,3051568,0.00000189,30000.00000000,1
1531218292661,1531218292657,3051569,0.00000189,9.00000000,1
1531218299731,1531218299696,3051570,0.00000190,14.00000000,0
1531218327457,1531218327452,3051571,0.00000189,10323.00000000,1
1531218344961,1531218344957,3051572,0.00000189,16000.00000000,1
1531218364854,1531218364850,3051573,0.00000189,7908.00000000,1
1531218447693,1531218447687,3051574,0.00000189,103136.00000000,1
1531218447707,1531218447703,3051575,0.00000189,20432.00000000,0
1531218447721,1531218447716,3051576,0.00000189,20432.00000000,0
1531218447738,1531218447735,3051577,0.00000189,3556.00000000,0
1531218448068,1531218448063,3051578,0.00000189,2652.00000000,0
1531218448327,1531218448321,3051579,0.00000189,1572.00000000,0
1531218450948,1531218450943,3051580,0.00000188,3236.00000000,1
1531218460260,1531218460254,3051581,0.00000189,531.00000000,0
1531218470670,1531218470664,3051582,0.00000189,53.00000000,0
1531218486632,1531218486627,3051583,0.00000188,46021.00000000,1
1531218562457,1531218562453,3051584,0.00000188,3991.00000000,1
1531218564273,1531218564269,3051585,0.00000189,1932.00000000,0
1531218614701,1531218614695,3051586,0.00000189,24570.00000000,0
1531218638911,1531218638906,3051587,0.00000189,2000.00000000,0
1531218642258,1531218642253,3051588,0.00000189,10100.00000000,0
1531218678523,1531218678518,3051589,0.00000189,559.00000000,0
1531218711648,1531218711642,3051590,0.00000190,1158.00000000,0
1531218712846,1531218712841,3051591,0.00000190,16567.00000000,0
1531218781058,1531218781052,3051592,0.00000189,27512.00000000,1
1531218801526,1531218801520,3051593,0.00000189,5052.00000000,0
1531218821635,1531218821631,3051594,0.00000189,6338.00000000,1
1531218882655,1531218882650,3051595,0.00000189,713.00000000,1
1531218893541,1531218893536,3051596,0.00000190,135.00000000,0
1531218905766,1531218905760,3051597,0.00000190,1989.00000000,0
1531218911830,1531218911825,3051598,0.00000190,52356.00000000,0
1531218931261,1531218931256,3051599,0.00000189,82.00000000,1
1531218935841,1531218935833,3051600,0.00000189,74168.00000000,1
1531218935841,1531218935833,3051601,0.00000188,118202.00000000,1
1531218937563,1531218937557,3051602,0.00000189,9551.00000000,1
1531218940719,1531218940715,3051603,0.00000188,34965.00000000,1
1531218981359,1531218981354,3051604,0.00000189,388692.00000000,0
1531218984264,1531218984258,3051605,0.00000189,2667.00000000,1
1531219006268,1531219006262,3051606,0.00000189,15.00000000,1
1531219059081,1531219059076,3051607,0.00000189,90000.00000000,1
1531219080944,1531219080936,3051608,0.00000190,411593.00000000,0
1531219080969,1531219080964,3051609,0.00000190,9745.00000000,1
1531219080990,1531219080984,3051610,0.00000190,3608.00000000,1
1531219081409,1531219081404,3051611,0.00000190,9744.00000000,1
1531219098931,1531219098927,3051612,0.00000190,4092.00000000,1
1531219101179,1531219101174,3051613,0.00000191,2553.00000000,0
1531219105471,1531219105461,3051614,0.00000191,367941.00000000,0
1531219105487,1531219105481,3051615,0.00000191,8130.00000000,1
1531219106042,1531219106038,3051616,0.00000191,1355.00000000,1
1531219107087,1531219107077,3051617,0.00000192,173830.00000000,0
1531219108591,1531219108587,3051618,0.00000192,41626.00000000,0
1531219109232,1531219109227,3051619,0.00000192,42552.00000000,0
1531219110564,1531219110559,3051620,0.00000192,10638.00000000,0
1531219111794,1531219111789,3051621,0.00000192,2660.00000000,0
1531219113103,1531219113097,3051622,0.00000192,665.00000000,0
1531219114096,1531219114092,3051623,0.00000192,4311.00000000,0
1531219114503,1531219114498,3051624,0.00000192,166.00000000,0
1531219115995,1531219115989,3051625,0.00000192,41.00000000,0
1531219118018,1531219118014,3051626,0.00000192,11.00000000,0
1531219119299,1531219119293,3051627,0.00000191,15.00000000,1
1531219119953,1531219119948,3051628,0.00000192,2.00000000,0
1531219119992,1531219119989,3051629,0.00000191,600.00000000,1
1531219121583,1531219121578,3051630,0.00000192,1.00000000,0
1531219133972,1531219133967,3051631,0.00000191,5291.00000000,1
1531219134472,1531219134468,3051632,0.00000191,7579.00000000,1
1531219141032,1531219141027,3051633,0.00000191,3545.00000000,1
1531219141557,1531219141552,3051634,0.00000191,298.00000000,1
1531219142176,1531219142171,3051635,0.00000191,163.00000000,1
1531219142679,1531219142675,3051636,0.00000191,35458.00000000,1
1531219142856,1531219142852,3051637,0.00000191,248.00000000,1
1531219143581,1531219143575,3051638,0.00000191,136.00000000,1
1531219144259,1531219144254,3051639,0.00000191,158.00000000,1
1531219144690,1531219144682,3051640,0.00000191,120.00000000,1
1531219145045,1531219145040,3051641,0.00000191,355.00000000,1
1531219145389,1531219145383,3051642,0.00000191,119.00000000,1
1531219146038,1531219146035,3051643,0.00000191,140.00000000,1
1531219146214,1531219146209,3051644,0.00000191,937.00000000,1
1531219146710,1531219146705,3051645,0.00000191,173.00000000,1
1531219147144,1531219147140,3051646,0.00000191,349.00000000,1
1531219147750,1531219147746,3051647,0.00000191,315.00000000,1
1531219148300,1531219148294,3051648,0.00000191,169.00000000,1
1531219149081,1531219149075,3051649,0.00000191,187.00000000,1
1531219149677,1531219149672,3051650,0.00000191,136.00000000,1
1531219150190,1531219150184,3051651,0.00000191,252.00000000,1
1531219150610,1531219150605,3051652,0.00000191,249.00000000,1
1531219151277,1531219151270,3051653,0.00000191,136.00000000,1
1531219151926,1531219151920,3051654,0.00000191,299.00000000,1
1531219152447,1531219152443,3051655,0.00000191,342.00000000,1
1531219153492,1531219153487,3051656,0.00000191,495.00000000,1
1531219153917,1531219153912,3051657,0.00000191,171.00000000,1
1531219154518,1531219154514,3051658,0.00000191,177.00000000,1
1531219154936,1531219154931,3051659,0.00000191,278.00000000,1
1531219155480,1531219155473,3051660,0.00000191,401.00000000,1
1531219155960,1531219155955,3051661,0.00000191,181.00000000,1
1531219156518,1531219156513,3051662,0.00000191,517.00000000,1
1531219157036,1531219157030,3051663,0.00000191,711.00000000,1
1531219157603,1531219157599,3051664,0.00000191,173.00000000,1
1531219158734,1531219158732,3051665,0.00000191,187.00000000,1
1531219159207,1531219159202,3051666,0.00000191,146.00000000,1
1531219159335,1531219159331,3051667,0.00000191,155.00000000,1
1531219159877,1531219159871,3051668,0.00000191,180.00000000,1
1531219160275,1531219160272,3051669,0.00000191,2320.00000000,1
1531219160279,1531219160275,3051670,0.00000191,2320.00000000,1
1531219160429,1531219160423,3051671,0.00000191,363.00000000,1
1531219160523,1531219160518,3051672,0.00000191,135.00000000,1
1531219161143,1531219161139,3051673,0.00000191,296.00000000,1
1531219161539,1531219161535,3051674,0.00000191,202.00000000,1
1531219161780,1531219161775,3051675,0.00000191,309.00000000,1
1531219161917,1531219161913,3051676,0.00000191,169.00000000,1
1531219162229,1531219162225,3051677,0.00000191,781.00000000,1
1531219162607,1531219162602,3051678,0.00000191,829.00000000,1
1531219162951,1531219162946,3051679,0.00000191,351.00000000,1
1531219163169,1531219163165,3051680,0.00000191,205.00000000,1
1531219163737,1531219163731,3051681,0.00000191,110.00000000,1
1531219163823,1531219163815,3051682,0.00000191,325.00000000,1
1531219163828,1531219163823,3051683,0.00000191,3030.00000000,1
1531219164310,1531219164305,3051684,0.00000191,486.00000000,1
1531219164849,1531219164844,3051685,0.00000191,590.00000000,1
1531219165371,1531219165367,3051686,0.00000191,273.00000000,1
1531219165958,1531219165954,3051687,0.00000191,860.00000000,1
1531219166618,1531219166613,3051688,0.00000191,520.00000000,1
1531219167226,1531219167218,3051689,0.00000191,129.00000000,1
1531219167778,1531219167773,3051690,0.00000192,6776.00000000,0
1531219167901,1531219167897,3051691,0.00000191,123.00000000,1
1531219168319,1531219168315,3051692,0.00000191,503.00000000,1
1531219168344,1531219168339,3051693,0.00000191,2645.00000000,1
1531219168998,1531219168994,3051694,0.00000191,170.00000000,1
1531219169538,1531219169533,3051695,0.00000191,394.00000000,1
1531219170224,1531219170220,3051696,0.00000191,325.00000000,1
1531219170751,1531219170747,3051697,0.00000191,185.00000000,1
1531219171432,1531219171427,3051698,0.00000191,111.00000000,1
1531219171917,1531219171913,3051699,0.00000191,157.00000000,1
1531219172567,1531219172561,3051700,0.00000191,275.00000000,1
1531219173691,1531219173686,3051701,0.00000191,147.00000000,1
1531219174902,1531219174898,3051702,0.00000191,496.00000000,1
1531219178253,1531219178249,3051703,0.00000191,154.00000000,1
1531219181127,1531219181122,3051704,0.00000191,355724.00000000,1
1531219182344,1531219182338,3051705,0.00000191,115.00000000,1
1531219184593,1531219184587,3051706,0.00000191,142.00000000,1
1531219186982,1531219186978,3051707,0.00000191,314.00000000,1
1531219191327,1531219191323,3051708,0.00000191,135.00000000,1
1531219194446,1531219194444,3051709,0.00000191,245.00000000,1
1531219197457,1531219197452,3051710,0.00000191,1121.00000000,1
1531219199561,1531219199556,3051711,0.00000191,134202.00000000,1
1531219200116,1531219200111,3051712,0.00000191,123.00000000,1
1531219202952,1531219202948,3051713,0.00000191,290.00000000,1
1531219205440,1531219205435,3051714,0.00000191,396.00000000,1
1531219207508,1531219207502,3051715,0.00000191,195.00000000,1
1531219210794,1531219210789,3051716,0.00000191,876.00000000,1
1531219211995,1531219211991,3051717,0.00000191,638.00000000,1
1531219212231,1531219212228,3051718,0.00000191,310.00000000,1
1531219212348,1531219212344,3051719,0.00000191,25002.00000000,1
1531219227396,1531219227391,3051720,0.00000191,3720.00000000,1
1531219227965,1531219227961,3051721,0.00000191,3030.00000000,1
1531219228787,1531219228781,3051722,0.00000191,2145.00000000,1
1531219240354,1531219240349,3051723,0.00000192,148931.00000000,0
1531219260609,1531219260605,3051724,0.00000191,176.00000000,1
1531219261318,1531219261312,3051725,0.00000191,233.00000000,1
1531219262046,1531219262042,3051726,0.00000191,158.00000000,1
1531219262779,1531219262774,3051727,0.00000191,140.00000000,1
1531219263236,1531219263231,3051728,0.00000191,138.00000000,1
1531219263932,1531219263928,3051729,0.00000191,246.00000000,1
1531219264517,1531219264514,3051730,0.00000191,176.00000000,1
1531219264784,1531219264779,3051731,0.00000191,80527.00000000,1
1531219265256,1531219265252,3051732,0.00000191,203.00000000,1
1531219265685,1531219265680,3051733,0.00000191,588.00000000,1
1531219266362,1531219266356,3051734,0.00000191,410.00000000,1
1531219267203,1531219267198,3051735,0.00000191,449.00000000,1
1531219267703,1531219267699,3051736,0.00000191,203.00000000,1
1531219268594,1531219268589,3051737,0.00000191,160.00000000,1
1531219269221,1531219269216,3051738,0.00000191,323.00000000,1
1531219269774,1531219269768,3051739,0.00000191,138.00000000,1
1531219270353,1531219270348,3051740,0.00000191,328.00000000,1
1531219270948,1531219270944,3051741,0.00000191,299.00000000,1
1531219271691,1531219271688,3051742,0.00000191,111.00000000,1
1531219272241,1531219272237,3051743,0.00000191,111.00000000,1
1531219272902,1531219272897,3051744,0.00000191,591.00000000,1
1531219273601,1531219273598,3051745,0.00000191,273.00000000,1
1531219274335,1531219274330,3051746,0.00000191,315.00000000,1
1531219274864,1531219274856,3051747,0.00000191,179.00000000,1
1531219275035,1531219275029,3051748,0.00000191,550.00000000,1
1531219275874,1531219275867,3051749,0.00000191,360.00000000,1
1531219276594,1531219276589,3051750,0.00000191,312.00000000,1
1531219277365,1531219277356,3051751,0.00000191,166.00000000,1
1531219278072,1531219278066,3051752,0.00000191,244.00000000,1
1531219278844,1531219278839,3051753,0.00000191,239.00000000,1
1531219279655,1531219279650,3051754,0.00000191,112.00000000,1
1531219305794,1531219305790,3051755,0.00000191,53027.00000000,1
1531219313724,1531219313719,3051756,0.00000191,25107.00000000,1
1531219315582,1531219315577,3051757,0.00000192,22000.00000000,0
1531219341526,1531219341520,3051758,0.00000192,3898.00000000,0
1531219343004,1531219343002,3051759,0.00000192,14.00000000,0
1531219343666,1531219343662,3051760,0.00000192,2664.00000000,0
1531219350348,1531219350344,3051761,0.00000191,3158.00000000,1
1531219426716,1531219426713,3051762,0.00000192,673.00000000,0
1531219448226,1531219448222,3051763,0.00000192,9273.00000000,0
1531219461134,1531219461131,3051764,0.00000192,5208.00000000,0
1531219479483,1531219479479,3051765,0.00000191,4579.00000000,1
1531219495611,1531219495608,3051766,0.00000191,4291.00000000,1
1531219512084,1531219512079,3051767,0.00000191,17854.00000000,1
1531219526002,1531219525998,3051768,0.00000191,38.00000000,1
1531219603748,1531219603744,3051769,0.00000191,200.00000000,1
1531219626212,1531219626207,3051770,0.00000191,12708.00000000,1
1531219626215,1531219626211,3051771,0.00000191,1825.00000000,1
1531219626215,1531219626211,3051772,0.00000190,10894.00000000,1
1531219628085,1531219628080,3051773,0.00000190,3214.00000000,1
1531219662735,1531219662730,3051774,0.00000191,4142.00000000,0
1531219662761,1531219662759,3051775,0.00000191,4127.00000000,0
1531219736500,1531219736496,3051776,0.00000191,2685.00000000,0
1531219736500,1531219736496,3051777,0.00000192,2550.00000000,0
1531219760607,1531219760600,3051778,0.00000191,6502.00000000,1
1531219761036,1531219761031,3051779,0.00000192,1657.00000000,0
1531219769442,1531219769437,3051780,0.00000190,6.00000000,1
1531219770220,1531219770215,3051781,0.00000190,12236.00000000,1
1531219773728,1531219773726,3051782,0.00000191,7147.00000000,0
1531219784420,1531219784413,3051783,0.00000192,1678.00000000,0
1531219802732,1531219802727,3051784,0.00000190,89.00000000,1
1531219824637,1531219824632,3051785,0.00000191,1695.00000000,0
1531219845790,1531219845783,3051786,0.00000191,1714.00000000,0
1531219865095,1531219865090,3051787,0.00000191,1732.00000000,0
1531219870764,1531219870759,3051788,0.00000191,9.00000000,0
1531219878496,1531219878492,3051789,0.00000190,52.00000000,1
1531219885237,1531219885234,3051790,0.00000191,1755.00000000,0
1531219906215,1531219906209,3051791,0.00000191,1774.00000000,0
1531219941860,1531219941856,3051792,0.00000191,2873.00000000,0
1531219976786,1531219976781,3051793,0.00000191,3429.00000000,0
1531219996796,1531219996791,3051794,0.00000191,7182.00000000,0
1531220006085,1531220006080,3051795,0.00000191,163569.00000000,0
1531220057102,1531220057097,3051796,0.00000191,2443.00000000,0
1531220057127,1531220057122,3051797,0.00000191,3608.00000000,0
1531220087826,1531220087822,3051798,0.00000190,2661.00000000,1
1531220127223,1531220127220,3051799,0.00000190,20.00000000,1
1531220137689,1531220137684,3051800,0.00000191,3.00000000,0
1531220138314,1531220138309,3051801,0.00000191,4.00000000,0
1531220183310,1531220183304,3051802,0.00000190,14985.00000000,1
1531220198023,1531220198018,3051803,0.00000191,146579.00000000,0
1531220213151,1531220213147,3051804,0.00000190,200.00000000,1
1531220223180,1531220223176,3051805,0.00000191,3333.00000000,0
1531220227736,1531220227731,3051806,0.00000191,3333.00000000,0
1531220230974,1531220230970,3051807,0.00000191,3333.00000000,0
1531220233877,1531220233873,3051808,0.00000191,3333.00000000,0
1531220236818,1531220236816,3051809,0.00000191,3333.00000000,0
1531220239472,1531220239468,3051810,0.00000191,3333.00000000,0
1531220242632,1531220242628,3051811,0.00000191,3333.00000000,0
1531220245529,1531220245524,3051812,0.00000191,3333.00000000,0
1531220249499,1531220249493,3051813,0.00000191,3333.00000000,0
1531220253666,1531220253661,3051814,0.00000191,3035.00000000,0
1531220261986,1531220261981,3051815,0.00000190,100.00000000,1
1531220278654,1531220278650,3051816,0.00000191,1197.00000000,0
1531220286342,1531220286338,3051817,0.00000191,5857.00000000,0
1531220306325,1531220306320,3051818,0.00000191,586.00000000,0
1531220307665,1531220307659,3051819,0.00000190,29.00000000,1
1531220326062,1531220326056,3051820,0.00000190,5000.00000000,1
1531220333721,1531220333716,3051821,0.00000190,683.00000000,1
1531220348902,1531220348897,3051822,0.00000191,5000.00000000,0
1531220381574,1531220381569,3051823,0.00000190,234172.00000000,1
1531220394727,1531220394723,3051824,0.00000191,28357.00000000,0
1531220447652,1531220447647,3051825,0.00000191,69173.00000000,0
1531220476881,1531220476877,3051826,0.00000190,1083.00000000,1
1531220487658,1531220487652,3051827,0.00000191,5003.00000000,0
1531220490667,1531220490662,3051828,0.00000191,12.00000000,0
1531220537327,1531220537322,3051829,0.00000190,311825.00000000,1
1531220555014,1531220555009,3051830,0.00000190,224782.00000000,1
1531220646929,1531220646923,3051831,0.00000191,300.00000000,0
1531220663798,1531220663793,3051832,0.00000191,2928.00000000,0
1531220715290,1531220715285,3051833,0.00000191,590.00000000,0
1531220726411,1531220726405,3051834,0.00000191,761.00000000,0
1531220745105,1531220745100,3051835,0.00000190,6.00000000,1
1531220748562,1531220748558,3051836,0.00000191,2617.00000000,0
1531220784517,1531220784512,3051837,0.00000190,200.00000000,1
1531220790572,1531220790568,3051838,0.00000190,3.00000000,1
1531220806268,1531220806263,3051839,0.00000190,181099.00000000,1
1531220812388,1531220812382,3051840,0.00000191,1794.00000000,0
1531220828969,1531220828963,3051841,0.00000190,66.00000000,1
1531220831160,1531220831156,3051842,0.00000191,7584.00000000,0
1531220831168,1531220831162,3051843,0.00000191,2629.00000000,0
1531220831184,1531220831180,3051844,0.00000191,7546.00000000,0
1531220831201,1531220831196,3051845,0.00000191,7548.00000000,0
1531220834209,1531220834206,3051846,0.00000191,1815.00000000,0
1531220854130,1531220854124,3051847,0.00000191,1840.00000000,0
1531220873187,1531220873182,3051848,0.00000191,1861.00000000,0
1531220893991,1531220893986,3051849,0.00000190,79.00000000,1
1531220895592,1531220895588,3051850,0.00000191,1883.00000000,0
1531220903184,1531220903179,3051851,0.00000191,6492.00000000,0
1531220908993,1531220908987,3051852,0.00000191,1498.00000000,0
1531220917104,1531220917100,3051853,0.00000191,1905.00000000,0
1531220981339,1531220981333,3051854,0.00000191,50000.00000000,0
1531221070507,1531221070503,3051855,0.00000190,57850.00000000,1
1531221115520,1531221115515,3051856,0.00000190,200000.00000000,1
1531221126242,1531221126237,3051857,0.00000191,1579.00000000,0
1531221135215,1531221135209,3051858,0.00000191,332009.00000000,0
1531221139846,1531221139842,3051859,0.00000190,110915.00000000,1
1531221179175,1531221179170,3051860,0.00000191,2657.00000000,0
1531221217183,1531221217178,3051861,0.00000191,36650.00000000,0
1531221228622,1531221228618,3051862,0.00000191,2109.00000000,0
1531221236818,1531221236813,3051863,0.00000190,137.00000000,1
1531221262369,1531221262365,3051864,0.00000190,2551.00000000,1
1531221277000,1531221276995,3051865,0.00000191,263083.00000000,0
1531221349017,1531221349012,3051866,0.00000191,1620.00000000,0
1531221433115,1531221433110,3051867,0.00000191,1400.00000000,0
1531221463931,1531221463926,3051868,0.00000191,5235.00000000,0
1531221498717,1531221498712,3051869,0.00000191,112518.00000000,0
1531221506045,1531221506041,3051870,0.00000191,135371.00000000,0
1531221541909,1531221541904,3051871,0.00000191,1148.00000000,1
1531221555901,1531221555897,3051872,0.00000192,1000.00000000,0
1531221568819,1531221568815,3051873,0.00000191,588.00000000,1
1531221617997,1531221617992,3051874,0.00000191,2969.00000000,1
1531221618558,1531221618551,3051875,0.00000191,85.00000000,1
1531221653990,1531221653985,3051876,0.00000191,65962.00000000,1
1531221674122,1531221674116,3051877,0.00000191,157068.00000000,1
1531221675267,1531221675263,3051878,0.00000191,3.00000000,1
1531221692842,1531221692838,3051879,0.00000191,1504.00000000,1
1531221704391,1531221704382,3051880,0.00000191,23.00000000,1
1531221732059,1531221732055,3051881,0.00000191,13471.00000000,1
1531221795382,1531221795377,3051882,0.00000191,686.00000000,1
1531221814887,1531221814882,3051883,0.00000191,3810.00000000,1
1531221827897,1531221827892,3051884,0.00000191,6274.00000000,1
1531221850377,1531221850373,3051885,0.00000191,15.00000000,1
1531221920949,1531221920945,3051886,0.00000191,6402.00000000,0
1531222038197,1531222038192,3051887,0.00000190,43.00000000,1
1531222057478,1531222057475,3051888,0.00000190,7567.00000000,1
1531222069380,1531222069376,3051889,0.00000191,59718.00000000,0
1531222124992,1531222124988,3051890,0.00000190,4725.00000000,1
1531222146509,1531222146505,3051891,0.00000191,1.00000000,0
1531222156002,1531222155998,3051892,0.00000191,20216.00000000,0
1531222196396,1531222196393,3051893,0.00000191,8235.00000000,0
1531222255806,1531222255802,3051894,0.00000191,590.00000000,0
1531222354278,1531222354272,3051895,0.00000190,331677.00000000,1
1531222354989,1531222354985,3051896,0.00000191,15522.00000000,0
1531222383473,1531222383469,3051897,0.00000190,4919.00000000,1
1531222401917,1531222401912,3051898,0.00000191,4.00000000,0
1531222421197,1531222421191,3051899,0.00000191,1.00000000,0
1531222439555,1531222439551,3051900,0.00000191,52356.00000000,0
1531222483928,1531222483923,3051901,0.00000190,6160.00000000,1
1531222487660,1531222487656,3051902,0.00000190,20000.00000000,1
1531222531042,1531222531038,3051903,0.00000190,10000.00000000,1
1531222544717,1531222544714,3051904,0.00000190,41.00000000,1
1531222562332,1531222562329,3051905,0.00000190,41584.00000000,1
1531222592005,1531222592001,3051906,0.00000190,105255.00000000,1
1531222598327,1531222598323,3051907,0.00000190,3732.00000000,1
1531222607886,1531222607882,3051908,0.00000190,104974.00000000,1
1531222622872,1531222622866,3051909,0.00000190,89356.00000000,1
1531222628145,1531222628140,3051910,0.00000190,2000.00000000,1
1531222649602,1531222649598,3051911,0.00000190,160293.00000000,1
1531222655661,1531222655657,3051912,0.00000190,95256.00000000,1
1531222661557,1531222661552,3051913,0.00000190,4209.00000000,0
1531222661635,1531222661631,3051914,0.00000190,6136.00000000,0
1531222669654,1531222669649,3051915,0.00000190,51801.00000000,0
1531222683225,1531222683221,3051916,0.00000190,14300.00000000,1
1531222689530,1531222689516,3051917,0.00000190,8089.00000000,1
1531222689530,1531222689516,3051918,0.00000189,182377.00000000,1
1531222689530,1531222689516,3051919,0.00000188,594778.00000000,1
1531222689589,1531222689586,3051920,0.00000190,1232.00000000,0
1531222689803,1531222689800,3051921,0.00000189,18664.00000000,1
1531222689819,1531222689815,3051922,0.00000189,167506.00000000,0
1531222689819,1531222689815,3051923,0.00000190,1237.00000000,0
1531222689894,1531222689891,3051924,0.00000189,15226.00000000,1
1531222689988,1531222689984,3051925,0.00000189,697.00000000,1
1531222690012,1531222690009,3051926,0.00000189,3337.00000000,1
1531222690074,1531222690069,3051927,0.00000189,559.00000000,1
1531222690251,1531222690247,3051928,0.00000190,3552.00000000,0
1531222690605,1531222690601,3051929,0.00000189,2648.00000000,1
1531222690618,1531222690614,3051930,0.00000189,9005.00000000,1
1531222691151,1531222691146,3051931,0.00000189,1481.00000000,1
1531222691161,1531222691156,3051932,0.00000189,25013.00000000,0
1531222691931,1531222691927,3051933,0.00000189,6441.00000000,0
1531222691940,1531222691936,3051934,0.00000189,636.00000000,0
1531222692965,1531222692961,3051935,0.00000188,636.00000000,1
1531222693413,1531222693410,3051936,0.00000189,15873.00000000,0
1531222693417,1531222693414,3051937,0.00000189,23708.00000000,0
1531222693512,1531222693509,3051938,0.00000189,7727.00000000,0
1531222693789,1531222693786,3051939,0.00000189,23621.00000000,0
1531222695562,1531222695558,3051940,0.00000189,738.00000000,0
1531222697363,1531222697358,3051941,0.00000188,6249.00000000,1
1531222697505,1531222697501,3051942,0.00000189,2801.00000000,0
1531222700517,1531222700513,3051943,0.00000189,3052.00000000,1
1531222702280,1531222702277,3051944,0.00000190,5343.00000000,0
1531222705193,1531222705190,3051945,0.00000190,13.00000000,0
1531222705206,1531222705203,3051946,0.00000189,562.00000000,1
1531222719375,1531222719371,3051947,0.00000188,4158.00000000,1
1531222723415,1531222723413,3051948,0.00000189,3196.00000000,0
1531222743007,1531222743003,3051949,0.00000188,4030.00000000,1
1531222744119,1531222744116,3051950,0.00000188,1969.00000000,1
1531222744833,1531222744828,3051951,0.00000188,145965.00000000,1
1531222749541,1531222749536,3051952,0.00000188,33573.00000000,1
1531222750938,1531222750934,3051953,0.00000187,635.00000000,1
1531222754291,1531222754287,3051954,0.00000187,74.00000000,1
1531222755981,1531222755977,3051955,0.00000188,5291.00000000,0
1531222775712,1531222775707,3051956,0.00000188,638.00000000,0
1531222789691,1531222789687,3051957,0.00000188,13319.00000000,0
1531222789758,1531222789754,3051958,0.00000188,7211.00000000,1
1531222790289,1531222790285,3051959,0.00000188,3009.00000000,1
1531222790760,1531222790757,3051960,0.00000188,5709.00000000,1
1531222796668,1531222796664,3051961,0.00000188,162.00000000,0
1531222798349,1531222798344,3051962,0.00000187,13437.00000000,1
1531222816168,1531222816164,3051963,0.00000187,7500.00000000,1
1531222820716,1531222820713,3051964,0.00000188,1175.00000000,0
1531222834261,1531222834257,3051965,0.00000188,471.00000000,0
1531222834294,1531222834291,3051966,0.00000188,1519.00000000,1
1531222836527,1531222836524,3051967,0.00000187,5062.00000000,1
1531222859997,1531222859994,3051968,0.00000187,12692.00000000,1
1531222866642,1531222866638,3051969,0.00000188,1519.00000000,0
1531222866764,1531222866761,3051970,0.00000187,243169.00000000,1
1531222870365,1531222870360,3051971,0.00000189,2052.00000000,0
1531222872024,1531222872020,3051972,0.00000188,555.00000000,1
1531222872746,1531222872724,3051973,0.00000188,244.00000000,0
1531222872789,1531222872786,3051974,0.00000188,239.00000000,0
1531222872966,1531222872961,3051975,0.00000188,166.00000000,0
1531222873058,1531222873054,3051976,0.00000188,312.00000000,0
1531222873100,1531222873098,3051977,0.00000188,360.00000000,0
1531222873162,1531222873159,3051978,0.00000188,179.00000000,0
1531222873417,1531222873414,3051979,0.00000188,273.00000000,0
1531222873440,1531222873436,3051980,0.00000188,315.00000000,0
1531222873472,1531222873467,3051981,0.00000188,591.00000000,0
1531222873541,1531222873536,3051982,0.00000188,588.00000000,0
1531222873548,1531222873544,3051983,0.00000188,111.00000000,0
1531222873758,1531222873753,3051984,0.00000188,112.00000000,0
1531222873770,1531222873769,3051985,0.00000188,111.00000000,0
1531222873914,1531222873911,3051986,0.00000188,299.00000000,0
1531222874020,1531222874017,3051987,0.00000188,328.00000000,0
1531222874121,1531222874117,3051988,0.00000188,138.00000000,0
1531222874188,1531222874183,3051989,0.00000188,323.00000000,0
1531222874388,1531222874384,3051990,0.00000188,160.00000000,0
1531222874800,1531222874796,3051991,0.00000188,203.00000000,0
1531222874949,1531222874945,3051992,0.00000188,449.00000000,0
1531222875071,1531222875068,3051993,0.00000188,588.00000000,0
1531222875172,1531222875167,3051994,0.00000188,410.00000000,0
1531222875257,1531222875254,3051995,0.00000188,203.00000000,0
1531222875566,1531222875563,3051996,0.00000188,176.00000000,0
1531222875707,1531222875704,3051997,0.00000188,246.00000000,0
1531222875743,1531222875739,3051998,0.00000188,138.00000000,0
1531222876012,1531222876009,3051999,0.00000188,233.00000000,0
1531222876040,1531222876037,3052000,0.00000188,140.00000000,0
1531222876113,1531222876108,3052001,0.00000188,158.00000000,0
1531222876171,1531222876168,3052002,0.00000188,176.00000000,0
1531222876500,1531222876494,3052003,0.00000188,876.00000000,0
1531222876607,1531222876604,3052004,0.00000188,195.00000000,0
1531222876663,1531222876660,3052005,0.00000188,396.00000000,0
1531222876772,1531222876769,3052006,0.00000188,290.00000000,0
1531222876940,1531222876936,3052007,0.00000188,123.00000000,0
1531222876997,1531222876994,3052008,0.00000188,1121.00000000,0
1531222877309,1531222877306,3052009,0.00000188,245.00000000,0
1531222877404,1531222877399,3052010,0.00000188,314.00000000,0
1531222877457,1531222877453,3052011,0.00000188,142.00000000,0
1531222877519,1531222877515,3052012,0.00000188,135.00000000,0
1531222877538,1531222877534,3052013,0.00000188,115.00000000,0
1531222877603,1531222877600,3052014,0.00000188,154.00000000,0
1531222877698,1531222877693,3052015,0.00000188,147.00000000,0
1531222877780,1531222877776,3052016,0.00000188,496.00000000,0
1531222877915,1531222877910,3052017,0.00000188,275.00000000,0
1531222877968,1531222877965,3052018,0.00000188,157.00000000,0
1531222878115,1531222878111,3052019,0.00000188,111.00000000,0
1531222878224,1531222878221,3052020,0.00000188,185.00000000,0
1531222878401,1531222878398,3052021,0.00000188,325.00000000,0
1531222878443,1531222878440,3052022,0.00000188,394.00000000,0
1531222878479,1531222878476,3052023,0.00000188,170.00000000,0
1531222878835,1531222878831,3052024,0.00000188,503.00000000,0
1531222878909,1531222878904,3052025,0.00000188,123.00000000,0
1531222879592,1531222879588,3052026,0.00000188,129.00000000,0
1531222879757,1531222879753,3052027,0.00000188,520.00000000,0
1531222879870,1531222879867,3052028,0.00000188,860.00000000,0
1531222880057,1531222880053,3052029,0.00000188,590.00000000,0
1531222880095,1531222880091,3052030,0.00000188,486.00000000,0
1531222880135,1531222880132,3052031,0.00000188,273.00000000,0
1531222880169,1531222880165,3052032,0.00000188,3030.00000000,0
1531222880232,1531222880230,3052033,0.00000188,325.00000000,0
1531222880585,1531222880582,3052034,0.00000188,205.00000000,0
1531222880666,1531222880663,3052035,0.00000188,351.00000000,0
1531222880717,1531222880713,3052036,0.00000188,110.00000000,0
1531222880731,1531222880727,3052037,0.00000188,829.00000000,0
1531222880801,1531222880797,3052038,0.00000188,781.00000000,0
1531222880896,1531222880894,3052039,0.00000188,169.00000000,0
1531222880952,1531222880948,3052040,0.00000188,309.00000000,0
1531222881212,1531222881209,3052041,0.00000188,202.00000000,0
1531222881306,1531222881303,3052042,0.00000188,296.00000000,0
1531222881389,1531222881385,3052043,0.00000188,135.00000000,0
1531222881446,1531222881443,3052044,0.00000188,363.00000000,0
1531222881492,1531222881489,3052045,0.00000188,180.00000000,0
1531222881615,1531222881610,3052046,0.00000188,155.00000000,0
1531222882214,1531222882212,3052047,0.00000188,146.00000000,0
1531222882252,1531222882250,3052048,0.00000188,187.00000000,0
1531222882310,1531222882306,3052049,0.00000188,173.00000000,0
1531222882408,1531222882405,3052050,0.00000188,711.00000000,0
1531222882467,1531222882464,3052051,0.00000188,517.00000000,0
1531222882984,1531222882981,3052052,0.00000188,181.00000000,0
1531222883175,1531222883171,3052053,0.00000188,401.00000000,0
1531222883264,1531222883260,3052054,0.00000188,278.00000000,0
1531222883347,1531222883344,3052055,0.00000188,177.00000000,0
1531222883426,1531222883423,3052056,0.00000188,171.00000000,0
1531222883475,1531222883472,3052057,0.00000188,495.00000000,0
1531222883591,1531222883588,3052058,0.00000188,342.00000000,0
1531222883684,1531222883683,3052059,0.00000188,1607.00000000,0
1531222884053,1531222884049,3052060,0.00000188,299.00000000,0
1531222884156,1531222884153,3052061,0.00000188,136.00000000,0
1531222884220,1531222884216,3052062,0.00000188,249.00000000,0
1531222884483,1531222884480,3052063,0.00000188,252.00000000,0
1531222884561,1531222884559,3052064,0.00000188,136.00000000,0
1531222885003,1531222884999,3052065,0.00000188,187.00000000,0
1531222885040,1531222885037,3052066,0.00000188,169.00000000,0
1531222885072,1531222885069,3052067,0.00000188,315.00000000,0
1531222885193,1531222885188,3052068,0.00000188,173.00000000,0
1531222885265,1531222885262,3052069,0.00000188,140.00000000,0
1531222885309,1531222885306,3052070,0.00000188,349.00000000,0
1531222885317,1531222885314,3052071,0.00000188,119.00000000,0
1531222885436,1531222885432,3052072,0.00000188,355.00000000,0
1531222885845,1531222885842,3052073,0.00000188,120.00000000,0
1531222886070,1531222886067,3052074,0.00000188,158.00000000,0
1531222886185,1531222886181,3052075,0.00000188,136.00000000,0
1531222886411,1531222886408,3052076,0.00000188,248.00000000,0
1531222886522,1531222886518,3052077,0.00000188,937.00000000,0
1531222886533,1531222886532,3052078,0.00000188,163.00000000,0
1531222886660,1531222886657,3052079,0.00000188,298.00000000,0
1531222891896,1531222891893,3052080,0.00000187,5251.00000000,1
1531222894209,1531222894205,3052081,0.00000187,100423.00000000,1
1531222899798,1531222899794,3052082,0.00000187,2338.00000000,1
1531222900013,1531222900010,3052083,0.00000187,14544.00000000,1
1531222916174,1531222916170,3052084,0.00000188,555.00000000,0
1531222939585,1531222939581,3052085,0.00000188,17.00000000,0
1531222941851,1531222941846,3052086,0.00000188,44041.00000000,0
1531222941875,1531222941872,3052087,0.00000188,116661.00000000,1
1531222941932,1531222941928,3052088,0.00000188,1266.00000000,1
1531222941977,1531222941974,3052089,0.00000189,66.00000000,0
1531222944297,1531222944293,3052090,0.00000188,2843.00000000,1
1531222944777,1531222944773,3052091,0.00000188,1519.00000000,1
1531222945851,1531222945846,3052092,0.00000188,11120.00000000,1
1531222947375,1531222947371,3052093,0.00000189,3232.00000000,0
1531222951671,1531222951666,3052094,0.00000188,6274.00000000,1
1531222951838,1531222951835,3052095,0.00000188,6672.00000000,1
1531222953530,1531222953525,3052096,0.00000188,6672.00000000,1
1531222959619,1531222959616,3052097,0.00000188,2413.00000000,1
1531222965080,1531222965076,3052098,0.00000188,13843.00000000,1
1531222973659,1531222973655,3052099,0.00000188,1041.00000000,1
1531222982138,1531222982134,3052100,0.00000188,3478.00000000,1
1531222987968,1531222987964,3052101,0.00000188,138944.00000000,1
1531222991050,1531222991047,3052102,0.00000188,24237.00000000,1
1531223001622,1531223001618,3052103,0.00000188,89120.00000000,1
1531223019266,1531223019262,3052104,0.00000188,3130.00000000,0
1531223019275,1531223019271,3052105,0.00000188,3139.00000000,0
1531223040294,1531223040291,3052106,0.00000188,182185.00000000,0
1531223056694,1531223056691,3052107,0.00000187,1621.00000000,1
1531223062056,1531223062053,3052108,0.00000188,79938.00000000,0
1531223065435,1531223065430,3052109,0.00000188,53191.00000000,1
1531223067472,1531223067468,3052110,0.00000188,4506.00000000,1
1531223084637,1531223084633,3052111,0.00000188,3192.00000000,1
1531223092285,1531223092281,3052112,0.00000189,5291.00000000,0
1531223098658,1531223098655,3052113,0.00000188,56956.00000000,1
1531223098797,1531223098794,3052114,0.00000188,37207.00000000,1
1531223115418,1531223115414,3052115,0.00000189,220.00000000,0
1531223135213,1531223135209,3052116,0.00000188,3399.00000000,1
1531223142392,1531223142389,3052117,0.00000188,11834.00000000,1
1531223148863,1531223148859,3052118,0.00000189,2645.00000000,0
1531223150857,1531223150853,3052119,0.00000189,10000.00000000,0
1531223180804,1531223180797,3052120,0.00000188,4024.00000000,1
1531223180805,1531223180802,3052121,0.00000188,4024.00000000,1
1531223198580,1531223198575,3052122,0.00000188,1916.00000000,1
1531223243386,1531223243382,3052123,0.00000188,68935.00000000,0
1531223276116,1531223276112,3052124,0.00000189,65.00000000,0
1531223281444,1531223281439,3052125,0.00000189,7237.00000000,0
1531223298262,1531223298258,3052126,0.00000189,62382.00000000,0
1531223305820,1531223305690,3052127,0.00000189,2.00000000,1
1531223306966,1531223306963,3052128,0.00000189,2897.00000000,1
1531223306972,1531223306969,3052129,0.00000189,2898.00000000,1
1531223352785,1531223352782,3052130,0.00000190,40.00000000,0
1531223361154,1531223361149,3052131,0.00000190,83898.00000000,0
1531223367788,1531223367784,3052132,0.00000190,796.00000000,0
1531223372498,1531223372493,3052133,0.00000190,8485.00000000,1
1531223390894,1531223390890,3052134,0.00000189,14821.00000000,1
1531223397205,1531223397201,3052135,0.00000189,9516.00000000,1
1531223414752,1531223414748,3052136,0.00000189,954.00000000,1
1531223416938,1531223416935,3052137,0.00000189,3355.00000000,1
1531223490059,1531223490055,3052138,0.00000189,49950.00000000,1
1531223490840,1531223490837,3052139,0.00000189,29.00000000,1
1531223526503,1531223526499,3052140,0.00000190,1000.00000000,0
1531223536393,1531223536389,3052141,0.00000190,4000.00000000,0
1531223536415,1531223536411,3052142,0.00000190,9696.00000000,1
1531223539263,1531223539259,3052143,0.00000190,5168.00000000,1
1531223540068,1531223540065,3052144,0.00000190,3.00000000,1
1531223541730,1531223541727,3052145,0.00000190,2256.00000000,1
1531223554627,1531223554627,3052146,0.00000190,2496.00000000,1
1531223554629,1531223554627,3052147,0.00000190,2496.00000000,1
1531223565947,1531223565944,3052148,0.00000191,2200.00000000,0
1531223574303,1531223574298,3052149,0.00000190,275.00000000,1
1531223574763,1531223574760,3052150,0.00000190,173.00000000,1
1531223575053,1531223575052,3052151,0.00000190,6066.00000000,1
1531223575467,1531223575463,3052152,0.00000190,176.00000000,1
1531223576169,1531223576164,3052153,0.00000190,155.00000000,1
1531223576782,1531223576779,3052154,0.00000190,154.00000000,1
1531223577242,1531223577227,3052155,0.00000190,449.00000000,1
1531223577849,1531223577845,3052156,0.00000190,180.00000000,1
1531223578634,1531223578634,3052157,0.00000190,299.00000000,1
1531223579356,1531223579352,3052158,0.00000189,394.00000000,1
1531223579845,1531223579842,3052159,0.00000189,135.00000000,1
1531223580493,1531223580490,3052160,0.00000189,860.00000000,1
1531223581146,1531223581142,3052161,0.00000189,396.00000000,1
1531223581394,1531223581393,3052162,0.00000189,3030.00000000,1
1531223581885,1531223581882,3052163,0.00000190,244.00000000,1
1531223581958,1531223581954,3052164,0.00000190,22170.00000000,1
1531223582630,1531223582625,3052165,0.00000189,203.00000000,1
1531223583468,1531223583464,3052166,0.00000189,158.00000000,1
1531223584052,1531223584051,3052167,0.00000189,360.00000000,1
1531223584698,1531223584693,3052168,0.00000189,239.00000000,1
1531223585724,1531223585700,3052169,0.00000189,325.00000000,1
1531223586556,1531223586552,3052170,0.00000189,140.00000000,1
1531223587108,1531223587105,3052171,0.00000189,337.00000000,1
1531223587850,1531223587847,3052172,0.00000189,158.00000000,1
1531223588494,1531223588489,3052173,0.00000189,325.00000000,1
1531223588922,1531223588918,3052174,0.00000189,363.00000000,1
1531223589483,1531223589479,3052175,0.00000189,169.00000000,1
1531223589908,1531223589905,3052176,0.00000189,179.00000000,1
1531223590613,1531223590610,3052177,0.00000189,171.00000000,1
1531223591289,1531223591286,3052178,0.00000189,135.00000000,1
1531223591911,1531223591908,3052179,0.00000189,163.00000000,1
1531223592568,1531223592563,3052180,0.00000189,142.00000000,1
1531223593325,1531223593324,3052181,0.00000189,136.00000000,1
1531223594513,1531223594510,3052182,0.00000189,278.00000000,1
1531223594817,1531223594814,3052183,0.00000189,169.00000000,1
1531223595496,1531223595493,3052184,0.00000189,160.00000000,1
1531223596132,1531223596130,3052185,0.00000189,176.00000000,1
1531223596989,1531223596985,3052186,0.00000189,157.00000000,1
1531223598346,1531223598342,3052187,0.00000189,591.00000000,1
1531223598877,1531223598873,3052188,0.00000189,187.00000000,1
1531223599453,1531223599450,3052189,0.00000189,199800.00000000,1
1531223599474,1531223599470,3052190,0.00000189,323.00000000,1
1531223600378,1531223600375,3052191,0.00000189,517.00000000,1
1531223603230,1531223603227,3052192,0.00000190,5414.00000000,0
1531223607458,1531223607455,3052193,0.00000189,4.00000000,1
1531223612131,1531223612128,3052194,0.00000190,6060.00000000,0
1531223625387,1531223625384,3052195,0.00000189,13393.00000000,1
1531223660422,1531223660419,3052196,0.00000189,12209.00000000,1
1531223683779,1531223683775,3052197,0.00000190,44503.00000000,0
1531223690019,1531223690014,3052198,0.00000190,928.00000000,0
1531223719920,1531223719916,3052199,0.00000190,17883.00000000,0
1531223720639,1531223720636,3052200,0.00000190,1978.00000000,0
1531223721565,1531223721561,3052201,0.00000190,20570.00000000,0
1531223770949,1531223770944,3052202,0.00000189,83.00000000,1
1531223780896,1531223780892,3052203,0.00000190,128715.00000000,0
1531223782476,1531223782471,3052204,0.00000189,2939.00000000,1
1531223784459,1531223784454,3052205,0.00000189,468781.00000000,1
1531223785840,1531223785836,3052206,0.00000188,28.00000000,1
1531223796031,1531223796027,3052207,0.00000189,4449.00000000,0
1531223796032,1531223796029,3052208,0.00000189,4465.00000000,0
1531223796044,1531223796041,3052209,0.00000189,3601.00000000,0
1531223796064,1531223796060,3052210,0.00000189,4449.00000000,0
1531223796074,1531223796070,3052211,0.00000189,4449.00000000,0
1531223796076,1531223796072,3052212,0.00000189,4185.00000000,0
1531223825723,1531223825720,3052213,0.00000189,582.00000000,0
1531223828090,1531223828087,3052214,0.00000189,19532.00000000,0
1531223850407,1531223850402,3052215,0.00000189,3836.00000000,0
1531223850411,1531223850408,3052216,0.00000189,3848.00000000,0
1531223890702,1531223890699,3052217,0.00000188,15507.00000000,1
1531223893913,1531223893910,3052218,0.00000189,4752.00000000,0
1531223918799,1531223918796,3052219,0.00000189,3514.00000000,0
1531223943338,1531223943331,3052220,0.00000188,335124.00000000,1
1531223943364,1531223943365,3052221,0.00000188,1277.00000000,0
1531223975543,1531223975539,3052222,0.00000188,34440.00000000,1
1531223975579,1531223975574,3052223,0.00000188,3540.00000000,0
1531223975580,1531223975576,3052224,0.00000188,3550.00000000,0
1531223982270,1531223982265,3052225,0.00000188,3358.00000000,0
1531223982319,1531223982316,3052226,0.00000188,1594.00000000,0
1531223982324,1531223982320,3052227,0.00000188,2638.00000000,0
1531223994073,1531223994070,3052228,0.00000189,5291.00000000,0
1531224026623,1531224026620,3052229,0.00000189,2000.00000000,0
1531224028830,1531224028826,3052230,0.00000189,5000.00000000,0
1531224034530,1531224034527,3052231,0.00000189,630.00000000,0
1531224034713,1531224034713,3052232,0.00000189,3132.00000000,0
1531224067927,1531224067925,3052233,0.00000189,10804.00000000,0
1531224102053,1531224102049,3052234,0.00000189,52910.00000000,0
1531224102584,1531224102581,3052235,0.00000189,45.00000000,0
1531224103556,1531224103557,3052236,0.00000189,563.00000000,0
1531224130145,1531224130143,3052237,0.00000189,14923.00000000,0
1531224142046,1531224142044,3052238,0.00000189,25920.00000000,0
1531224188338,1531224188335,3052239,0.00000189,3000.00000000,1
1531224217779,1531224217778,3052240,0.00000189,2668.00000000,1
1531224218774,1531224218774,3052241,0.00000189,2667.00000000,1
1531224349239,1531224349235,3052242,0.00000190,15622.00000000,0
1531224369573,1531224369570,3052243,0.00000189,195.00000000,1
1531224370554,1531224370551,3052244,0.00000189,273.00000000,1
1531224371694,1531224371690,3052245,0.00000189,233.00000000,1
1531224372479,1531224372475,3052246,0.00000189,503.00000000,1
1531224373477,1531224373474,3052247,0.00000189,202.00000000,1
1531224374823,1531224374818,3052248,0.00000189,136.00000000,1
1531224375961,1531224375958,3052249,0.00000189,296.00000000,1
1531224376560,1531224376558,3052250,0.00000189,315.00000000,1
1531224377471,1531224377468,3052251,0.00000189,298.00000000,1
1531224378492,1531224378488,3052252,0.00000189,401.00000000,1
1531224379619,1531224379616,3052253,0.00000189,246.00000000,1
1531224380408,1531224380403,3052254,0.00000189,520.00000000,1
1531224381564,1531224381559,3052255,0.00000189,173.00000000,1
1531224382375,1531224382372,3052256,0.00000189,342.00000000,1
1531224383332,1531224383327,3052257,0.00000189,299.00000000,1
1531224384272,1531224384269,3052258,0.00000189,146.00000000,1
1531224384595,1531224384592,3052259,0.00000189,621.00000000,1
1531224384895,1531224384897,3052260,0.00000189,136.00000000,1
1531224385879,1531224385875,3052261,0.00000189,129.00000000,1
1531224386783,1531224386780,3052262,0.00000189,290.00000000,1
1531224387472,1531224387467,3052263,0.00000189,410.00000000,1
1531224388271,1531224388268,3052264,0.00000189,315.00000000,1
1531224388811,1531224388809,3052265,0.00000190,1489.00000000,0
1531224389004,1531224389001,3052266,0.00000189,829.00000000,1
1531224389615,1531224389611,3052267,0.00000189,248.00000000,1
1531224390667,1531224390665,3052268,0.00000189,588.00000000,1
1531224391409,1531224391406,3052269,0.00000189,185.00000000,1
1531224392264,1531224392260,3052270,0.00000189,245.00000000,1
1531224393138,1531224393135,3052271,0.00000189,312.00000000,1
1531224393674,1531224393671,3052272,0.00000190,366.00000000,0
1531224393948,1531224393943,3052273,0.00000189,138.00000000,1
1531224394699,1531224394696,3052274,0.00000189,203.00000000,1
1531224395922,1531224395918,3052275,0.00000189,355.00000000,1
1531224396907,1531224396903,3052276,0.00000189,120.00000000,1
1531224397096,1531224397093,3052277,0.00000190,90.00000000,0
1531224398172,1531224398169,3052278,0.00000189,177.00000000,1
1531224399005,1531224399001,3052279,0.00000189,273.00000000,1
1531224399032,1531224399029,3052280,0.00000190,30.00000000,0
1531224399808,1531224399804,3052281,0.00000189,496.00000000,1
1531224400737,1531224400733,3052282,0.00000189,495.00000000,1
1531224401737,1531224401740,3052283,0.00000189,590.00000000,1
1531224402611,1531224402608,3052284,0.00000189,119.00000000,1
1531224403478,1531224403476,3052285,0.00000189,314.00000000,1
1531224404656,1531224404653,3052286,0.00000189,249.00000000,1
1531224406009,1531224406006,3052287,0.00000189,781.00000000,1
1531224451359,1531224451356,3052288,0.00000190,12.00000000,0
1531224470677,1531224470674,3052289,0.00000190,13352.00000000,0
1531224535168,1531224535163,3052290,0.00000190,19518.00000000,0
1531224552939,1531224552936,3052291,0.00000190,8000.00000000,0
1531224577553,1531224577550,3052292,0.00000190,1157.00000000,0
1531224579999,1531224579997,3052293,0.00000189,7000.00000000,1
1531224642452,1531224642449,3052294,0.00000190,2500.00000000,0
1531224650090,1531224650090,3052295,0.00000190,32947.00000000,0
1531224657517,1531224657512,3052296,0.00000189,230335.00000000,1
1531224666153,1531224666149,3052297,0.00000190,1052.00000000,0
1531224693449,1531224693444,3052298,0.00000190,93830.00000000,0
1531224693463,1531224693460,3052299,0.00000190,3910.00000000,1
1531224693464,1531224693460,3052300,0.00000190,17544.00000000,1
1531224693907,1531224693902,3052301,0.00000190,42610.00000000,1
1531224743141,1531224743139,3052302,0.00000190,2000.00000000,0
1531224766746,1531224766747,3052303,0.00000190,1112.00000000,0
1531224774865,1531224774862,3052304,0.00000190,1144.00000000,0
1531224779975,1531224779972,3052305,0.00000190,578.00000000,0
1531224794628,1531224794624,3052306,0.00000190,4254.00000000,0
1531224806393,1531224806393,3052307,0.00000190,2393.00000000,0
1531224809022,1531224809018,3052308,0.00000190,19914.00000000,1
1531224814289,1531224814286,3052309,0.00000191,1012.00000000,0
1531224816224,1531224816220,3052310,0.00000191,111.00000000,0
1531224817135,1531224817132,3052311,0.00000190,247.00000000,1
1531224817510,1531224817506,3052312,0.00000190,372.00000000,1
1531224817876,1531224817873,3052313,0.00000190,697.00000000,1
1531224818247,1531224818243,3052314,0.00000190,692.00000000,1
1531224818691,1531224818687,3052315,0.00000190,500.00000000,1
1531224819106,1531224819103,3052316,0.00000190,1409.00000000,1
1531224819411,1531224819408,3052317,0.00000190,244.00000000,1
1531224819916,1531224819912,3052318,0.00000190,274.00000000,1
1531224820432,1531224820428,3052319,0.00000190,1739.00000000,1
1531224820793,1531224820790,3052320,0.00000190,292.00000000,1
1531224821325,1531224821328,3052321,0.00000190,1168.00000000,1
1531224821836,1531224821831,3052322,0.00000190,360.00000000,1
1531224822207,1531224822204,3052323,0.00000190,964.00000000,1
1531224822649,1531224822646,3052324,0.00000190,229.00000000,1
1531224823025,1531224823021,3052325,0.00000190,406.00000000,1
1531224823328,1531224823325,3052326,0.00000190,279.00000000,1
1531224823668,1531224823664,3052327,0.00000190,330.00000000,1
1531224824340,1531224824336,3052328,0.00000190,614.00000000,1
1531224824602,1531224824598,3052329,0.00000190,777.00000000,1
1531224825068,1531224825064,3052330,0.00000190,245.00000000,1
1531224825452,1531224825452,3052331,0.00000190,222.00000000,1
1531224826295,1531224826291,3052332,0.00000190,1858.00000000,1
1531224826326,1531224826323,3052333,0.00000190,339.00000000,1
1531224827007,1531224827005,3052334,0.00000190,2223.00000000,1
1531224847612,1531224847609,3052335,0.00000190,38440.00000000,1
1531224847628,1531224847625,3052336,0.00000190,36734.00000000,0
1531224847645,1531224847642,3052337,0.00000190,30426.00000000,0
1531224850762,1531224850760,3052338,0.00000190,30426.00000000,1
1531224850965,1531224850961,3052339,0.00000190,2362.00000000,1
1531224850965,1531224850961,3052340,0.00000189,3946.00000000,1
1531224862301,1531224862298,3052341,0.00000190,6849.00000000,1
1531224874899,1531224874895,3052342,0.00000190,3240.00000000,0
1531224903252,1531224903248,3052343,0.00000190,2760.00000000,0
1531224904264,1531224904264,3052344,0.00000190,5661.00000000,1
1531224912162,1531224912159,3052345,0.00000190,845.00000000,1
1531224926927,1531224926925,3052346,0.00000190,22781.00000000,1
1531224931458,1531224931455,3052347,0.00000189,14637.00000000,1
1531224949186,1531224949183,3052348,0.00000190,753.00000000,0
1531224949948,1531224949945,3052349,0.00000190,747.00000000,1
1531224949948,1531224949945,3052350,0.00000189,1.00000000,1
1531224963729,1531224963725,3052351,0.00000189,125125.00000000,1
1531224974387,1531224974382,3052352,0.00000189,23.00000000,1
1531224983015,1531224983010,3052353,0.00000189,81648.00000000,1
1531225081565,1531225081560,3052354,0.00000190,1038.00000000,0
1531225122156,1531225122157,3052355,0.00000189,47467.00000000,1
1531225167863,1531225167858,3052356,0.00000190,13000.00000000,0
1531225246066,1531225246068,3052357,0.00000189,6149.00000000,1
1531225335212,1531225335210,3052358,0.00000190,97.00000000,0
1531225372919,1531225372912,3052359,0.00000190,35739.00000000,0
1531225372919,1531225372912,3052360,0.00000191,123063.00000000,0
1531225387692,1531225387689,3052361,0.00000191,288.00000000,0
1531225429192,1531225429188,3052362,0.00000191,110201.00000000,0
1531225429206,1531225429203,3052363,0.00000191,17368.00000000,1
1531225429211,1531225429207,3052364,0.00000190,17368.00000000,1
1531225431277,1531225431274,3052365,0.00000190,2977.00000000,1
1531225469073,1531225469069,3052366,0.00000191,1217.00000000,0
1531225469100,1531225469097,3052367,0.00000191,5066.00000000,1
1531225469122,1531225469119,3052368,0.00000191,1395.00000000,1
1531225470200,1531225470196,3052369,0.00000191,15839.00000000,1
1531225474056,1531225474052,3052370,0.00000191,11297.00000000,1
1531225489317,1531225489313,3052371,0.00000192,4300.00000000,0
1531225489733,1531225489729,3052372,0.00000192,323.00000000,0
1531225507371,1531225507368,3052373,0.00000191,2645.00000000,1
1531225512995,1531225512992,3052374,0.00000191,951.00000000,1
1531225526934,1531225526930,3052375,0.00000191,999.00000000,1
1531225531985,1531225531981,3052376,0.00000192,524.00000000,0
1531225552037,1531225552039,3052377,0.00000191,525.00000000,1
1531225579974,1531225579972,3052378,0.00000191,4140.00000000,1
1531225581789,1531225581787,3052379,0.00000191,1360.00000000,1
1531225584099,1531225584096,3052380,0.00000192,20000.00000000,0
1531225629943,1531225629941,3052381,0.00000191,28349.00000000,1
1531225635437,1531225635434,3052382,0.00000192,37665.00000000,0
1531225654145,1531225654141,3052383,0.00000191,44.00000000,1
1531225691419,1531225691416,3052384,0.00000191,25165.00000000,1
1531225692693,1531225692689,3052385,0.00000192,10000.00000000,0
1531225698426,1531225698420,3052386,0.00000192,236600.00000000,0
1531225720671,1531225720667,3052387,0.00000191,19108.00000000,1
