event_time,trade_time,trade_id,price,quantity,maker
1531210496330,1531210496325,2621377,0.00001551,4229.00000000,1
1531210496330,1531210496325,2621378,0.00001550,515.00000000,1
1531210496330,1531210496325,2621379,0.00001549,4422.00000000,1
1531210496348,1531210496342,2621380,0.00001549,744.00000000,0
1531210522752,1531210522751,2621381,0.00001549,120.00000000,0
1531210535614,1531210535611,2621382,0.00001549,632.00000000,0
1531210535642,1531210535638,2621383,0.00001549,1.00000000,0
1531210535921,1531210535917,2621384,0.00001549,271.00000000,0
1531210535988,1531210535984,2621385,0.00001549,432.00000000,0
1531210542553,1531210542550,2621386,0.00001549,1000.00000000,0
1531210542949,1531210542946,2621387,0.00001549,173.00000000,0
1531210543184,1531210543184,2621388,0.00001549,2228.00000000,0
1531210543188,1531210543185,2621389,0.00001549,2228.00000000,0
1531210545393,1531210545388,2621390,0.00001547,1.00000000,1
1531210564371,1531210564366,2621391,0.00001549,1996.00000000,0
1531210564830,1531210564824,2621392,0.00001549,711.00000000,0
1531210564850,1531210564846,2621393,0.00001549,331.00000000,0
1531210564918,1531210564913,2621394,0.00001549,1.00000000,0
1531210565721,1531210565716,2621395,0.00001551,432.00000000,0
1531210569344,1531210569339,2621396,0.00001551,82.00000000,0
1531210569344,1531210569339,2621397,0.00001556,1289.00000000,0
1531210569344,1531210569339,2621398,0.00001558,1129.00000000,0
1531210573637,1531210573632,2621399,0.00001551,449.00000000,1
1531210573637,1531210573632,2621400,0.00001550,515.00000000,1
1531210573637,1531210573632,2621401,0.00001549,322.00000000,1
1531210577101,1531210577096,2621402,0.00001549,70.00000000,0
1531210577143,1531210577138,2621403,0.00001549,1000.00000000,0
1531210577981,1531210577975,2621404,0.00001547,69.00000000,1
1531210579561,1531210579556,2621405,0.00001546,449.00000000,1
1531210581230,1531210581228,2621406,0.00001547,323.00000000,0
1531210581961,1531210581957,2621407,0.00001549,660.00000000,0
1531210581978,1531210581974,2621408,0.00001549,661.00000000,0
1531210581988,1531210581988,2621409,0.00001549,497.00000000,0
1531210586937,1531210586933,2621410,0.00001549,205.00000000,0
1531210592924,1531210592920,2621411,0.00001549,313.00000000,0
1531210592955,1531210592950,2621412,0.00001551,513.00000000,0
1531210593163,1531210593158,2621413,0.00001548,148.00000000,1
1531210596417,1531210596413,2621414,0.00001549,88.00000000,1
1531210699565,1531210699560,2621415,0.00001551,1.00000000,0
1531210707435,1531210707430,2621416,0.00001556,250.00000000,0
1531210816296,1531210816290,2621417,0.00001553,257.00000000,1
1531210822613,1531210822610,2621418,0.00001553,624.00000000,1
1531210853684,1531210853680,2621419,0.00001554,297.00000000,1
1531210885878,1531210885873,2621420,0.00001553,445.00000000,1
1531210892616,1531210892612,2621421,0.00001555,86.00000000,1
1531210928656,1531210928652,2621422,0.00001555,668.00000000,1
1531210988534,1531210988530,2621423,0.00001556,717.00000000,0
1531210988534,1531210988530,2621424,0.00001558,362.00000000,0
1531210988534,1531210988530,2621425,0.00001559,512.00000000,0
1531210988534,1531210988530,2621426,0.00001562,1900.00000000,0
1531211000860,1531211000854,2621427,0.00001556,516.00000000,1
1531211011653,1531211011647,2621428,0.00001556,399.00000000,1
1531211011681,1531211011677,2621429,0.00001554,145.00000000,1
1531211015229,1531211015229,2621430,0.00001555,672.00000000,1
1531211020795,1531211020790,2621431,0.00001555,678.00000000,1
1531211020802,1531211020799,2621432,0.00001555,550.00000000,1
1531211020802,1531211020799,2621433,0.00001554,128.00000000,1
1531211036584,1531211036579,2621434,0.00001561,49.00000000,0
1531211043463,1531211043459,2621435,0.00001561,1.00000000,0
1531211075941,1531211075937,2621436,0.00001556,629.00000000,1
1531211075941,1531211075937,2621437,0.00001555,2719.00000000,1
1531211079110,1531211079106,2621438,0.00001561,37.00000000,0
1531211132555,1531211132554,2621439,0.00001559,249.00000000,0
1531211137986,1531211137982,2621440,0.00001559,66.00000000,0
1531211137986,1531211137982,2621441,0.00001561,213.00000000,0
1531211146860,1531211146854,2621442,0.00001561,21.00000000,0
1531211199620,1531211199615,2621443,0.00001560,31.00000000,0
1531211202631,1531211202623,2621444,0.00001561,1.00000000,0
1531211213900,1531211213896,2621445,0.00001561,5363.00000000,0
1531211213900,1531211213896,2621446,0.00001562,20510.00000000,0
1531211265459,1531211265453,2621447,0.00001564,310.00000000,0
1531211265459,1531211265453,2621448,0.00001565,510.00000000,0
1531211265459,1531211265453,2621449,0.00001566,384.00000000,0
1531211265459,1531211265453,2621450,0.00001568,265.00000000,0
1531211265459,1531211265453,2621451,0.00001573,595.00000000,0
1531211269313,1531211269310,2621452,0.00001562,441.00000000,1
1531211269313,1531211269310,2621453,0.00001560,150.00000000,1
1531211271114,1531211271109,2621454,0.00001562,455.00000000,1
1531211290035,1531211290030,2621455,0.00001562,56.00000000,1
1531211376536,1531211376532,2621456,0.00001560,9289.00000000,0
1531211392007,1531211392003,2621457,0.00001558,310.00000000,1
1531211443637,1531211443633,2621458,0.00001562,382.00000000,0
1531211470405,1531211470400,2621459,0.00001562,10.00000000,0
1531211473154,1531211473149,2621460,0.00001562,511.00000000,0
1531211474590,1531211474583,2621461,0.00001562,356.00000000,0
1531211500009,1531211500004,2621462,0.00001565,139.00000000,0
1531211628596,1531211628592,2621463,0.00001559,567.00000000,1
1531211659883,1531211659879,2621464,0.00001559,533.00000000,1
1531211674571,1531211674567,2621465,0.00001564,28.00000000,0
1531211707642,1531211707637,2621466,0.00001561,460.00000000,1
1531211733905,1531211733900,2621467,0.00001561,2500.00000000,1
1531211738988,1531211738982,2621468,0.00001561,5.00000000,1
1531211744585,1531211744581,2621469,0.00001561,3.00000000,1
1531211747710,1531211747706,2621470,0.00001561,104.00000000,1
1531211748688,1531211748685,2621471,0.00001561,1779.00000000,1
1531211764549,1531211764544,2621472,0.00001565,6.00000000,0
1531211769041,1531211769036,2621473,0.00001561,505.00000000,1
1531211769069,1531211769065,2621474,0.00001561,103.00000000,1
1531211769089,1531211769084,2621475,0.00001561,68.00000000,1
1531211795109,1531211795104,2621476,0.00001561,452.00000000,1
1531211801316,1531211801313,2621477,0.00001565,130.00000000,0
1531211804048,1531211804042,2621478,0.00001561,468.00000000,1
1531211837862,1531211837857,2621479,0.00001567,413.00000000,0
1531211840176,1531211840171,2621480,0.00001567,85.00000000,0
1531211840176,1531211840171,2621481,0.00001568,4916.00000000,0
1531211844204,1531211844200,2621482,0.00001563,421.00000000,1
1531211861564,1531211861560,2621483,0.00001562,421.00000000,1
1531211872685,1531211872681,2621484,0.00001563,346.00000000,0
1531211878414,1531211878409,2621485,0.00001562,100.00000000,1
1531211882446,1531211882441,2621486,0.00001566,113.00000000,0
1531211943469,1531211943465,2621487,0.00001562,383.00000000,1
1531211968893,1531211968889,2621488,0.00001563,106.00000000,0
1531211968893,1531211968889,2621489,0.00001566,396.00000000,0
1531211968893,1531211968889,2621490,0.00001567,629.00000000,0
1531212011379,1531212011374,2621491,0.00001567,18.00000000,0
1531212012622,1531212012618,2621492,0.00001567,81.00000000,0
1531212012671,1531212012667,2621493,0.00001567,254.00000000,1
1531212012690,1531212012684,2621494,0.00001567,58.00000000,1
1531212013681,1531212013676,2621495,0.00001562,312.00000000,1
1531212042170,1531212042167,2621496,0.00001562,7105.00000000,1
1531212043201,1531212043199,2621497,0.00001567,312.00000000,0
1531212043201,1531212043199,2621498,0.00001568,3963.00000000,0
1531212043933,1531212043932,2621499,0.00001568,1424.00000000,0
1531212044948,1531212044943,2621500,0.00001568,666.00000000,0
1531212045127,1531212045123,2621501,0.00001568,760.00000000,0
1531212046081,1531212046076,2621502,0.00001571,187.00000000,1
1531212046093,1531212046088,2621503,0.00001571,413.00000000,1
1531212046093,1531212046088,2621504,0.00001564,45.00000000,1
1531212052798,1531212052795,2621505,0.00001568,444.00000000,1
1531212052798,1531212052795,2621506,0.00001567,390.00000000,1
1531212072598,1531212072595,2621507,0.00001571,699.00000000,1
1531212082306,1531212082300,2621508,0.00001571,804.00000000,1
1531212087148,1531212087143,2621509,0.00001573,353.00000000,0
1531212090322,1531212090316,2621510,0.00001571,35.00000000,1
1531212090702,1531212090698,2621511,0.00001571,15.00000000,1
1531212091168,1531212091164,2621512,0.00001571,14.00000000,1
1531212091812,1531212091807,2621513,0.00001571,17.00000000,1
1531212104961,1531212104956,2621514,0.00001573,91.00000000,0
1531212104961,1531212104956,2621515,0.00001574,67.00000000,0
1531212157884,1531212157880,2621516,0.00001574,342.00000000,0
1531212157888,1531212157883,2621517,0.00001575,998.00000000,0
1531212157888,1531212157883,2621518,0.00001576,2677.00000000,0
1531212159887,1531212159882,2621519,0.00001577,16.00000000,0
1531212162176,1531212162172,2621520,0.00001577,489.00000000,0
1531212163874,1531212163869,2621521,0.00001577,327.00000000,0
1531212163874,1531212163869,2621522,0.00001578,8395.00000000,0
1531212163874,1531212163869,2621523,0.00001579,10545.00000000,0
1531212168247,1531212168244,2621524,0.00001579,2895.00000000,0
1531212193984,1531212193980,2621525,0.00001579,64.00000000,0
1531212194358,1531212194353,2621526,0.00001579,320.00000000,0
1531212194388,1531212194383,2621527,0.00001579,128.00000000,0
1531212195549,1531212195543,2621528,0.00001579,545.00000000,0
1531212195549,1531212195543,2621529,0.00001580,606.00000000,0
1531212198810,1531212198806,2621530,0.00001578,476.00000000,1
1531212207320,1531212207315,2621531,0.00001580,7310.00000000,0
1531212207460,1531212207457,2621532,0.00001580,1243.00000000,0
1531212208943,1531212208940,2621533,0.00001579,413.00000000,0
1531212212642,1531212212639,2621534,0.00001576,105.00000000,1
1531212213418,1531212213413,2621535,0.00001576,1926.00000000,1
1531212213418,1531212213413,2621536,0.00001575,5375.00000000,1
1531212213418,1531212213413,2621537,0.00001574,984.00000000,1
1531212213418,1531212213413,2621538,0.00001573,64.00000000,1
1531212213418,1531212213413,2621539,0.00001572,11631.00000000,1
1531212215054,1531212215049,2621540,0.00001573,1370.00000000,1
1531212236187,1531212236181,2621541,0.00001577,1370.00000000,0
1531212236187,1531212236181,2621542,0.00001579,15123.00000000,0
1531212236216,1531212236211,2621543,0.00001579,1263.00000000,1
1531212236717,1531212236714,2621544,0.00001579,664.00000000,1
1531212238621,1531212238618,2621545,0.00001579,3848.00000000,1
1531212256425,1531212256421,2621546,0.00001577,250.00000000,1
1531212256425,1531212256421,2621547,0.00001573,577.00000000,1
1531212278153,1531212278148,2621548,0.00001579,6997.00000000,0
1531212282195,1531212282191,2621549,0.00001580,17854.00000000,0
1531212284466,1531212284461,2621550,0.00001580,747.00000000,0
1531212286506,1531212286502,2621551,0.00001580,235.00000000,0
1531212303085,1531212303080,2621552,0.00001580,29.00000000,0
1531212337089,1531212337084,2621553,0.00001579,231.00000000,0
1531212371963,1531212371960,2621554,0.00001579,504.00000000,0
1531212410547,1531212410543,2621555,0.00001575,386.00000000,1
1531212425989,1531212425984,2621556,0.00001579,89.00000000,0
1531212426225,1531212426220,2621557,0.00001575,106.00000000,1
1531212438412,1531212438407,2621558,0.00001575,523.00000000,1
1531212465711,1531212465709,2621559,0.00001575,444.00000000,0
1531212474105,1531212474100,2621560,0.00001573,6.00000000,1
1531212475753,1531212475748,2621561,0.00001573,2494.00000000,1
1531212476179,1531212476173,2621562,0.00001573,6.00000000,0
1531212476179,1531212476173,2621563,0.00001575,368.00000000,0
1531212528725,1531212528719,2621564,0.00001572,15142.00000000,1
1531212531034,1531212531031,2621565,0.00001574,590.00000000,0
1531212534664,1531212534659,2621566,0.00001574,80.00000000,0
1531212540411,1531212540408,2621567,0.00001571,1000.00000000,1
1531212545589,1531212545584,2621568,0.00001571,1000.00000000,1
1531212548079,1531212548074,2621569,0.00001574,657.00000000,0
1531212553474,1531212553471,2621570,0.00001571,2157.00000000,1
1531212557204,1531212557199,2621571,0.00001573,444.00000000,0
1531212557906,1531212557901,2621572,0.00001571,12340.00000000,1
1531212568999,1531212568995,2621573,0.00001571,1137.00000000,1
1531212569390,1531212569386,2621574,0.00001574,700.00000000,0
1531212571633,1531212571629,2621575,0.00001571,825.00000000,1
1531212583160,1531212583157,2621576,0.00001571,5814.00000000,1
1531212632205,1531212632201,2621577,0.00001574,1331.00000000,0
1531212652268,1531212652264,2621578,0.00001571,12851.00000000,1
1531212663008,1531212663002,2621579,0.00001573,1000.00000000,0
1531212663009,1531212663004,2621580,0.00001574,1500.00000000,0
1531212663165,1531212663161,2621581,0.00001575,785.00000000,0
1531212664039,1531212664035,2621582,0.00001575,1000.00000000,0
1531212672093,1531212672090,2621583,0.00001575,13840.00000000,0
1531212672860,1531212672857,2621584,0.00001571,205.00000000,1
1531212723501,1531212723497,2621585,0.00001576,506.00000000,0
1531212765437,1531212765432,2621586,0.00001579,173.00000000,0
1531212823543,1531212823539,2621587,0.00001579,380.00000000,0
1531212829751,1531212829748,2621588,0.00001579,5.00000000,0
1531212830456,1531212830452,2621589,0.00001574,507.00000000,1
1531212830456,1531212830452,2621590,0.00001571,1574.00000000,1
1531212832682,1531212832678,2621591,0.00001579,668.00000000,0
1531212832694,1531212832689,2621592,0.00001579,670.00000000,0
1531212840080,1531212840076,2621593,0.00001579,64.00000000,0
1531212844845,1531212844839,2621594,0.00001577,267.00000000,1
1531212847599,1531212847593,2621595,0.00001577,355.00000000,0
1531212861328,1531212861322,2621596,0.00001577,48.00000000,0
1531212891237,1531212891233,2621597,0.00001578,17.00000000,1
1531212891237,1531212891233,2621598,0.00001576,318.00000000,1
1531212891237,1531212891233,2621599,0.00001574,165.00000000,1
1531212948744,1531212948738,2621600,0.00001574,382.00000000,1
1531212953107,1531212953104,2621601,0.00001574,679.00000000,0
1531212953899,1531212953894,2621602,0.00001574,367.00000000,0
1531212953919,1531212953913,2621603,0.00001574,466.00000000,0
1531212978061,1531212978057,2621604,0.00001573,318.00000000,1
1531212982316,1531212982312,2621605,0.00001573,1068.00000000,0
1531212989378,1531212989375,2621606,0.00001573,178.00000000,0
1531212994650,1531212994644,2621607,0.00001572,916.00000000,1
1531212994650,1531212994644,2621608,0.00001571,611.00000000,1
1531212994650,1531212994644,2621609,0.00001570,827.00000000,1
1531212994650,1531212994644,2621610,0.00001568,671.00000000,1
1531212994650,1531212994644,2621611,0.00001567,154.00000000,1
1531212994650,1531212994644,2621612,0.00001566,320.00000000,1
1531212994650,1531212994644,2621613,0.00001565,192.00000000,1
1531212994650,1531212994644,2621614,0.00001564,466.00000000,1
1531213019432,1531213019428,2621615,0.00001572,107.00000000,0
1531213039250,1531213039244,2621616,0.00001572,5000.00000000,1
1531213040797,1531213040793,2621617,0.00001574,681.00000000,0
1531213040813,1531213040808,2621618,0.00001574,150.00000000,0
1531213040889,1531213040885,2621619,0.00001574,150.00000000,1
1531213044115,1531213044111,2621620,0.00001572,150.00000000,1
1531213044784,1531213044779,2621621,0.00001576,565.00000000,0
1531213057337,1531213057331,2621622,0.00001576,1280.00000000,0
1531213057337,1531213057331,2621623,0.00001578,222.00000000,0
1531213072226,1531213072223,2621624,0.00001579,3819.00000000,1
1531213073937,1531213073932,2621625,0.00001579,2958.00000000,1
1531213073967,1531213073963,2621626,0.00001579,499.00000000,1
1531213079208,1531213079204,2621627,0.00001579,2876.00000000,1
1531213083203,1531213083199,2621628,0.00001578,64.00000000,0
1531213089886,1531213089880,2621629,0.00001578,351.00000000,0
1531213090763,1531213090757,2621630,0.00001578,13625.00000000,0
1531213107003,1531213107000,2621631,0.00001578,393.00000000,1
1531213107701,1531213107695,2621632,0.00001578,2130.00000000,1
1531213142407,1531213142403,2621633,0.00001578,482.00000000,0
1531213142409,1531213142404,2621634,0.00001578,483.00000000,0
1531213142409,1531213142405,2621635,0.00001578,481.00000000,0
1531213142432,1531213142428,2621636,0.00001578,499.00000000,0
1531213170339,1531213170335,2621637,0.00001576,592.00000000,1
1531213182040,1531213182036,2621638,0.00001575,191.00000000,1
1531213182040,1531213182036,2621639,0.00001573,129.00000000,1
1531213182040,1531213182036,2621640,0.00001572,698.00000000,1
1531213182040,1531213182036,2621641,0.00001571,16000.00000000,1
1531213182040,1531213182036,2621642,0.00001570,5228.00000000,1
1531213218490,1531213218486,2621643,0.00001575,171.00000000,0
1531213241218,1531213241214,2621644,0.00001570,2429.00000000,1
1531213243163,1531213243157,2621645,0.00001570,3445.00000000,1
1531213247012,1531213247007,2621646,0.00001574,68.00000000,0
1531213249055,1531213249050,2621647,0.00001570,772.00000000,0
1531213249149,1531213249145,2621648,0.00001570,772.00000000,0
1531213268202,1531213268198,2621649,0.00001570,706.00000000,0
1531213269137,1531213269133,2621650,0.00001570,634.00000000,0
1531213269210,1531213269204,2621651,0.00001570,706.00000000,0
1531213276125,1531213276121,2621652,0.00001570,600.00000000,0
1531213285544,1531213285540,2621653,0.00001569,17.00000000,1
1531213291488,1531213291484,2621654,0.00001570,185.00000000,0
1531213291488,1531213291484,2621655,0.00001573,507.00000000,0
1531213291488,1531213291484,2621656,0.00001574,810.00000000,0
1531213324928,1531213324925,2621657,0.00001574,1423.00000000,0
1531213326762,1531213326754,2621658,0.00001571,689.00000000,1
1531213341063,1531213341059,2621659,0.00001574,1140.00000000,0
1531213342525,1531213342519,2621660,0.00001574,761.00000000,0
1531213342525,1531213342519,2621661,0.00001576,628.00000000,0
1531213342525,1531213342519,2621662,0.00001577,512.00000000,0
1531213347887,1531213347882,2621663,0.00001577,114.00000000,0
1531213353114,1531213353108,2621664,0.00001577,76.00000000,0
1531213381814,1531213381809,2621665,0.00001577,5.00000000,0
1531213386380,1531213386375,2621666,0.00001577,65.00000000,0
1531213392296,1531213392291,2621667,0.00001577,1584.00000000,0
1531213392296,1531213392291,2621668,0.00001578,1209.00000000,0
1531213392296,1531213392291,2621669,0.00001579,7871.00000000,0
1531213443010,1531213443006,2621670,0.00001579,5762.00000000,0
1531213451886,1531213451882,2621671,0.00001574,128.00000000,1
1531213451886,1531213451882,2621672,0.00001573,1503.00000000,1
1531213454085,1531213454080,2621673,0.00001573,138.00000000,1
1531213466075,1531213466072,2621674,0.00001573,364.00000000,1
1531213485475,1531213485470,2621675,0.00001579,968.00000000,0
1531213485475,1531213485470,2621676,0.00001580,969.00000000,0
1531213500641,1531213500638,2621677,0.00001580,1898.00000000,0
1531213503435,1531213503431,2621678,0.00001580,2301.00000000,0
1531213507613,1531213507608,2621679,0.00001580,16155.00000000,0
1531213508144,1531213508138,2621680,0.00001580,1050.00000000,0
1531213512018,1531213512014,2621681,0.00001580,970.00000000,0
1531213520996,1531213520992,2621682,0.00001580,3697.00000000,0
1531213527930,1531213527926,2621683,0.00001580,64.00000000,0
1531213538542,1531213538538,2621684,0.00001580,36679.00000000,0
1531213560969,1531213560964,2621685,0.00001580,11014.00000000,0
1531213574817,1531213574813,2621686,0.00001582,28.00000000,0
1531213574818,1531213574813,2621687,0.00001582,476.00000000,0
1531213574818,1531213574813,2621688,0.00001583,489.00000000,0
1531213574818,1531213574813,2621689,0.00001584,380.00000000,0
1531213574843,1531213574839,2621690,0.00001584,841.00000000,1
1531213575974,1531213575969,2621691,0.00001584,199.00000000,1
1531213579848,1531213579844,2621692,0.00001584,28.00000000,1
1531213579870,1531213579865,2621693,0.00001584,518.00000000,1
1531213581559,1531213581553,2621694,0.00001585,64.00000000,0
1531213587694,1531213587690,2621695,0.00001584,478.00000000,1
1531213587786,1531213587780,2621696,0.00001584,100.00000000,1
1531213588398,1531213588394,2621697,0.00001585,319.00000000,0
1531213602748,1531213602745,2621698,0.00001584,258.00000000,1
1531213605553,1531213605548,2621699,0.00001585,1275.00000000,0
1531213605553,1531213605548,2621700,0.00001586,1987.00000000,0
1531213605681,1531213605677,2621701,0.00001584,500.00000000,1
1531213605828,1531213605823,2621702,0.00001584,683.00000000,1
1531213605833,1531213605828,2621703,0.00001584,499.00000000,1
1531213606161,1531213606157,2621704,0.00001584,20.00000000,1
1531213608182,1531213608178,2621705,0.00001584,128.00000000,0
1531213618303,1531213618298,2621706,0.00001582,413.00000000,1
1531213619949,1531213619945,2621707,0.00001584,279.00000000,0
1531213645968,1531213645964,2621708,0.00001584,413.00000000,1
1531213655317,1531213655313,2621709,0.00001584,503.00000000,1
1531213671094,1531213671090,2621710,0.00001584,69.00000000,1
1531213671759,1531213671754,2621711,0.00001584,817.00000000,1
1531213674495,1531213674490,2621712,0.00001586,4770.00000000,0
1531213674495,1531213674490,2621713,0.00001587,7684.00000000,0
1531213674516,1531213674511,2621714,0.00001587,917.00000000,1
1531213684758,1531213684754,2621715,0.00001587,65.00000000,1
1531213689260,1531213689253,2621716,0.00001588,128.00000000,0
1531213689260,1531213689253,2621717,0.00001588,479.00000000,0
1531213689693,1531213689688,2621718,0.00001589,1631.00000000,1
1531213690112,1531213690106,2621719,0.00001587,86.00000000,1
1531213699897,1531213699892,2621720,0.00001587,38.00000000,0
1531213702748,1531213702744,2621721,0.00001590,1463.00000000,0
1531213702852,1531213702848,2621722,0.00001587,485.00000000,1
1531213704292,1531213704287,2621723,0.00001587,250.00000000,1
1531213705791,1531213705787,2621724,0.00001587,1784.00000000,1
1531213706469,1531213706466,2621725,0.00001587,8.00000000,1
1531213706685,1531213706681,2621726,0.00001588,630.00000000,1
1531213708353,1531213708347,2621727,0.00001587,253.00000000,1
1531213708774,1531213708769,2621728,0.00001587,458.00000000,1
1531213715404,1531213715400,2621729,0.00001589,762.00000000,1
1531213716464,1531213716460,2621730,0.00001589,11.00000000,1
1531213718041,1531213718036,2621731,0.00001589,832.00000000,1
1531213718414,1531213718411,2621732,0.00001589,11.00000000,1
1531213724782,1531213724776,2621733,0.00001589,532.00000000,1
1531213728362,1531213728359,2621734,0.00001591,343.00000000,0
1531213728772,1531213728766,2621735,0.00001592,38.00000000,0
1531213730192,1531213730188,2621736,0.00001590,484.00000000,1
1531213730284,1531213730279,2621737,0.00001590,62.00000000,1
1531213730284,1531213730279,2621738,0.00001587,136.00000000,1
1531213735277,1531213735272,2621739,0.00001592,1122.00000000,0
1531213735321,1531213735316,2621740,0.00001592,777.00000000,1
1531213749891,1531213749888,2621741,0.00001592,64.00000000,0
1531213750114,1531213750109,2621742,0.00001592,127.00000000,0
1531213750186,1531213750182,2621743,0.00001592,127.00000000,0
1531213769779,1531213769775,2621744,0.00001592,64.00000000,0
1531213770644,1531213770639,2621745,0.00001592,64.00000000,0
1531213773651,1531213773646,2621746,0.00001589,315.00000000,1
1531213773651,1531213773646,2621747,0.00001587,796.00000000,1
1531213781937,1531213781933,2621748,0.00001592,10981.00000000,0
1531213781965,1531213781960,2621749,0.00001592,942.00000000,1
1531213782535,1531213782531,2621750,0.00001592,205.00000000,1
1531213791295,1531213791291,2621751,0.00001592,767.00000000,1
1531213793441,1531213793434,2621752,0.00001593,14370.00000000,0
1531213793441,1531213793434,2621753,0.00001595,2487.00000000,0
1531213793441,1531213793434,2621754,0.00001597,3337.00000000,0
1531213793441,1531213793434,2621755,0.00001598,1307.00000000,0
1531213793441,1531213793434,2621756,0.00001599,257.00000000,0
1531213793441,1531213793434,2621757,0.00001600,1708.00000000,0
1531213793456,1531213793452,2621758,0.00001600,9213.00000000,1
1531213793476,1531213793473,2621759,0.00001600,122.00000000,1
1531213793504,1531213793499,2621760,0.00001600,81.00000000,1
1531213793533,1531213793528,2621761,0.00001600,700.00000000,1
1531213793551,1531213793546,2621762,0.00001600,700.00000000,1
1531213793569,1531213793566,2621763,0.00001600,709.00000000,1
1531213793835,1531213793830,2621764,0.00001600,4667.00000000,1
1531213793847,1531213793844,2621765,0.00001600,146.00000000,1
1531213794077,1531213794071,2621766,0.00001600,7040.00000000,1
1531213794085,1531213794082,2621767,0.00001600,8381.00000000,1
1531213794416,1531213794411,2621768,0.00001600,1380.00000000,1
1531213794576,1531213794571,2621769,0.00001600,920.00000000,1
1531213797743,1531213797737,2621770,0.00001592,66.00000000,1
1531213798551,1531213798547,2621771,0.00001591,5.00000000,1
1531213802496,1531213802492,2621772,0.00001595,223.00000000,1
1531213804352,1531213804348,2621773,0.00001600,80.00000000,0
1531213804352,1531213804348,2621774,0.00001601,792.00000000,0
1531213804352,1531213804348,2621775,0.00001602,204.00000000,0
1531213806581,1531213806576,2621776,0.00001596,4.00000000,1
1531213807893,1531213807887,2621777,0.00001595,91.00000000,1
1531213807893,1531213807887,2621778,0.00001587,32.00000000,1
1531213808017,1531213808014,2621779,0.00001587,4.00000000,1
1531213810817,1531213810812,2621780,0.00001602,316.00000000,0
1531213810830,1531213810825,2621781,0.00001602,190.00000000,0
1531213811448,1531213811445,2621782,0.00001602,64.00000000,0
1531213811576,1531213811572,2621783,0.00001602,64.00000000,0
1531213818159,1531213818155,2621784,0.00001596,63.00000000,1
1531213818168,1531213818163,2621785,0.00001602,2105.00000000,0
1531213818278,1531213818274,2621786,0.00001602,2152.00000000,0
1531213818377,1531213818374,2621787,0.00001602,56.00000000,1
1531213818871,1531213818866,2621788,0.00001602,318.00000000,1
1531213821810,1531213821804,2621789,0.00001602,625.00000000,1
1531213826274,1531213826268,2621790,0.00001604,128.00000000,0
1531213826274,1531213826268,2621791,0.00001605,1746.00000000,0
1531213827198,1531213827192,2621792,0.00001605,713.00000000,0
1531213827198,1531213827192,2621793,0.00001606,318.00000000,0
1531213827198,1531213827192,2621794,0.00001608,4506.00000000,0
1531213827394,1531213827389,2621795,0.00001608,1370.00000000,0
1531213827394,1531213827389,2621796,0.00001609,855.00000000,0
1531213828812,1531213828808,2621797,0.00001609,800.00000000,0
1531213829059,1531213829055,2621798,0.00001609,3592.00000000,0
1531213830916,1531213830911,2621799,0.00001603,66.00000000,1
1531213830936,1531213830932,2621800,0.00001604,63.00000000,0
1531213831088,1531213831084,2621801,0.00001604,63.00000000,0
1531213831437,1531213831432,2621802,0.00001604,1.00000000,0
1531213834720,1531213834716,2621803,0.00001605,11.00000000,1
1531213836929,1531213836925,2621804,0.00001605,105.00000000,1
1531213836972,1531213836967,2621805,0.00001605,11.00000000,1
1531213837906,1531213837901,2621806,0.00001609,2276.00000000,0
1531213839559,1531213839554,2621807,0.00001609,669.00000000,0
1531213839559,1531213839554,2621808,0.00001610,834.00000000,0
1531213839649,1531213839645,2621809,0.00001610,5831.00000000,0
1531213840268,1531213840262,2621810,0.00001605,250.00000000,1
1531213840268,1531213840262,2621811,0.00001603,302.00000000,1
1531213841493,1531213841487,2621812,0.00001610,7578.00000000,0
1531213842262,1531213842258,2621813,0.00001603,96.00000000,1
1531213842272,1531213842267,2621814,0.00001603,63.00000000,1
1531213844894,1531213844890,2621815,0.00001604,406.00000000,1
1531213844894,1531213844890,2621816,0.00001603,1186.00000000,1
1531213848138,1531213848131,2621817,0.00001604,624.00000000,1
1531213848138,1531213848131,2621818,0.00001603,485.00000000,1
1531213848138,1531213848131,2621819,0.00001602,176.00000000,1
1531213850231,1531213850226,2621820,0.00001608,406.00000000,0
1531213850231,1531213850226,2621821,0.00001611,671.00000000,0
1531213851677,1531213851672,2621822,0.00001611,352.00000000,0
1531213852253,1531213852249,2621823,0.00001609,127.00000000,1
1531213856565,1531213856560,2621824,0.00001609,620.00000000,1
1531213857303,1531213857298,2621825,0.00001609,89.00000000,1
1531213857781,1531213857776,2621826,0.00001609,107.00000000,1
1531213859189,1531213859187,2621827,0.00001605,1121.00000000,1
1531213860044,1531213860039,2621828,0.00001605,254.00000000,1
1531213865029,1531213865025,2621829,0.00001609,16.00000000,0
1531213865029,1531213865025,2621830,0.00001611,858.00000000,0
1531213866329,1531213866326,2621831,0.00001611,243.00000000,1
1531213869291,1531213869286,2621832,0.00001611,749.00000000,1
1531213869296,1531213869291,2621833,0.00001611,35.00000000,1
1531213871465,1531213871460,2621834,0.00001611,105.00000000,1
1531213873299,1531213873295,2621835,0.00001612,450.00000000,0
1531213873896,1531213873890,2621836,0.00001612,126.00000000,1
1531213875314,1531213875308,2621837,0.00001612,306.00000000,1
1531213876461,1531213876457,2621838,0.00001612,182.00000000,1
1531213877829,1531213877825,2621839,0.00001613,252.00000000,0
1531213879273,1531213879267,2621840,0.00001612,1438.00000000,1
1531213880242,1531213880239,2621841,0.00001612,248.00000000,1
1531213882222,1531213882219,2621842,0.00001612,1982.00000000,1
1531213884813,1531213884808,2621843,0.00001612,129.00000000,1
1531213886467,1531213886461,2621844,0.00001612,1574.00000000,1
1531213886671,1531213886664,2621845,0.00001614,377.00000000,0
1531213886671,1531213886664,2621846,0.00001615,949.00000000,0
1531213886671,1531213886664,2621847,0.00001616,672.00000000,0
1531213886671,1531213886664,2621848,0.00001618,2842.00000000,0
1531213887731,1531213887727,2621849,0.00001617,1011.00000000,0
1531213891549,1531213891546,2621850,0.00001612,252.00000000,1
1531213892778,1531213892775,2621851,0.00001617,63.00000000,0
1531213892901,1531213892896,2621852,0.00001612,197.00000000,1
1531213894847,1531213894844,2621853,0.00001612,231.00000000,1
1531213897173,1531213897167,2621854,0.00001612,315.00000000,1
1531213897262,1531213897256,2621855,0.00001612,131.00000000,1
1531213904338,1531213904334,2621856,0.00001617,724.00000000,0
1531213904593,1531213904587,2621857,0.00001612,405.00000000,1
1531213904623,1531213904619,2621858,0.00001612,110.00000000,1
1531213904969,1531213904966,2621859,0.00001612,1026.00000000,1
1531213909004,1531213909000,2621860,0.00001618,125.00000000,0
1531213910138,1531213910133,2621861,0.00001618,63.00000000,0
1531213910636,1531213910632,2621862,0.00001618,125.00000000,0
1531213911777,1531213911773,2621863,0.00001612,328.00000000,1
1531213911788,1531213911784,2621864,0.00001612,84.00000000,1
1531213912180,1531213912175,2621865,0.00001618,312.00000000,0
1531213912587,1531213912584,2621866,0.00001618,125.00000000,0
1531213912627,1531213912621,2621867,0.00001618,125.00000000,0
1531213913004,1531213912998,2621868,0.00001618,63.00000000,0
1531213914438,1531213914433,2621869,0.00001617,619.00000000,0
1531213916724,1531213916719,2621870,0.00001614,79.00000000,1
1531213916857,1531213916853,2621871,0.00001614,45.00000000,1
1531213916857,1531213916853,2621872,0.00001613,122.00000000,1
1531213917087,1531213917082,2621873,0.00001613,240.00000000,1
1531213921650,1531213921646,2621874,0.00001613,258.00000000,1
1531213921650,1531213921646,2621875,0.00001612,74.00000000,1
1531213923361,1531213923355,2621876,0.00001612,135.00000000,1
1531213930120,1531213930115,2621877,0.00001610,622.00000000,1
1531213930120,1531213930115,2621878,0.00001608,47.00000000,1
1531213934047,1531213934041,2621879,0.00001613,97.00000000,1
1531213945833,1531213945829,2621880,0.00001614,1592.00000000,1
1531213945833,1531213945829,2621881,0.00001613,1031.00000000,1
1531213955527,1531213955522,2621882,0.00001609,95.00000000,1
1531213967151,1531213967146,2621883,0.00001608,419.00000000,1
1531213972922,1531213972917,2621884,0.00001613,63.00000000,0
1531213975181,1531213975178,2621885,0.00001608,109.00000000,1
1531213975214,1531213975210,2621886,0.00001608,427.00000000,0
1531213975234,1531213975231,2621887,0.00001608,464.00000000,0
1531213983949,1531213983945,2621888,0.00001607,158.00000000,1
1531213998842,1531213998837,2621889,0.00001607,528.00000000,1
1531213999174,1531213999170,2621890,0.00001607,12922.00000000,0
1531214016674,1531214016669,2621891,0.00001609,1427.00000000,1
1531214021415,1531214021410,2621892,0.00001612,387.00000000,0
1531214048154,1531214048150,2621893,0.00001606,160.00000000,1
1531214053480,1531214053475,2621894,0.00001606,427.00000000,1
1531214053480,1531214053475,2621895,0.00001605,375.00000000,1
1531214053480,1531214053475,2621896,0.00001604,468.00000000,1
1531214053480,1531214053475,2621897,0.00001603,1594.00000000,1
1531214053480,1531214053475,2621898,0.00001602,3558.00000000,1
1531214055757,1531214055752,2621899,0.00001611,1427.00000000,0
1531214055757,1531214055752,2621900,0.00001612,12699.00000000,0
1531214056802,1531214056796,2621901,0.00001604,635.00000000,1
1531214057183,1531214057178,2621902,0.00001604,636.00000000,1
1531214057572,1531214057567,2621903,0.00001604,641.00000000,1
1531214059922,1531214059919,2621904,0.00001604,97.00000000,1
1531214062248,1531214062242,2621905,0.00001610,5756.00000000,0
1531214062248,1531214062242,2621906,0.00001612,15246.00000000,0
1531214072732,1531214072728,2621907,0.00001604,268.00000000,1
1531214073868,1531214073865,2621908,0.00001611,1216.00000000,0
1531214073975,1531214073971,2621909,0.00001611,126.00000000,0
1531214079137,1531214079134,2621910,0.00001610,112.00000000,0
1531214080316,1531214080310,2621911,0.00001610,823.00000000,0
1531214080316,1531214080310,2621912,0.00001611,438.00000000,0
1531214080316,1531214080310,2621913,0.00001612,14952.00000000,0
1531214094035,1531214094032,2621914,0.00001610,3143.00000000,0
1531214094327,1531214094319,2621915,0.00001607,232.00000000,1
1531214094534,1531214094531,2621916,0.00001607,3551.00000000,1
1531214110769,1531214110765,2621917,0.00001607,146.00000000,1
1531214114032,1531214114027,2621918,0.00001610,63.00000000,0
1531214115378,1531214115374,2621919,0.00001607,481.00000000,1
1531214121772,1531214121768,2621920,0.00001610,1493.00000000,0
1531214122926,1531214122922,2621921,0.00001610,2500.00000000,0
1531214134784,1531214134779,2621922,0.00001608,12198.00000000,1
1531214141658,1531214141652,2621923,0.00001610,673.00000000,0
1531214141659,1531214141655,2621924,0.00001610,672.00000000,0
1531214143974,1531214143968,2621925,0.00001610,2224.00000000,0
1531214146815,1531214146810,2621926,0.00001611,1894.00000000,0
1531214146815,1531214146810,2621927,0.00001612,1466.00000000,0
1531214147816,1531214147810,2621928,0.00001612,3354.00000000,0
1531214149055,1531214149052,2621929,0.00001612,812.00000000,0
1531214153828,1531214153825,2621930,0.00001612,2494.00000000,0
1531214156869,1531214156865,2621931,0.00001612,1243.00000000,0
1531214158439,1531214158434,2621932,0.00001612,5743.00000000,0
1531214167414,1531214167410,2621933,0.00001612,10703.00000000,0
1531214173184,1531214173181,2621934,0.00001612,120.00000000,0
1531214173719,1531214173716,2621935,0.00001612,2000.00000000,0
1531214176643,1531214176639,2621936,0.00001612,3568.00000000,0
1531214180369,1531214180366,2621937,0.00001612,2618.00000000,0
1531214182280,1531214182277,2621938,0.00001612,18000.00000000,0
1531214184518,1531214184515,2621939,0.00001612,32173.00000000,0
1531214185794,1531214185791,2621940,0.00001612,527.00000000,1
1531214200987,1531214200984,2621941,0.00001613,46.00000000,0
1531214200987,1531214200984,2621942,0.00001615,1979.00000000,0
1531214201040,1531214201037,2621943,0.00001613,67.00000000,1
1531214202176,1531214202171,2621944,0.00001613,376.00000000,1
1531214209744,1531214209741,2621945,0.00001612,437.00000000,1
1531214217804,1531214217801,2621946,0.00001612,139.00000000,1
1531214218282,1531214218278,2621947,0.00001615,602.00000000,0
1531214219427,1531214219422,2621948,0.00001615,199.00000000,0
1531214233959,1531214233954,2621949,0.00001615,528.00000000,0
1531214234907,1531214234903,2621950,0.00001617,1008.00000000,0
1531214235833,1531214235829,2621951,0.00001617,449.00000000,0
1531214235845,1531214235840,2621952,0.00001617,1288.00000000,0
1531214235845,1531214235840,2621953,0.00001618,250.00000000,0
1531214235845,1531214235840,2621954,0.00001619,1347.00000000,0
1531214235845,1531214235840,2621955,0.00001620,15.00000000,0
1531214238565,1531214238561,2621956,0.00001615,64.00000000,1
1531214241536,1531214241532,2621957,0.00001620,313.00000000,0
1531214249385,1531214249381,2621958,0.00001620,1509.00000000,0
1531214250643,1531214250638,2621959,0.00001615,1234.00000000,1
1531214250658,1531214250653,2621960,0.00001615,100.00000000,1
1531214250660,1531214250656,2621961,0.00001615,66.00000000,1
1531214255124,1531214255121,2621962,0.00001620,63.00000000,0
1531214256060,1531214256056,2621963,0.00001620,125.00000000,0
1531214259027,1531214259024,2621964,0.00001619,618.00000000,1
1531214259920,1531214259915,2621965,0.00001620,505.00000000,0
1531214259949,1531214259945,2621966,0.00001620,1437.00000000,1
1531214264947,1531214264942,2621967,0.00001615,816.00000000,1
1531214270109,1531214270106,2621968,0.00001615,1502.00000000,1
1531214272249,1531214272245,2621969,0.00001615,163.00000000,1
1531214275484,1531214275480,2621970,0.00001619,125.00000000,0
1531214275522,1531214275519,2621971,0.00001619,63.00000000,0
1531214275695,1531214275692,2621972,0.00001619,63.00000000,0
1531214275765,1531214275761,2621973,0.00001619,63.00000000,0
1531214277798,1531214277794,2621974,0.00001619,1540.00000000,0
1531214281397,1531214281394,2621975,0.00001619,5976.00000000,0
1531214281444,1531214281440,2621976,0.00001619,1608.00000000,1
1531214293556,1531214293552,2621977,0.00001619,368.00000000,1
1531214294723,1531214294718,2621978,0.00001619,72.00000000,1
1531214299809,1531214299805,2621979,0.00001619,1000.00000000,1
1531214300781,1531214300778,2621980,0.00001619,188.00000000,1
1531214301859,1531214301854,2621981,0.00001619,329.00000000,1
1531214301859,1531214301854,2621982,0.00001615,1.00000000,1
1531214313782,1531214313777,2621983,0.00001615,1516.00000000,1
1531214320554,1531214320549,2621984,0.00001615,499.00000000,1
1531214320569,1531214320565,2621985,0.00001615,416.00000000,1
1531214322368,1531214322362,2621986,0.00001615,3143.00000000,1
1531214353978,1531214353975,2621987,0.00001615,1215.00000000,1
1531214367940,1531214367935,2621988,0.00001614,1927.00000000,1
1531214389206,1531214389200,2621989,0.00001620,160.00000000,0
1531214389206,1531214389200,2621990,0.00001621,299.00000000,0
1531214395089,1531214395084,2621991,0.00001618,471.00000000,1
1531214398703,1531214398699,2621992,0.00001621,63.00000000,0
1531214403889,1531214403885,2621993,0.00001621,500.00000000,0
1531214408442,1531214408438,2621994,0.00001621,10688.00000000,0
1531214412706,1531214412703,2621995,0.00001620,1.00000000,0
1531214415861,1531214415857,2621996,0.00001620,1235.00000000,0
1531214419353,1531214419350,2621997,0.00001620,3128.00000000,0
1531214430640,1531214430635,2621998,0.00001619,605.00000000,0
1531214430640,1531214430635,2621999,0.00001620,5273.00000000,0
1531214442101,1531214442097,2622000,0.00001617,1530.00000000,1
1531214442101,1531214442097,2622001,0.00001615,59.00000000,1
1531214447945,1531214447941,2622002,0.00001615,2576.00000000,1
1531214447945,1531214447941,2622003,0.00001613,2793.00000000,1
1531214453630,1531214453626,2622004,0.00001615,1000.00000000,0
1531214458779,1531214458775,2622005,0.00001620,63.00000000,0
1531214462843,1531214462839,2622006,0.00001615,499.00000000,0
1531214462962,1531214462959,2622007,0.00001615,3297.00000000,0
1531214463190,1531214463186,2622008,0.00001615,459.00000000,0
1531214468462,1531214468458,2622009,0.00001620,6962.00000000,0
1531214472714,1531214472710,2622010,0.00001613,269.00000000,1
1531214472714,1531214472710,2622011,0.00001612,621.00000000,1
1531214472714,1531214472710,2622012,0.00001610,1867.00000000,1
1531214472776,1531214472771,2622013,0.00001610,791.00000000,0
1531214472792,1531214472788,2622014,0.00001610,1310.00000000,0
1531214472814,1531214472810,2622015,0.00001610,791.00000000,0
1531214472861,1531214472857,2622016,0.00001610,791.00000000,0
1531214472865,1531214472862,2622017,0.00001610,248.00000000,0
1531214472943,1531214472940,2622018,0.00001610,1518.00000000,0
1531214473651,1531214473647,2622019,0.00001610,520.00000000,0
1531214474569,1531214474565,2622020,0.00001610,600.00000000,0
1531214475789,1531214475786,2622021,0.00001610,412.00000000,0
1531214477575,1531214477571,2622022,0.00001608,644.00000000,1
1531214478814,1531214478810,2622023,0.00001610,1149.00000000,0
1531214479253,1531214479250,2622024,0.00001610,20.00000000,0
1531214479533,1531214479530,2622025,0.00001610,63.00000000,0
1531214480158,1531214480153,2622026,0.00001610,63.00000000,0
1531214483391,1531214483386,2622027,0.00001610,621.00000000,0
1531214485168,1531214485164,2622028,0.00001610,313.00000000,1
1531214485201,1531214485198,2622029,0.00001610,347.00000000,1
1531214485412,1531214485408,2622030,0.00001610,635.00000000,1
1531214488281,1531214488278,2622031,0.00001612,494.00000000,0
1531214489201,1531214489198,2622032,0.00001611,791.00000000,1
1531214495563,1531214495560,2622033,0.00001612,634.00000000,1
1531214496131,1531214496127,2622034,0.00001619,99.00000000,0
1531214499179,1531214499175,2622035,0.00001612,89.00000000,1
1531214506398,1531214506393,2622036,0.00001611,678.00000000,1
1531214506709,1531214506704,2622037,0.00001618,1.00000000,0
1531214518929,1531214518925,2622038,0.00001618,2746.00000000,0
1531214518929,1531214518925,2622039,0.00001619,875.00000000,0
1531214518929,1531214518925,2622040,0.00001620,44256.00000000,0
1531214522296,1531214522293,2622041,0.00001620,489.00000000,0
1531214549662,1531214549656,2622042,0.00001615,232.00000000,1
1531214551981,1531214551975,2622043,0.00001615,8.00000000,1
1531214552998,1531214552994,2622044,0.00001617,209.00000000,0
1531214559216,1531214559211,2622045,0.00001614,409.00000000,1
1531214559232,1531214559227,2622046,0.00001614,491.00000000,1
1531214569150,1531214569147,2622047,0.00001614,342.00000000,1
1531214570663,1531214570659,2622048,0.00001615,91.00000000,0
1531214576166,1531214576162,2622049,0.00001615,1174.00000000,0
1531214576999,1531214576995,2622050,0.00001615,469.00000000,0
1531214579127,1531214579124,2622051,0.00001615,63.00000000,0
1531214581155,1531214581152,2622052,0.00001615,251.00000000,0
1531214584907,1531214584903,2622053,0.00001619,545.00000000,0
1531214584907,1531214584903,2622054,0.00001620,3977.00000000,0
1531214596521,1531214596517,2622055,0.00001616,2416.00000000,1
1531214596589,1531214596586,2622056,0.00001620,2943.00000000,0
1531214598496,1531214598490,2622057,0.00001620,39476.00000000,0
1531214620015,1531214620011,2622058,0.00001620,125.00000000,0
1531214624076,1531214624073,2622059,0.00001620,417.00000000,0
1531214626416,1531214626411,2622060,0.00001620,1723.00000000,0
1531214633040,1531214633036,2622061,0.00001621,125.00000000,0
1531214635854,1531214635850,2622062,0.00001621,7.00000000,1
1531214636287,1531214636284,2622063,0.00001621,155.00000000,1
1531214640481,1531214640478,2622064,0.00001621,16.00000000,1
1531214640528,1531214640524,2622065,0.00001621,13.00000000,1
1531214640568,1531214640563,2622066,0.00001621,14.00000000,1
1531214640602,1531214640596,2622067,0.00001621,34.00000000,1
1531214646114,1531214646111,2622068,0.00001621,253.00000000,1
1531214646114,1531214646111,2622069,0.00001620,585.00000000,1
1531214647593,1531214647590,2622070,0.00001622,540.00000000,0
1531214648199,1531214648194,2622071,0.00001622,3047.00000000,0
1531214651951,1531214651947,2622072,0.00001619,266.00000000,1
1531214652046,1531214652042,2622073,0.00001622,2199.00000000,0
1531214654748,1531214654745,2622074,0.00001622,145.00000000,0
1531214656292,1531214656288,2622075,0.00001622,150.00000000,1
1531214660640,1531214660636,2622076,0.00001623,253.00000000,0
1531214660735,1531214660732,2622077,0.00001623,997.00000000,1
1531214665730,1531214665725,2622078,0.00001624,1126.00000000,0
1531214665730,1531214665725,2622079,0.00001625,6635.00000000,0
1531214670039,1531214670036,2622080,0.00001622,1743.00000000,1
1531214674966,1531214674961,2622081,0.00001620,492.00000000,1
1531214674966,1531214674961,2622082,0.00001619,350.00000000,1
1531214674968,1531214674965,2622083,0.00001619,2.00000000,1
1531214674968,1531214674965,2622084,0.00001615,99.00000000,1
1531214679503,1531214679500,2622085,0.00001619,125.00000000,0
1531214679794,1531214679789,2622086,0.00001619,125.00000000,0
1531214679845,1531214679840,2622087,0.00001619,63.00000000,0
1531214679879,1531214679875,2622088,0.00001619,39.00000000,0
1531214679879,1531214679875,2622089,0.00001622,86.00000000,0
1531214680184,1531214680180,2622090,0.00001622,63.00000000,0
1531214680229,1531214680225,2622091,0.00001622,63.00000000,0
1531214683096,1531214683093,2622092,0.00001622,443.00000000,0
1531214683404,1531214683400,2622093,0.00001622,36.00000000,0
1531214683432,1531214683427,2622094,0.00001622,763.00000000,1
1531214685584,1531214685581,2622095,0.00001626,147.00000000,0
1531214693348,1531214693343,2622096,0.00001622,7836.00000000,0
1531214699772,1531214699769,2622097,0.00001622,66.00000000,0
1531214699772,1531214699769,2622098,0.00001625,349.00000000,0
1531214700446,1531214700441,2622099,0.00001623,63.00000000,1
1531214708977,1531214708971,2622100,0.00001624,2480.00000000,0
1531214709005,1531214709002,2622101,0.00001624,6296.00000000,1
1531214709164,1531214709160,2622102,0.00001624,5222.00000000,1
1531214709744,1531214709740,2622103,0.00001624,500.00000000,1
1531214710193,1531214710190,2622104,0.00001624,67.00000000,1
1531214712362,1531214712358,2622105,0.00001621,199.00000000,1
1531214716276,1531214716272,2622106,0.00001621,149.00000000,1
1531214719179,1531214719174,2622107,0.00001621,261.00000000,1
1531214723491,1531214723486,2622108,0.00001621,1068.00000000,0
1531214729215,1531214729209,2622109,0.00001620,1986.00000000,1
1531214730048,1531214730044,2622110,0.00001621,176.00000000,0
1531214733126,1531214733122,2622111,0.00001624,63.00000000,0
1531214733185,1531214733180,2622112,0.00001624,22.00000000,0
1531214733185,1531214733180,2622113,0.00001625,609.00000000,0
1531214736916,1531214736912,2622114,0.00001621,2480.00000000,1
1531214736930,1531214736927,2622115,0.00001621,3350.00000000,0
1531214736934,1531214736929,2622116,0.00001621,2486.00000000,0
1531214736934,1531214736929,2622117,0.00001626,437.00000000,0
1531214736934,1531214736929,2622118,0.00001627,427.00000000,0
1531214737560,1531214737555,2622119,0.00001620,351.00000000,1
1531214738495,1531214738491,2622120,0.00001627,327.00000000,0
1531214738526,1531214738520,2622121,0.00001627,699.00000000,1
1531214738795,1531214738790,2622122,0.00001627,69.00000000,1
1531214739083,1531214739078,2622123,0.00001627,2876.00000000,1
1531214740307,1531214740302,2622124,0.00001628,116.00000000,0
1531214740346,1531214740341,2622125,0.00001627,1880.00000000,1
1531214741176,1531214741171,2622126,0.00001627,278.00000000,1
1531214741315,1531214741312,2622127,0.00001627,450.00000000,1
1531214741852,1531214741847,2622128,0.00001627,1255.00000000,1
1531214743516,1531214743512,2622129,0.00001627,131.00000000,1
1531214746369,1531214746364,2622130,0.00001627,369.00000000,1
1531214747034,1531214747030,2622131,0.00001627,2640.00000000,1
1531214751452,1531214751447,2622132,0.00001627,627.00000000,1
1531214754542,1531214754538,2622133,0.00001628,94.00000000,0
1531214755278,1531214755275,2622134,0.00001627,313.00000000,1
1531214755513,1531214755508,2622135,0.00001627,351.00000000,1
1531214756695,1531214756691,2622136,0.00001628,614.00000000,0
1531214757288,1531214757283,2622137,0.00001627,126.00000000,1
1531214757502,1531214757496,2622138,0.00001627,387.00000000,1
1531214757509,1531214757505,2622139,0.00001627,499.00000000,1
1531214760261,1531214760258,2622140,0.00001629,311.00000000,0
1531214760278,1531214760273,2622141,0.00001629,63.00000000,0
1531214760322,1531214760318,2622142,0.00001629,125.00000000,0
1531214760352,1531214760348,2622143,0.00001629,49.00000000,0
1531214762936,1531214762931,2622144,0.00001630,4535.00000000,0
1531214762936,1531214762931,2622145,0.00001631,12099.00000000,0
1531214762936,1531214762931,2622146,0.00001632,3366.00000000,0
1531214763903,1531214763897,2622147,0.00001629,134.00000000,1
1531214765141,1531214765137,2622148,0.00001631,138.00000000,1
1531214765436,1531214765430,2622149,0.00001632,157.00000000,0
1531214766062,1531214766056,2622150,0.00001632,6175.00000000,0
1531214766062,1531214766056,2622151,0.00001633,7164.00000000,0
1531214768449,1531214768445,2622152,0.00001629,1371.00000000,1
1531214768479,1531214768475,2622153,0.00001633,4635.00000000,0
1531214772671,1531214772666,2622154,0.00001629,347.00000000,1
1531214772671,1531214772666,2622155,0.00001627,1137.00000000,1
1531214775026,1531214775021,2622156,0.00001633,4132.00000000,0
1531214776710,1531214776705,2622157,0.00001627,627.00000000,1
1531214777191,1531214777187,2622158,0.00001627,236.00000000,1
1531214777214,1531214777209,2622159,0.00001633,1982.00000000,0
1531214780521,1531214780516,2622160,0.00001634,310.00000000,0
1531214780560,1531214780557,2622161,0.00001634,62.00000000,0
1531214780586,1531214780583,2622162,0.00001634,62.00000000,0
1531214780631,1531214780627,2622163,0.00001633,471.00000000,1
1531214780697,1531214780693,2622164,0.00001634,186.00000000,0
1531214781551,1531214781548,2622165,0.00001634,24.00000000,0
1531214783079,1531214783074,2622166,0.00001634,38.00000000,1
1531214783079,1531214783074,2622167,0.00001633,552.00000000,1
1531214786405,1531214786401,2622168,0.00001634,604.00000000,1
1531214788756,1531214788750,2622169,0.00001635,743.00000000,0
1531214794056,1531214794051,2622170,0.00001635,4035.00000000,0
1531214795208,1531214795205,2622171,0.00001635,382.00000000,1
1531214795554,1531214795550,2622172,0.00001635,1114.00000000,1
1531214798960,1531214798957,2622173,0.00001636,375.00000000,0
1531214799405,1531214799400,2622174,0.00001636,1114.00000000,1
1531214801143,1531214801139,2622175,0.00001637,124.00000000,0
1531214801654,1531214801649,2622176,0.00001637,62.00000000,0
1531214801684,1531214801679,2622177,0.00001637,62.00000000,0
1531214803214,1531214803211,2622178,0.00001636,470.00000000,1
1531214806102,1531214806098,2622179,0.00001636,5738.00000000,1
1531214809788,1531214809784,2622180,0.00001636,416.00000000,1
1531214810418,1531214810413,2622181,0.00001638,869.00000000,0
1531214810418,1531214810413,2622182,0.00001639,1291.00000000,0
1531214810499,1531214810495,2622183,0.00001637,589.00000000,1
1531214813714,1531214813709,2622184,0.00001637,3044.00000000,1
1531214814987,1531214814982,2622185,0.00001637,3335.00000000,1
1531214815205,1531214815200,2622186,0.00001637,690.00000000,1
1531214815205,1531214815200,2622187,0.00001636,806.00000000,1
1531214816121,1531214816117,2622188,0.00001636,6326.00000000,1
1531214817046,1531214817042,2622189,0.00001638,1622.00000000,0
1531214819622,1531214819617,2622190,0.00001635,1940.00000000,0
1531214819632,1531214819627,2622191,0.00001635,2233.00000000,0
1531214820683,1531214820678,2622192,0.00001635,62.00000000,0
1531214820988,1531214820983,2622193,0.00001635,124.00000000,0
1531214821111,1531214821107,2622194,0.00001635,62.00000000,0
1531214821165,1531214821161,2622195,0.00001635,124.00000000,0
1531214821645,1531214821640,2622196,0.00001635,62.00000000,0
1531214821805,1531214821800,2622197,0.00001634,123.00000000,1
1531214821805,1531214821800,2622198,0.00001632,613.00000000,1
1531214821805,1531214821800,2622199,0.00001631,63.00000000,1
1531214822236,1531214822231,2622200,0.00001635,395.00000000,0
1531214822768,1531214822763,2622201,0.00001636,396.00000000,1
1531214823752,1531214823747,2622202,0.00001632,115.00000000,1
1531214824372,1531214824367,2622203,0.00001635,5002.00000000,1
1531214829995,1531214829990,2622204,0.00001635,790.00000000,1
1531214830544,1531214830540,2622205,0.00001636,10898.00000000,0
1531214830843,1531214830839,2622206,0.00001636,5912.00000000,1
1531214831171,1531214831164,2622207,0.00001636,1323.00000000,1
1531214831171,1531214831164,2622208,0.00001635,1491.00000000,1
1531214832934,1531214832929,2622209,0.00001635,3748.00000000,1
1531214832998,1531214832995,2622210,0.00001635,1228.00000000,1
1531214834524,1531214834520,2622211,0.00001635,868.00000000,1
1531214837727,1531214837723,2622212,0.00001638,384.00000000,0
1531214842041,1531214842036,2622213,0.00001635,119.00000000,1
1531214842590,1531214842586,2622214,0.00001638,124.00000000,0
1531214845779,1531214845774,2622215,0.00001635,6715.00000000,1
1531214856481,1531214856477,2622216,0.00001637,2480.00000000,0
1531214859391,1531214859388,2622217,0.00001636,446.00000000,0
1531214859392,1531214859389,2622218,0.00001636,158.00000000,0
1531214866339,1531214866334,2622219,0.00001638,62.00000000,0
1531214866614,1531214866611,2622220,0.00001636,124.00000000,1
1531214869884,1531214869880,2622221,0.00001636,125.00000000,1
1531214878205,1531214878201,2622222,0.00001637,229.00000000,0
1531214880407,1531214880402,2622223,0.00001637,1233.00000000,0
1531214880587,1531214880582,2622224,0.00001636,200.00000000,1
1531214881755,1531214881750,2622225,0.00001636,454.00000000,0
1531214886608,1531214886605,2622226,0.00001636,500.00000000,0
1531214890631,1531214890627,2622227,0.00001636,1854.00000000,0
1531214891100,1531214891095,2622228,0.00001636,15.00000000,1
1531214891100,1531214891095,2622229,0.00001634,208.00000000,1
1531214891100,1531214891095,2622230,0.00001632,165.00000000,1
1531214895215,1531214895210,2622231,0.00001637,782.00000000,0
1531214896952,1531214896947,2622232,0.00001637,1388.00000000,0
1531214905586,1531214905581,2622233,0.00001637,2980.00000000,0
1531214905600,1531214905596,2622234,0.00001637,358.00000000,1
1531214905601,1531214905598,2622235,0.00001637,1123.00000000,1
1531214905905,1531214905901,2622236,0.00001637,358.00000000,1
1531214905930,1531214905925,2622237,0.00001637,499.00000000,1
1531214909102,1531214909097,2622238,0.00001637,409.00000000,1
1531214910209,1531214910204,2622239,0.00001638,150.00000000,0
1531214918445,1531214918439,2622240,0.00001637,1431.00000000,1
1531214928814,1531214928811,2622241,0.00001637,12.00000000,0
1531214948410,1531214948405,2622242,0.00001632,1734.00000000,1
1531214948444,1531214948440,2622243,0.00001632,449.00000000,0
1531214948476,1531214948471,2622244,0.00001631,67.00000000,1
1531214948613,1531214948607,2622245,0.00001632,499.00000000,0
1531214959889,1531214959885,2622246,0.00001632,86.00000000,0
1531214967616,1531214967611,2622247,0.00001633,62.00000000,1
1531214967616,1531214967611,2622248,0.00001632,501.00000000,1
1531214968004,1531214968001,2622249,0.00001637,80.00000000,0
1531214975766,1531214975762,2622250,0.00001632,1293.00000000,1
1531214976214,1531214976210,2622251,0.00001631,56.00000000,1
1531214976214,1531214976210,2622252,0.00001630,16.00000000,1
1531214976428,1531214976423,2622253,0.00001630,1612.00000000,1
1531214976428,1531214976423,2622254,0.00001629,614.00000000,1
1531214976428,1531214976423,2622255,0.00001627,3056.00000000,1
1531214976428,1531214976423,2622256,0.00001625,596.00000000,1
1531214980161,1531214980156,2622257,0.00001626,383.00000000,1
1531214980161,1531214980156,2622258,0.00001625,245.00000000,1
1531214983164,1531214983159,2622259,0.00001631,160.00000000,0
1531214984554,1531214984550,2622260,0.00001625,1136.00000000,1
1531214992739,1531214992735,2622261,0.00001631,223.00000000,0
1531214992788,1531214992785,2622262,0.00001632,601.00000000,0
1531214994031,1531214994026,2622263,0.00001631,223.00000000,1
1531214994031,1531214994026,2622264,0.00001625,364.00000000,1
1531214994031,1531214994026,2622265,0.00001624,10.00000000,1
1531214994063,1531214994059,2622266,0.00001624,179.00000000,1
1531214994063,1531214994059,2622267,0.00001623,236.00000000,1
1531214995838,1531214995832,2622268,0.00001636,3520.00000000,0
1531214995838,1531214995832,2622269,0.00001637,4784.00000000,0
1531214995838,1531214995832,2622270,0.00001638,6183.00000000,0
1531214997208,1531214997205,2622271,0.00001637,293.00000000,1
1531214997227,1531214997221,2622272,0.00001637,398.00000000,1
1531215000419,1531215000416,2622273,0.00001637,248.00000000,1
1531215001645,1531215001640,2622274,0.00001637,2576.00000000,1
1531215007420,1531215007416,2622275,0.00001637,619.00000000,1
1531215009448,1531215009444,2622276,0.00001637,2254.00000000,1
1531215009461,1531215009456,2622277,0.00001625,700.00000000,0
1531215013930,1531215013928,2622278,0.00001625,147.00000000,1
1531215013975,1531215013971,2622279,0.00001625,499.00000000,0
1531215013976,1531215013971,2622280,0.00001625,773.00000000,0
1531215018516,1531215018512,2622281,0.00001624,631.00000000,1
1531215021714,1531215021709,2622282,0.00001625,855.00000000,1
1531215035704,1531215035700,2622283,0.00001626,125.00000000,1
1531215036270,1531215036266,2622284,0.00001625,91.00000000,1
1531215036698,1531215036694,2622285,0.00001625,348.00000000,1
1531215037997,1531215037992,2622286,0.00001625,350.00000000,1
1531215038004,1531215038000,2622287,0.00001625,611.00000000,1
1531215038005,1531215038000,2622288,0.00001624,355.00000000,1
1531215038016,1531215038013,2622289,0.00001624,4.00000000,1
1531215038016,1531215038013,2622290,0.00001623,12.00000000,1
1531215038413,1531215038408,2622291,0.00001622,73.00000000,1
1531215039445,1531215039442,2622292,0.00001622,236.00000000,1
1531215039445,1531215039442,2622293,0.00001621,399.00000000,1
1531215039447,1531215039442,2622294,0.00001621,466.00000000,1
1531215039447,1531215039442,2622295,0.00001620,765.00000000,1
1531215039448,1531215039442,2622296,0.00001620,1180.00000000,1
1531215039683,1531215039679,2622297,0.00001620,448.00000000,0
1531215039696,1531215039692,2622298,0.00001620,447.00000000,0
1531215039748,1531215039745,2622299,0.00001620,100.00000000,0
1531215039829,1531215039823,2622300,0.00001619,501.00000000,1
1531215039829,1531215039823,2622301,0.00001618,131.00000000,1
1531215040198,1531215040195,2622302,0.00001619,743.00000000,0
1531215040198,1531215040195,2622303,0.00001620,2230.00000000,0
1531215046964,1531215046959,2622304,0.00001622,222.00000000,0
1531215046964,1531215046959,2622305,0.00001623,394.00000000,0
1531215047861,1531215047857,2622306,0.00001620,152.00000000,1
1531215048287,1531215048284,2622307,0.00001623,149.00000000,0
1531215050079,1531215050074,2622308,0.00001621,273.00000000,1
1531215058849,1531215058844,2622309,0.00001621,141.00000000,1
1531215060956,1531215060951,2622310,0.00001621,203.00000000,1
1531215060956,1531215060951,2622311,0.00001618,1635.00000000,1
1531215070816,1531215070812,2622312,0.00001618,953.00000000,1
1531215072084,1531215072081,2622313,0.00001620,2824.00000000,0
1531215072271,1531215072266,2622314,0.00001620,854.00000000,0
1531215072306,1531215072301,2622315,0.00001620,1777.00000000,0
1531215072423,1531215072418,2622316,0.00001620,228.00000000,0
1531215072813,1531215072809,2622317,0.00001618,453.00000000,1
1531215073896,1531215073890,2622318,0.00001618,428.00000000,0
1531215074115,1531215074112,2622319,0.00001618,673.00000000,0
1531215074322,1531215074318,2622320,0.00001618,450.00000000,0
1531215083029,1531215083026,2622321,0.00001618,790.00000000,1
1531215085872,1531215085868,2622322,0.00001618,1250.00000000,1
1531215086268,1531215086263,2622323,0.00001618,478.00000000,1
1531215086511,1531215086507,2622324,0.00001618,481.00000000,0
1531215086665,1531215086661,2622325,0.00001618,235.00000000,0
1531215086772,1531215086767,2622326,0.00001618,802.00000000,0
1531215086772,1531215086767,2622327,0.00001618,401.00000000,0
1531215089362,1531215089356,2622328,0.00001618,1146.00000000,0
1531215089362,1531215089356,2622329,0.00001623,235.00000000,0
1531215095771,1531215095607,2622330,0.00001623,1763.00000000,1
1531215095771,1531215095607,2622331,0.00001616,131.00000000,1
1531215095771,1531215095607,2622332,0.00001615,124.00000000,1
1531215095771,1531215095607,2622333,0.00001614,1629.00000000,1
1531215095832,1531215095825,2622334,0.00001614,1764.00000000,1
1531215096148,1531215096144,2622335,0.00001614,881.00000000,1
1531215104707,1531215104702,2622336,0.00001623,486.00000000,0
1531215109549,1531215109545,2622337,0.00001617,10.00000000,1
1531215111008,1531215111002,2622338,0.00001617,92.00000000,1
1531215124118,1531215124113,2622339,0.00001617,146.00000000,1
1531215124118,1531215124113,2622340,0.00001616,78.00000000,1
1531215124118,1531215124113,2622341,0.00001615,10058.00000000,1
1531215124404,1531215124399,2622342,0.00001615,10058.00000000,1
1531215124678,1531215124674,2622343,0.00001615,760.00000000,1
1531215125964,1531215125961,2622344,0.00001615,216.00000000,1
1531215126915,1531215126909,2622345,0.00001621,124.00000000,0
1531215127825,1531215127821,2622346,0.00001621,124.00000000,0
1531215127825,1531215127821,2622347,0.00001623,2695.00000000,0
1531215146072,1531215146069,2622348,0.00001622,157.00000000,0
1531215154746,1531215154741,2622349,0.00001615,253.00000000,1
1531215155170,1531215155165,2622350,0.00001621,86.00000000,0
1531215160225,1531215160221,2622351,0.00001615,140.00000000,1
1531215166898,1531215166893,2622352,0.00001615,186.00000000,1
1531215188918,1531215188914,2622353,0.00001616,26078.00000000,1
1531215188941,1531215188937,2622354,0.00001615,81.00000000,1
1531215192165,1531215192161,2622355,0.00001615,157.00000000,1
1531215200326,1531215200320,2622356,0.00001615,460.00000000,1
1531215200326,1531215200320,2622357,0.00001614,78.00000000,1
1531215200326,1531215200320,2622358,0.00001613,372.00000000,1
1531215200326,1531215200320,2622359,0.00001612,500.00000000,1
1531215209669,1531215209666,2622360,0.00001611,684.00000000,1
1531215209669,1531215209666,2622361,0.00001610,4316.00000000,1
1531215216888,1531215216883,2622362,0.00001610,53.00000000,1
1531215218567,1531215218561,2622363,0.00001610,780.00000000,1
1531215219890,1531215219884,2622364,0.00001610,782.00000000,1
1531215220273,1531215220268,2622365,0.00001610,1592.00000000,1
1531215221478,1531215221474,2622366,0.00001610,305.00000000,0
1531215225136,1531215225131,2622367,0.00001610,2164.00000000,1
1531215226615,1531215226612,2622368,0.00001610,1702.00000000,1
1531215226887,1531215226883,2622369,0.00001611,543.00000000,0
1531215228423,1531215228419,2622370,0.00001610,7758.00000000,1
1531215230850,1531215230845,2622371,0.00001610,464.00000000,0
1531215232396,1531215232393,2622372,0.00001609,63.00000000,1
1531215239576,1531215239569,2622373,0.00001608,126.00000000,1
1531215239576,1531215239569,2622374,0.00001607,276.00000000,1
1531215239576,1531215239569,2622375,0.00001606,343.00000000,1
1531215239576,1531215239569,2622376,0.00001605,380.00000000,1
1531215239576,1531215239569,2622377,0.00001604,3362.00000000,1
1531215239576,1531215239569,2622378,0.00001603,12162.00000000,1
1531215239576,1531215239569,2622379,0.00001603,7651.00000000,1
1531215250858,1531215250853,2622380,0.00001607,149.00000000,1
1531215250858,1531215250853,2622381,0.00001606,267.00000000,1
1531215251413,1531215251410,2622382,0.00001606,6.00000000,0
1531215253271,1531215253267,2622383,0.00001606,1000.00000000,0
1531215256824,1531215256819,2622384,0.00001603,3220.00000000,1
1531215258539,1531215258534,2622385,0.00001605,999.00000000,0
1531215258842,1531215258838,2622386,0.00001605,2367.00000000,0
1531215258914,1531215258908,2622387,0.00001605,947.00000000,0
1531215259015,1531215259010,2622388,0.00001605,632.00000000,0
1531215259015,1531215259010,2622389,0.00001606,550.00000000,0
1531215259094,1531215259091,2622390,0.00001606,473.00000000,0
1531215259146,1531215259142,2622391,0.00001606,316.00000000,0
1531215259146,1531215259142,2622392,0.00001611,146.00000000,0
1531215259214,1531215259210,2622393,0.00001611,308.00000000,0
1531215259214,1531215259210,2622394,0.00001613,431.00000000,0
1531215280096,1531215280092,2622395,0.00001610,492.00000000,0
1531215280096,1531215280092,2622396,0.00001613,493.00000000,0
1531215280096,1531215280092,2622397,0.00001618,137.00000000,0
1531215296688,1531215296682,2622398,0.00001613,1245.00000000,0
1531215296688,1531215296682,2622399,0.00001618,741.00000000,0
1531215303893,1531215303890,2622400,0.00001617,621.00000000,0
1531215305253,1531215305248,2622401,0.00001610,389.00000000,1
1531215305253,1531215305248,2622402,0.00001609,249.00000000,1
1531215305253,1531215305248,2622403,0.00001608,599.00000000,1
1531215305253,1531215305248,2622404,0.00001607,752.00000000,1
1531215305253,1531215305248,2622405,0.00001606,14286.00000000,1
1531215305253,1531215305248,2622406,0.00001605,26258.00000000,1
1531215305253,1531215305248,2622407,0.00001602,18873.00000000,1
1531215305253,1531215305248,2622408,0.00001601,3568.00000000,1
1531215305253,1531215305248,2622409,0.00001600,11644.00000000,1
1531215305253,1531215305248,2622410,0.00001600,14551.00000000,1
1531215305278,1531215305275,2622411,0.00001602,1938.00000000,0
1531215310435,1531215310430,2622412,0.00001607,2045.00000000,1
1531215323340,1531215323337,2622413,0.00001609,562.00000000,0
1531215323547,1531215323543,2622414,0.00001609,37.00000000,0
1531215324044,1531215324040,2622415,0.00001610,339.00000000,0
1531215324132,1531215324129,2622416,0.00001616,599.00000000,0
1531215327048,1531215327042,2622417,0.00001610,321.00000000,1
1531215327048,1531215327042,2622418,0.00001609,138.00000000,1
1531215333023,1531215333019,2622419,0.00001610,304.00000000,0
1531215334501,1531215334497,2622420,0.00001609,424.00000000,1
1531215334739,1531215334734,2622421,0.00001609,495.00000000,0
1531215336103,1531215336099,2622422,0.00001609,331.00000000,0
1531215348217,1531215348213,2622423,0.00001616,1046.00000000,0
1531215351469,1531215351465,2622424,0.00001616,104.00000000,0
1531215359300,1531215359297,2622425,0.00001609,391.00000000,1
1531215359791,1531215359787,2622426,0.00001609,535.00000000,0
1531215364780,1531215364775,2622427,0.00001606,1162.00000000,1
1531215364780,1531215364775,2622428,0.00001601,2870.00000000,1
1531215366555,1531215366549,2622429,0.00001609,84.00000000,0
1531215377686,1531215377682,2622430,0.00001602,2604.00000000,1
1531215377693,1531215377690,2622431,0.00001608,2379.00000000,0
1531215379895,1531215379892,2622432,0.00001602,4128.00000000,1
1531215381907,1531215381902,2622433,0.00001608,818.00000000,0
1531215381980,1531215381976,2622434,0.00001608,818.00000000,0
1531215389858,1531215389855,2622435,0.00001602,1026.00000000,1
1531215390901,1531215390898,2622436,0.00001602,20000.00000000,1
1531215392114,1531215392110,2622437,0.00001615,74.00000000,0
1531215414803,1531215414798,2622438,0.00001613,317.00000000,0
1531215414803,1531215414798,2622439,0.00001615,520.00000000,0
1531215439523,1531215439520,2622440,0.00001614,234.00000000,0
1531215445592,1531215445588,2622441,0.00001607,31.00000000,1
1531215447425,1531215447421,2622442,0.00001605,31.00000000,1
1531215453539,1531215453534,2622443,0.00001608,83.00000000,1
1531215453553,1531215453549,2622444,0.00001607,87.00000000,0
1531215453594,1531215453590,2622445,0.00001607,87.00000000,0
1531215453626,1531215453622,2622446,0.00001607,87.00000000,0
1531215457733,1531215457729,2622447,0.00001605,33.00000000,1
1531215464918,1531215464913,2622448,0.00001607,391.00000000,0
1531215471767,1531215471762,2622449,0.00001605,6.00000000,1
1531215472963,1531215472959,2622450,0.00001605,461.00000000,0
1531215472963,1531215472959,2622451,0.00001605,455.00000000,0
1531215472964,1531215472959,2622452,0.00001605,326.00000000,0
1531215508545,1531215508542,2622453,0.00001606,575.00000000,0
1531215515529,1531215515525,2622454,0.00001605,247.00000000,1
1531215516106,1531215516102,2622455,0.00001605,230.00000000,1
1531215516160,1531215516156,2622456,0.00001605,422.00000000,0
1531215518137,1531215518134,2622457,0.00001605,2119.00000000,0
1531215522882,1531215522878,2622458,0.00001603,611.00000000,1
1531215523562,1531215523551,2622459,0.00001601,1000.00000000,1
1531215523562,1531215523551,2622460,0.00001600,148.00000000,1
1531215532117,1531215532114,2622461,0.00001600,1523.00000000,1
1531215532862,1531215532858,2622462,0.00001603,54.00000000,0
1531215532862,1531215532858,2622463,0.00001605,2946.00000000,0
1531215536035,1531215536031,2622464,0.00001600,1388.00000000,1
1531215537829,1531215537826,2622465,0.00001600,500.00000000,1
1531215542521,1531215542516,2622466,0.00001600,1288.00000000,1
1531215542545,1531215542541,2622467,0.00001600,211.00000000,0
1531215547403,1531215547398,2622468,0.00001605,378.00000000,0
1531215549082,1531215549078,2622469,0.00001605,492.00000000,0
1531215549104,1531215549099,2622470,0.00001605,492.00000000,0
1531215549109,1531215549105,2622471,0.00001605,492.00000000,0
1531215549120,1531215549117,2622472,0.00001605,22.00000000,0
1531215554644,1531215554639,2622473,0.00001604,225.00000000,0
1531215554644,1531215554639,2622474,0.00001606,179.00000000,0
1531215556938,1531215556935,2622475,0.00001600,5720.00000000,1
1531215560034,1531215560030,2622476,0.00001606,937.00000000,0
1531215560034,1531215560030,2622477,0.00001607,5510.00000000,0
1531215572719,1531215572715,2622478,0.00001614,300.00000000,0
1531215603755,1531215603752,2622479,0.00001614,58.00000000,0
1531215603755,1531215603752,2622480,0.00001617,242.00000000,0
1531215608968,1531215608965,2622481,0.00001614,63.00000000,0
1531215613503,1531215613499,2622482,0.00001611,176.00000000,1
1531215619055,1531215619050,2622483,0.00001614,3527.00000000,0
1531215621776,1531215621771,2622484,0.00001614,2277.00000000,1
1531215622083,1531215622079,2622485,0.00001615,1060.00000000,0
1531215629760,1531215629755,2622486,0.00001614,1134.00000000,0
1531215630652,1531215630649,2622487,0.00001611,135.00000000,1
1531215630652,1531215630649,2622488,0.00001608,311.00000000,1
1531215630652,1531215630649,2622489,0.00001606,1554.00000000,1
1531215655471,1531215655467,2622490,0.00001605,140.00000000,1
1531215655471,1531215655467,2622491,0.00001604,312.00000000,1
1531215655471,1531215655467,2622492,0.00001603,1548.00000000,1
1531215660353,1531215660349,2622493,0.00001604,494.00000000,1
1531215665412,1531215665407,2622494,0.00001605,70.00000000,1
1531215665412,1531215665407,2622495,0.00001604,1986.00000000,1
1531215665510,1531215665507,2622496,0.00001603,1944.00000000,0
1531215666336,1531215666332,2622497,0.00001609,100.00000000,0
1531215708882,1531215708879,2622498,0.00001605,100.00000000,1
1531215708921,1531215708918,2622499,0.00001605,392.00000000,0
1531215710438,1531215710434,2622500,0.00001607,572.00000000,0
1531215728904,1531215728899,2622501,0.00001609,140.00000000,0
1531215729811,1531215729808,2622502,0.00001609,10.00000000,0
1531215729811,1531215729808,2622503,0.00001611,150.00000000,0
1531215733144,1531215733140,2622504,0.00001605,1548.00000000,1
1531215733340,1531215733334,2622505,0.00001605,1032.00000000,1
1531215733340,1531215733334,2622506,0.00001603,2524.00000000,1
1531215733340,1531215733334,2622507,0.00001602,735.00000000,1
1531215733340,1531215733334,2622508,0.00001601,615.00000000,1
1531215733340,1531215733334,2622509,0.00001600,70.00000000,1
1531215733354,1531215733351,2622510,0.00001600,2046.00000000,0
1531215733905,1531215733900,2622511,0.00001599,4479.00000000,1
1531215733905,1531215733900,2622512,0.00001598,30664.00000000,1
1531215734018,1531215734013,2622513,0.00001598,3216.00000000,1
1531215734079,1531215734075,2622514,0.00001599,219.00000000,1
1531215734079,1531215734075,2622515,0.00001598,4260.00000000,1
1531215734213,1531215734209,2622516,0.00001598,37.00000000,1
1531215735234,1531215735229,2622517,0.00001604,8.00000000,1
1531215739884,1531215739880,2622518,0.00001604,819.00000000,1
1531215739958,1531215739949,2622519,0.00001604,45.00000000,1
1531215739958,1531215739949,2622520,0.00001602,498.00000000,1
1531215739958,1531215739949,2622521,0.00001598,2758.00000000,1
1531215739958,1531215739949,2622522,0.00001597,518.00000000,1
1531215739958,1531215739949,2622523,0.00001596,2077.00000000,1
1531215750861,1531215750856,2622524,0.00001596,406.00000000,1
1531215750861,1531215750856,2622525,0.00001595,570.00000000,1
1531215750861,1531215750856,2622526,0.00001594,785.00000000,1
1531215750861,1531215750856,2622527,0.00001593,844.00000000,1
1531215750861,1531215750856,2622528,0.00001592,4665.00000000,1
1531215750861,1531215750856,2622529,0.00001591,981.00000000,1
1531215752816,1531215752810,2622530,0.00001592,439.00000000,1
1531215752816,1531215752810,2622531,0.00001591,1626.00000000,1
1531215758169,1531215758165,2622532,0.00001591,653.00000000,1
1531215758793,1531215758789,2622533,0.00001591,492.00000000,1
1531215758873,1531215758869,2622534,0.00001591,480.00000000,1
1531215759169,1531215759164,2622535,0.00001591,2610.00000000,1
1531215759169,1531215759164,2622536,0.00001590,938.00000000,1
1531215761119,1531215761113,2622537,0.00001589,679.00000000,1
1531215761119,1531215761113,2622538,0.00001588,1261.00000000,1
1531215762898,1531215762894,2622539,0.00001588,863.00000000,1
1531215763075,1531215763070,2622540,0.00001588,2000.00000000,1
1531215763686,1531215763681,2622541,0.00001592,275.00000000,0
1531215764939,1531215764935,2622542,0.00001592,239.00000000,0
1531215769245,1531215769241,2622543,0.00001592,111.00000000,0
1531215784193,1531215784189,2622544,0.00001592,111.00000000,1
1531215784193,1531215784189,2622545,0.00001591,483.00000000,1
1531215784575,1531215784570,2622546,0.00001591,396.00000000,1
1531215784575,1531215784570,2622547,0.00001588,2585.00000000,1
1531215784575,1531215784570,2622548,0.00001587,4768.00000000,1
1531215787801,1531215787797,2622549,0.00001589,314.00000000,0
1531215788821,1531215788816,2622550,0.00001589,94.00000000,0
1531215796921,1531215796917,2622551,0.00001589,74.00000000,0
1531215797700,1531215797696,2622552,0.00001587,1.00000000,1
1531215809095,1531215809090,2622553,0.00001587,284.00000000,1
1531215809453,1531215809450,2622554,0.00001594,439.00000000,0
1531215809453,1531215809450,2622555,0.00001595,150.00000000,0
1531215811519,1531215811515,2622556,0.00001588,384.00000000,1
1531215811783,1531215811780,2622557,0.00001587,631.00000000,1
1531215814527,1531215814524,2622558,0.00001587,381.00000000,1
1531215817209,1531215817203,2622559,0.00001587,2376.00000000,1
1531215817784,1531215817776,2622560,0.00001586,246.00000000,1
1531215817784,1531215817776,2622561,0.00001585,354.00000000,1
1531215831830,1531215831825,2622562,0.00001586,64.00000000,0
1531215833933,1531215833928,2622563,0.00001585,381.00000000,1
1531215834130,1531215834127,2622564,0.00001585,384.00000000,1
1531215842111,1531215842106,2622565,0.00001585,1227.00000000,1
1531215842111,1531215842106,2622566,0.00001584,1381.00000000,1
1531215842165,1531215842160,2622567,0.00001584,425.00000000,0
1531215842175,1531215842170,2622568,0.00001584,310.00000000,0
1531215843936,1531215843933,2622569,0.00001583,317.00000000,1
1531215847078,1531215847072,2622570,0.00001583,11782.00000000,1
1531215847078,1531215847072,2622571,0.00001582,100.00000000,1
1531215849383,1531215849378,2622572,0.00001581,499.00000000,1
1531215850728,1531215850725,2622573,0.00001582,64.00000000,0
1531215852888,1531215852883,2622574,0.00001581,170.00000000,1
1531215853994,1531215853990,2622575,0.00001580,736.00000000,1
1531215854048,1531215854045,2622576,0.00001580,499.00000000,0
1531215855248,1531215855224,2622577,0.00001580,613.00000000,0
1531215855249,1531215855227,2622578,0.00001580,613.00000000,0
1531215855277,1531215855272,2622579,0.00001577,90.00000000,1
1531215856808,1531215856805,2622580,0.00001580,95.00000000,0
1531215861698,1531215861694,2622581,0.00001577,80.00000000,1
1531215861698,1531215861694,2622582,0.00001576,826.00000000,1
1531215865863,1531215865860,2622583,0.00001579,250.00000000,0
1531215865897,1531215865892,2622584,0.00001576,1712.00000000,1
1531215865897,1531215865892,2622585,0.00001575,3916.00000000,1
1531215870808,1531215870805,2622586,0.00001575,63.00000000,1
1531215872103,1531215872098,2622587,0.00001580,135.00000000,0
1531215881633,1531215881629,2622588,0.00001579,3002.00000000,0
1531215881633,1531215881629,2622589,0.00001582,784.00000000,0
1531215891698,1531215891693,2622590,0.00001580,165.00000000,0
1531215892643,1531215892638,2622591,0.00001575,2.00000000,1
1531215892778,1531215892773,2622592,0.00001575,2257.00000000,1
1531215896544,1531215896539,2622593,0.00001580,77.00000000,0
1531215897425,1531215897420,2622594,0.00001575,4831.00000000,1
1531215901076,1531215901072,2622595,0.00001580,95.00000000,0
1531215904221,1531215904218,2622596,0.00001575,888.00000000,1
1531215904981,1531215904976,2622597,0.00001579,126.00000000,0
1531215907866,1531215907860,2622598,0.00001574,108.00000000,1
1531215907866,1531215907860,2622599,0.00001573,8503.00000000,1
1531215912683,1531215912679,2622600,0.00001573,404.00000000,1
1531215915459,1531215915455,2622601,0.00001572,99.00000000,1
1531215918344,1531215918339,2622602,0.00001576,404.00000000,0
1531215918344,1531215918339,2622603,0.00001577,107.00000000,0
1531215918344,1531215918339,2622604,0.00001579,1254.00000000,0
1531215919616,1531215919611,2622605,0.00001579,33.00000000,0
1531215919677,1531215919672,2622606,0.00001579,27.00000000,0
1531215919729,1531215919725,2622607,0.00001579,29.00000000,0
1531215919768,1531215919764,2622608,0.00001579,69.00000000,0
1531215922432,1531215922428,2622609,0.00001572,509.00000000,1
1531215924788,1531215924784,2622610,0.00001572,1000.00000000,0
1531215925447,1531215925442,2622611,0.00001571,1304.00000000,1
1531215925447,1531215925442,2622612,0.00001570,860.00000000,1
1531215926772,1531215926768,2622613,0.00001570,70.00000000,0
1531215926834,1531215926830,2622614,0.00001572,97.00000000,0
1531215933729,1531215933724,2622615,0.00001572,820.00000000,0
1531215940298,1531215940295,2622616,0.00001571,401.00000000,1
1531215940732,1531215940727,2622617,0.00001579,1.00000000,0
1531215945664,1531215945660,2622618,0.00001578,316.00000000,0
1531215954398,1531215954392,2622619,0.00001570,559.00000000,1
1531215954398,1531215954392,2622620,0.00001568,1015.00000000,1
1531215954398,1531215954392,2622621,0.00001567,20105.00000000,1
1531215954820,1531215954817,2622622,0.00001567,184.00000000,0
1531215955057,1531215955053,2622623,0.00001566,64.00000000,1
1531215955234,1531215955229,2622624,0.00001566,264.00000000,0
1531215955371,1531215955368,2622625,0.00001567,209.00000000,0
1531215962811,1531215962807,2622626,0.00001578,507.00000000,0
1531215970845,1531215970840,2622627,0.00001571,1573.00000000,1
1531215971587,1531215971582,2622628,0.00001576,127.00000000,0
1531215971729,1531215971723,2622629,0.00001576,98.00000000,0
1531215975743,1531215975739,2622630,0.00001576,262.00000000,0
1531215975808,1531215975803,2622631,0.00001577,382.00000000,0
1531215976263,1531215976259,2622632,0.00001568,500.00000000,1
1531215976263,1531215976259,2622633,0.00001567,15089.00000000,1
1531215981532,1531215981528,2622634,0.00001575,8.00000000,0
1531215984394,1531215984389,2622635,0.00001569,420.00000000,1
1531215985601,1531215985597,2622636,0.00001569,1000.00000000,0
1531215985758,1531215985755,2622637,0.00001569,900.00000000,0
1531215986607,1531215986604,2622638,0.00001568,147.00000000,0
1531215988946,1531215988943,2622639,0.00001568,27.00000000,0
1531215988946,1531215988943,2622640,0.00001569,227.00000000,0
1531215992084,1531215992080,2622641,0.00001566,387.00000000,1
1531215994938,1531215994933,2622642,0.00001566,19718.00000000,1
1531215994995,1531215994991,2622643,0.00001566,861.00000000,0
1531215995224,1531215995221,2622644,0.00001566,82.00000000,0
1531215995506,1531215995502,2622645,0.00001566,393.00000000,0
1531215995997,1531215995993,2622646,0.00001566,99.00000000,0
1531215996940,1531215996936,2622647,0.00001566,2441.00000000,0
1531215997458,1531215997454,2622648,0.00001565,420.00000000,1
1531215998214,1531215998210,2622649,0.00001566,1545.00000000,0
1531215998301,1531215998298,2622650,0.00001566,10.00000000,0
1531215998390,1531215998386,2622651,0.00001566,1061.00000000,0
1531215999041,1531215999037,2622652,0.00001564,124.00000000,1
1531215999641,1531215999637,2622653,0.00001566,566.00000000,0
1531216000518,1531216000515,2622654,0.00001566,459.00000000,0
1531216000585,1531216000579,2622655,0.00001564,537.00000000,1
1531216000585,1531216000579,2622656,0.00001563,2015.00000000,1
1531216000585,1531216000579,2622657,0.00001562,852.00000000,1
1531216000610,1531216000606,2622658,0.00001566,764.00000000,0
1531216008068,1531216008064,2622659,0.00001566,487.00000000,1
1531216020906,1531216020901,2622660,0.00001566,2699.00000000,1
1531216023208,1531216023205,2622661,0.00001567,287.00000000,0
1531216023304,1531216023301,2622662,0.00001567,1085.00000000,0
1531216030143,1531216030138,2622663,0.00001567,2662.00000000,0
1531216031136,1531216031130,2622664,0.00001567,151.00000000,1
1531216032077,1531216032074,2622665,0.00001572,286.00000000,0
1531216033909,1531216033905,2622666,0.00001572,1.00000000,0
1531216033909,1531216033905,2622667,0.00001573,207.00000000,0
1531216054474,1531216054471,2622668,0.00001567,448.00000000,1
1531216054474,1531216054471,2622669,0.00001566,1828.00000000,1
1531216101414,1531216101409,2622670,0.00001572,74.00000000,0
1531216111585,1531216111580,2622671,0.00001572,374.00000000,0
1531216111706,1531216111703,2622672,0.00001572,54.00000000,1
1531216115591,1531216115588,2622673,0.00001572,264.00000000,0
1531216116068,1531216116063,2622674,0.00001572,97.00000000,1
1531216120471,1531216120466,2622675,0.00001573,421.00000000,0
1531216127564,1531216127560,2622676,0.00001573,494.00000000,1
1531216152150,1531216152145,2622677,0.00001573,393.00000000,1
1531216153388,1531216153382,2622678,0.00001574,318.00000000,0
1531216153388,1531216153382,2622679,0.00001575,10200.00000000,0
1531216160263,1531216160259,2622680,0.00001575,267.00000000,1
1531216163144,1531216163139,2622681,0.00001575,12817.00000000,1
1531216176234,1531216176230,2622682,0.00001576,511.00000000,1
1531216183552,1531216183547,2622683,0.00001576,665.00000000,1
1531216188518,1531216188514,2622684,0.00001576,88.00000000,1
1531216203761,1531216203756,2622685,0.00001576,9.00000000,1
1531216203761,1531216203756,2622686,0.00001574,8.00000000,1
1531216211253,1531216211250,2622687,0.00001574,393.00000000,1
1531216228084,1531216228079,2622688,0.00001574,1000.00000000,1
1531216242822,1531216242818,2622689,0.00001579,254.00000000,0
1531216242868,1531216242865,2622690,0.00001581,149.00000000,0
1531216242869,1531216242865,2622691,0.00001583,1253.00000000,0
1531216242885,1531216242881,2622692,0.00001583,357.00000000,0
1531216246019,1531216246015,2622693,0.00001575,147.00000000,1
1531216269255,1531216269252,2622694,0.00001577,65.00000000,1
1531216273996,1531216273990,2622695,0.00001583,548.00000000,0
1531216273996,1531216273990,2622696,0.00001584,5213.00000000,0
1531216288888,1531216288884,2622697,0.00001579,8.00000000,1
1531216328951,1531216328947,2622698,0.00001579,754.00000000,1
1531216336502,1531216336498,2622699,0.00001580,86.00000000,1
1531216341039,1531216341035,2622700,0.00001579,719.00000000,1
1531216347609,1531216347605,2622701,0.00001579,1487.00000000,1
1531216370626,1531216370623,2622702,0.00001579,1960.00000000,1
1531216382185,1531216382182,2622703,0.00001578,224.00000000,1
1531216397657,1531216397653,2622704,0.00001578,1214.00000000,1
1531216404650,1531216404647,2622705,0.00001579,633.00000000,0
1531216412385,1531216412381,2622706,0.00001579,4558.00000000,0
1531216413785,1531216413782,2622707,0.00001580,1889.00000000,1
1531216427574,1531216427568,2622708,0.00001580,2027.00000000,1
1531216427574,1531216427568,2622709,0.00001579,11280.00000000,1
1531216430803,1531216430799,2622710,0.00001579,1.00000000,1
1531216460576,1531216460572,2622711,0.00001579,160.00000000,1
1531216470370,1531216470364,2622712,0.00001579,1669.00000000,1
1531216488607,1531216488603,2622713,0.00001578,2867.00000000,1
1531216496281,1531216496277,2622714,0.00001579,2258.00000000,0
1531216520507,1531216520503,2622715,0.00001580,666.00000000,0
1531216542337,1531216542332,2622716,0.00001579,739.00000000,1
1531216543600,1531216543597,2622717,0.00001579,339.00000000,1
1531216570091,1531216570087,2622718,0.00001579,2500.00000000,1
1531216581927,1531216581923,2622719,0.00001579,497.00000000,1
1531216587025,1531216587021,2622720,0.00001579,2450.00000000,1
1531216587037,1531216587034,2622721,0.00001578,481.00000000,1
1531216588882,1531216588877,2622722,0.00001578,1452.00000000,1
1531216614730,1531216614727,2622723,0.00001578,169.00000000,1
1531216635179,1531216635176,2622724,0.00001578,1.00000000,1
1531216636200,1531216636196,2622725,0.00001578,541.00000000,1
1531216644583,1531216644578,2622726,0.00001578,304.00000000,1
1531216661520,1531216661515,2622727,0.00001577,595.00000000,0
1531216662267,1531216662263,2622728,0.00001577,1466.00000000,0
1531216663681,1531216663678,2622729,0.00001575,9250.00000000,1
1531216676623,1531216676620,2622730,0.00001574,825.00000000,1
1531216688470,1531216688466,2622731,0.00001577,631.00000000,0
1531216701445,1531216701441,2622732,0.00001577,721.00000000,0
1531216701463,1531216701459,2622733,0.00001577,502.00000000,0
1531216701487,1531216701483,2622734,0.00001577,1.00000000,0
1531216701487,1531216701483,2622735,0.00001578,498.00000000,0
1531216701488,1531216701484,2622736,0.00001574,502.00000000,1
1531216702507,1531216702503,2622737,0.00001578,6.00000000,0
1531216703920,1531216703917,2622738,0.00001574,500.00000000,1
1531216720223,1531216720219,2622739,0.00001576,65.00000000,0
1531216728329,1531216728325,2622740,0.00001576,89.00000000,0
1531216745844,1531216745840,2622741,0.00001576,3.00000000,0
1531216745844,1531216745840,2622742,0.00001578,2551.00000000,0
1531216798693,1531216798689,2622743,0.00001575,146.00000000,0
1531216805295,1531216805291,2622744,0.00001575,298.00000000,1
1531216807432,1531216807427,2622745,0.00001578,126.00000000,0
1531216832988,1531216832983,2622746,0.00001578,445.00000000,0
1531216832988,1531216832983,2622747,0.00001579,303.00000000,0
1531216840220,1531216840216,2622748,0.00001575,1905.00000000,1
1531216840220,1531216840216,2622749,0.00001574,3902.00000000,1
1531216840220,1531216840216,2622750,0.00001573,1814.00000000,1
1531216840220,1531216840216,2622751,0.00001572,890.00000000,1
1531216843085,1531216843080,2622752,0.00001572,1089.00000000,1
1531216852884,1531216852879,2622753,0.00001575,237.00000000,0
1531216870059,1531216870055,2622754,0.00001572,184.00000000,1
1531216879676,1531216879671,2622755,0.00001575,5721.00000000,0
1531216881742,1531216881739,2622756,0.00001575,3533.00000000,0
1531216881764,1531216881760,2622757,0.00001575,509.00000000,0
1531216882773,1531216882769,2622758,0.00001579,75.00000000,0
1531216912045,1531216912041,2622759,0.00001575,376.00000000,1
1531216956176,1531216956173,2622760,0.00001575,9060.00000000,1
1531216973826,1531216973822,2622761,0.00001572,694.00000000,1
1531216974176,1531216974171,2622762,0.00001572,428.00000000,0
1531216982501,1531216982497,2622763,0.00001571,64.00000000,1
1531216982501,1531216982497,2622764,0.00001568,186.00000000,1
1531216982501,1531216982497,2622765,0.00001568,1258.00000000,1
1531216990548,1531216990543,2622766,0.00001568,371.00000000,1
1531216990548,1531216990543,2622767,0.00001567,466.00000000,1
1531216995196,1531216995192,2622768,0.00001567,370.00000000,0
1531217009504,1531217009499,2622769,0.00001567,138.00000000,1
1531217009504,1531217009499,2622770,0.00001566,4024.00000000,1
1531217009531,1531217009527,2622771,0.00001562,138.00000000,1
1531217012268,1531217012263,2622772,0.00001562,1.00000000,1
1531217016572,1531217016569,2622773,0.00001562,384.00000000,1
1531217043243,1531217043239,2622774,0.00001562,2.00000000,1
1531217047762,1531217047759,2622775,0.00001566,508.00000000,0
1531217047799,1531217047795,2622776,0.00001566,1.00000000,0
1531217049456,1531217049451,2622777,0.00001566,509.00000000,1
1531217049456,1531217049451,2622778,0.00001562,2031.00000000,1
1531217056937,1531217056934,2622779,0.00001570,74.00000000,0
1531217058299,1531217058292,2622780,0.00001565,510.00000000,1
1531217058299,1531217058292,2622781,0.00001562,1357.00000000,1
1531217062447,1531217062442,2622782,0.00001570,10.00000000,0
1531217063838,1531217063833,2622783,0.00001570,389.00000000,0
1531217063862,1531217063858,2622784,0.00001570,498.00000000,0
1531217070636,1531217070632,2622785,0.00001570,636.00000000,0
1531217115111,1531217115108,2622786,0.00001566,5390.00000000,1
1531217126012,1531217125982,2622787,0.00001570,2840.00000000,0
1531217147554,1531217147549,2622788,0.00001566,1009.00000000,1
1531217153265,1531217153260,2622789,0.00001570,500.00000000,0
1531217156388,1531217156384,2622790,0.00001570,572.00000000,0
1531217156411,1531217156408,2622791,0.00001570,380.00000000,1
1531217156437,1531217156434,2622792,0.00001570,499.00000000,1
1531217167168,1531217167164,2622793,0.00001571,1594.00000000,0
1531217176242,1531217176238,2622794,0.00001570,138.00000000,1
1531217185991,1531217185986,2622795,0.00001571,1197.00000000,0
1531217189219,1531217189215,2622796,0.00001570,399.00000000,1
1531217189231,1531217189228,2622797,0.00001570,142.00000000,1
1531217199068,1531217199062,2622798,0.00001570,56.00000000,0
1531217212515,1531217212510,2622799,0.00001564,488.00000000,1
1531217219456,1531217219452,2622800,0.00001564,271.00000000,1
1531217235523,1531217235519,2622801,0.00001564,1.00000000,1
1531217236700,1531217236697,2622802,0.00001564,201.00000000,1
1531217260049,1531217260044,2622803,0.00001564,1518.00000000,1
1531217267204,1531217267201,2622804,0.00001564,166.00000000,1
1531217271449,1531217271444,2622805,0.00001569,412.00000000,0
1531217273023,1531217273019,2622806,0.00001571,350.00000000,0
1531217304149,1531217304145,2622807,0.00001569,3187.00000000,1
1531217331089,1531217331083,2622808,0.00001565,2365.00000000,1
1531217331089,1531217331083,2622809,0.00001564,4710.00000000,1
1531217331089,1531217331083,2622810,0.00001563,564.00000000,1
1531217331089,1531217331083,2622811,0.00001562,5841.00000000,1
1531217345938,1531217345932,2622812,0.00001562,735.00000000,1
1531217371587,1531217371582,2622813,0.00001568,958.00000000,0
1531217371587,1531217371582,2622814,0.00001569,69.00000000,0
1531217371587,1531217371582,2622815,0.00001571,263.00000000,0
1531217376993,1531217376988,2622816,0.00001563,451.00000000,1
1531217376993,1531217376988,2622817,0.00001562,1547.00000000,1
1531217382973,1531217382968,2622818,0.00001572,1670.00000000,0
1531217389918,1531217389913,2622819,0.00001573,505.00000000,0
1531217399605,1531217399600,2622820,0.00001567,247.00000000,1
1531217402387,1531217402383,2622821,0.00001572,247.00000000,0
1531217416438,1531217416432,2622822,0.00001573,2.00000000,0
1531217416438,1531217416432,2622823,0.00001576,380.00000000,0
1531217416438,1531217416432,2622824,0.00001578,500.00000000,0
1531217455022,1531217455017,2622825,0.00001571,415.00000000,1
1531217455022,1531217455017,2622826,0.00001570,508.00000000,1
1531217455022,1531217455017,2622827,0.00001567,1914.00000000,1
1531217455022,1531217455017,2622828,0.00001566,2554.00000000,1
1531217466713,1531217466708,2622829,0.00001575,415.00000000,0
1531217466713,1531217466708,2622830,0.00001576,506.00000000,0
1531217466713,1531217466708,2622831,0.00001579,3552.00000000,0
1531217470277,1531217470273,2622832,0.00001573,409.00000000,1
1531217477601,1531217477597,2622833,0.00001580,409.00000000,0
1531217477601,1531217477597,2622834,0.00001581,505.00000000,0
1531217477601,1531217477597,2622835,0.00001583,99.00000000,0
1531217498450,1531217498444,2622836,0.00001576,716.00000000,1
1531217500683,1531217500678,2622837,0.00001576,1.00000000,1
1531217506874,1531217506869,2622838,0.00001576,845.00000000,1
1531217530438,1531217530434,2622839,0.00001576,751.00000000,1
1531217530438,1531217530434,2622840,0.00001575,1946.00000000,1
1531217543056,1531217543052,2622841,0.00001575,91.00000000,1
1531217570485,1531217570481,2622842,0.00001575,316.00000000,1
1531217593482,1531217593477,2622843,0.00001575,5.00000000,1
1531217593482,1531217593477,2622844,0.00001572,5000.00000000,1
1531217593482,1531217593477,2622845,0.00001571,1016.00000000,1
1531217601517,1531217601512,2622846,0.00001570,409.00000000,0
1531217615335,1531217615330,2622847,0.00001570,1.00000000,0
1531217642702,1531217642698,2622848,0.00001570,65.00000000,1
1531217650299,1531217650295,2622849,0.00001571,64.00000000,0
1531217688871,1531217688867,2622850,0.00001571,566.00000000,0
1531217688898,1531217688894,2622851,0.00001571,88.00000000,0
1531217696637,1531217696633,2622852,0.00001571,3925.00000000,0
1531217754250,1531217754244,2622853,0.00001571,1.00000000,1
1531217837792,1531217837788,2622854,0.00001571,943.00000000,1
1531217837792,1531217837788,2622855,0.00001570,1111.00000000,1
1531217853786,1531217853780,2622856,0.00001575,355.00000000,0
1531217876389,1531217876384,2622857,0.00001572,470.00000000,1
1531217876389,1531217876384,2622858,0.00001570,2376.00000000,1
1531217876799,1531217876795,2622859,0.00001575,1152.00000000,0
1531217882300,1531217882296,2622860,0.00001577,364.00000000,1
1531217882300,1531217882296,2622861,0.00001576,106.00000000,1
1531217885344,1531217885340,2622862,0.00001576,170.00000000,1
1531217903980,1531217903976,2622863,0.00001576,139.00000000,1
1531217909781,1531217909777,2622864,0.00001576,69.00000000,1
1531217911567,1531217911562,2622865,0.00001576,146.00000000,1
1531217911567,1531217911562,2622866,0.00001575,796.00000000,1
1531217911577,1531217911572,2622867,0.00001570,925.00000000,1
1531217911583,1531217911579,2622868,0.00001570,146.00000000,1
1531217917089,1531217917084,2622869,0.00001570,442.00000000,1
1531217917089,1531217917084,2622870,0.00001568,509.00000000,1
1531217917089,1531217917084,2622871,0.00001566,2.00000000,1
1531217945001,1531217944997,2622872,0.00001566,2554.00000000,1
1531218048131,1531218048128,2622873,0.00001566,508.00000000,1
1531218051651,1531218051646,2622874,0.00001566,74.00000000,1
1531218074251,1531218074245,2622875,0.00001566,244.00000000,1
1531218143245,1531218143237,2622876,0.00001566,7230.00000000,1
1531218143245,1531218143237,2622877,0.00001565,6510.00000000,1
1531218143245,1531218143237,2622878,0.00001564,6572.00000000,1
1531218143245,1531218143237,2622879,0.00001562,6004.00000000,1
1531218143245,1531218143237,2622880,0.00001560,7720.00000000,1
1531218143263,1531218143258,2622881,0.00001560,418.00000000,0
1531218143264,1531218143260,2622882,0.00001560,418.00000000,0
1531218143265,1531218143260,2622883,0.00001560,3797.00000000,0
1531218143273,1531218143269,2622884,0.00001560,419.00000000,0
1531218143291,1531218143288,2622885,0.00001560,227.00000000,0
1531218143417,1531218143412,2622886,0.00001557,2554.00000000,1
1531218143437,1531218143431,2622887,0.00001560,569.00000000,0
1531218143466,1531218143462,2622888,0.00001560,5475.00000000,0
1531218143578,1531218143574,2622889,0.00001560,2543.00000000,0
1531218144915,1531218144911,2622890,0.00001559,153.00000000,0
1531218144915,1531218144911,2622891,0.00001560,438.00000000,0
1531218146799,1531218146794,2622892,0.00001559,627.00000000,0
1531218148687,1531218148683,2622893,0.00001558,364.00000000,0
1531218148687,1531218148683,2622894,0.00001559,54.00000000,0
1531218162944,1531218162938,2622895,0.00001559,118.00000000,0
1531218167242,1531218167236,2622896,0.00001559,246.00000000,0
1531218167264,1531218167261,2622897,0.00001560,525.00000000,0
1531218167265,1531218167261,2622898,0.00001560,364.00000000,0
1531218167438,1531218167434,2622899,0.00001557,453.00000000,1
1531218173182,1531218173178,2622900,0.00001559,243.00000000,0
1531218174127,1531218174122,2622901,0.00001557,195.00000000,1
1531218176164,1531218176159,2622902,0.00001559,279.00000000,0
1531218180137,1531218180133,2622903,0.00001557,123.00000000,1
1531218185268,1531218185264,2622904,0.00001557,1235.00000000,1
1531218196265,1531218196261,2622905,0.00001560,118.00000000,0
1531218202938,1531218202933,2622906,0.00001560,1529.00000000,0
1531218255738,1531218255734,2622907,0.00001560,203.00000000,0
1531218281122,1531218281116,2622908,0.00001557,5580.00000000,1
1531218281122,1531218281116,2622909,0.00001556,6147.00000000,1
1531218281385,1531218281380,2622910,0.00001556,9166.00000000,0
1531218290089,1531218290083,2622911,0.00001555,312.00000000,1
1531218309041,1531218309038,2622912,0.00001556,499.00000000,0
1531218309073,1531218309068,2622913,0.00001556,789.00000000,0
1531218311311,1531218311307,2622914,0.00001556,100.00000000,0
1531218312159,1531218312155,2622915,0.00001556,203.00000000,0
1531218328609,1531218328605,2622916,0.00001555,1044.00000000,1
1531218337628,1531218337624,2622917,0.00001556,3.00000000,0
1531218348290,1531218348286,2622918,0.00001556,999.00000000,0
1531218355046,1531218355041,2622919,0.00001555,750.00000000,1
1531218357414,1531218357410,2622920,0.00001556,985.00000000,0
1531218366307,1531218366301,2622921,0.00001555,3981.00000000,1
1531218366307,1531218366301,2622922,0.00001554,3264.00000000,1
1531218371947,1531218371943,2622923,0.00001554,313.00000000,1
1531218374340,1531218374337,2622924,0.00001556,2421.00000000,0
1531218375586,1531218375581,2622925,0.00001556,94.00000000,0
1531218410171,1531218410167,2622926,0.00001556,49.00000000,0
1531218414552,1531218414548,2622927,0.00001556,4770.00000000,0
1531218415195,1531218415191,2622928,0.00001556,3231.00000000,0
1531218416171,1531218416167,2622929,0.00001554,3690.00000000,1
1531218416171,1531218416167,2622930,0.00001553,6850.00000000,1
1531218416184,1531218416178,2622931,0.00001553,1571.00000000,0
1531218423929,1531218423924,2622932,0.00001552,6751.00000000,1
1531218423929,1531218423924,2622933,0.00001551,5456.00000000,1
1531218424167,1531218424162,2622934,0.00001556,333.00000000,0
1531218424311,1531218424307,2622935,0.00001553,1011.00000000,1
1531218426291,1531218426287,2622936,0.00001556,2197.00000000,0
1531218432171,1531218432166,2622937,0.00001551,249.00000000,1
1531218452621,1531218452617,2622938,0.00001551,313.00000000,1
1531218453348,1531218453342,2622939,0.00001552,2554.00000000,1
1531218453348,1531218453342,2622940,0.00001551,12070.00000000,1
1531218453348,1531218453342,2622941,0.00001550,19059.00000000,1
1531218453364,1531218453359,2622942,0.00001550,5074.00000000,0
1531218453379,1531218453375,2622943,0.00001550,4419.00000000,0
1531218453433,1531218453428,2622944,0.00001549,224.00000000,1
1531218453433,1531218453428,2622945,0.00001548,1301.00000000,1
1531218454477,1531218454473,2622946,0.00001549,314.00000000,1
1531218454701,1531218454697,2622947,0.00001550,65.00000000,0
1531218456357,1531218456351,2622948,0.00001550,98.00000000,0
1531218457526,1531218457520,2622949,0.00001548,775.00000000,1
1531218465357,1531218465352,2622950,0.00001549,278.00000000,1
1531218470478,1531218470472,2622951,0.00001549,16201.00000000,1
1531218470478,1531218470472,2622952,0.00001548,43374.00000000,1
1531218470661,1531218470657,2622953,0.00001548,16238.00000000,0
1531218475190,1531218475185,2622954,0.00001548,188.00000000,0
1531218481234,1531218481229,2622955,0.00001548,2218.00000000,0
1531218486111,1531218486107,2622956,0.00001547,518.00000000,1
1531218491702,1531218491698,2622957,0.00001547,1331.00000000,1
1531218497587,1531218497583,2622958,0.00001548,414.00000000,0
1531218497622,1531218497618,2622959,0.00001548,414.00000000,0
1531218508440,1531218508434,2622960,0.00001547,414.00000000,1
1531218512032,1531218512027,2622961,0.00001547,3952.00000000,1
1531218512077,1531218512073,2622962,0.00001547,499.00000000,1
1531218516194,1531218516190,2622963,0.00001547,48.00000000,1
1531218516194,1531218516190,2622964,0.00001546,1882.00000000,1
1531218518480,1531218518476,2622965,0.00001546,1849.00000000,1
1531218519980,1531218519977,2622966,0.00001548,6.00000000,0
1531218521634,1531218521630,2622967,0.00001546,389.00000000,1
1531218533156,1531218533149,2622968,0.00001546,2889.00000000,1
1531218533156,1531218533149,2622969,0.00001545,325.00000000,1
1531218541721,1531218541717,2622970,0.00001546,12471.00000000,1
1531218541721,1531218541717,2622971,0.00001545,18743.00000000,1
1531218542344,1531218542340,2622972,0.00001548,81.00000000,0
1531218542832,1531218542828,2622973,0.00001545,767.00000000,1
1531218566104,1531218566078,2622974,0.00001545,4392.00000000,1
1531218576505,1531218576501,2622975,0.00001545,135.00000000,1
1531218578670,1531218578666,2622976,0.00001545,393.00000000,1
1531218580259,1531218580253,2622977,0.00001545,2034.00000000,1
1531218586780,1531218586775,2622978,0.00001548,342.00000000,1
1531218595109,1531218595104,2622979,0.00001548,2102.00000000,1
1531218601250,1531218601244,2622980,0.00001545,310.00000000,1
1531218620390,1531218620382,2622981,0.00001547,342.00000000,0
1531218620442,1531218620437,2622982,0.00001550,909.00000000,0
1531218621608,1531218621602,2622983,0.00001555,51.00000000,0
1531218627324,1531218627320,2622984,0.00001555,13279.00000000,0
1531218642145,1531218642141,2622985,0.00001556,7566.00000000,0
