event_time,trade_time,trade_id,price,quantity,maker
1531210358177,1531210358172,925165,0.00001288,2.00000000,0
1531210359379,1531210359379,925166,0.00001286,123.00000000,1
1531210360676,1531210360676,925167,0.00001289,16560.00000000,0
1531210360688,1531210360685,925168,0.00001289,18638.00000000,0
1531210360879,1531210360875,925169,0.00001289,9369.00000000,0
1531210361021,1531210361017,925170,0.00001289,9369.00000000,0
1531210362266,1531210362262,925171,0.00001289,5873.00000000,0
1531210363111,1531210363105,925172,0.00001289,44829.00000000,0
1531210363800,1531210363796,925173,0.00001289,14794.00000000,1
1531210367772,1531210367767,925174,0.00001286,178.00000000,1
1531210369952,1531210369949,925175,0.00001289,2619.00000000,0
1531210381644,1531210381640,925176,0.00001289,721.00000000,1
1531210381671,1531210381668,925177,0.00001287,537.00000000,0
1531210394419,1531210394415,925178,0.00001289,2746.00000000,0
1531210394506,1531210394502,925179,0.00001289,2746.00000000,0
1531210396233,1531210396227,925180,0.00001289,79.00000000,0
1531210396885,1531210396879,925181,0.00001288,5904.00000000,1
1531210401403,1531210401399,925182,0.00001289,19016.00000000,0
1531210401578,1531210401571,925183,0.00001290,8262.00000000,0
1531210402395,1531210402391,925184,0.00001289,3947.00000000,1
1531210402589,1531210402585,925185,0.00001290,2353.00000000,0
1531210406881,1531210406876,925186,0.00001289,1564.00000000,1
1531210417600,1531210417597,925187,0.00001290,237.00000000,1
1531210418597,1531210418593,925188,0.00001290,2509.00000000,0
1531210418624,1531210418619,925189,0.00001289,724.00000000,1
1531210422587,1531210422585,925190,0.00001289,1234.00000000,1
1531210424596,1531210424592,925191,0.00001291,591.00000000,0
1531210434376,1531210434371,925192,0.00001291,5603.00000000,0
1531210434393,1531210434389,925193,0.00001290,250.00000000,1
1531210434412,1531210434408,925194,0.00001290,3148.00000000,1
1531210438274,1531210438270,925195,0.00001291,808.00000000,0
1531210438593,1531210438589,925196,0.00001291,437.00000000,0
1531210438614,1531210438611,925197,0.00001291,3186.00000000,0
1531210438635,1531210438631,925198,0.00001291,1747.00000000,0
1531210445915,1531210445910,925199,0.00001291,4100.00000000,0
1531210447060,1531210447057,925200,0.00001291,720.00000000,0
1531210453334,1531210453334,925201,0.00001291,2.00000000,0
1531210455184,1531210455178,925202,0.00001292,269.00000000,0
1531210455184,1531210455178,925203,0.00001292,2166.00000000,0
1531210456735,1531210456729,925204,0.00001291,3536.00000000,1
1531210457721,1531210457716,925205,0.00001291,15152.00000000,0
1531210457781,1531210457776,925206,0.00001291,3700.00000000,0
1531210458112,1531210458107,925207,0.00001291,1448.00000000,0
1531210464094,1531210464089,925208,0.00001291,1776.00000000,0
1531210464248,1531210464242,925209,0.00001290,13307.00000000,1
1531210467856,1531210467852,925210,0.00001291,5056.00000000,0
1531210468790,1531210468785,925211,0.00001291,89.00000000,0
1531210473252,1531210473248,925212,0.00001291,10253.00000000,0
1531210474845,1531210474840,925213,0.00001291,157.00000000,0
1531210478997,1531210478993,925214,0.00001291,787.00000000,0
1531210479227,1531210479223,925215,0.00001290,100.00000000,1
1531210486067,1531210486062,925216,0.00001290,763.00000000,1
1531210489888,1531210489885,925217,0.00001290,46346.00000000,1
1531210489888,1531210489885,925218,0.00001289,106989.00000000,1
1531210490591,1531210490588,925219,0.00001288,8578.00000000,1
1531210490613,1531210490610,925220,0.00001287,6381.00000000,1
1531210496998,1531210496995,925221,0.00001287,1831.00000000,0
1531210498291,1531210498285,925222,0.00001291,1190.00000000,0
1531210500635,1531210500631,925223,0.00001287,44.00000000,1
1531210500640,1531210500636,925224,0.00001287,2553.00000000,1
1531210500640,1531210500636,925225,0.00001286,78.00000000,1
1531210500651,1531210500648,925226,0.00001286,3744.00000000,0
1531210500661,1531210500657,925227,0.00001285,237.00000000,0
1531210500661,1531210500657,925228,0.00001286,320.00000000,0
1531210500681,1531210500676,925229,0.00001283,557.00000000,1
1531210505527,1531210505523,925230,0.00001287,45.00000000,1
1531210505642,1531210505637,925231,0.00001287,33.00000000,1
1531210505642,1531210505637,925232,0.00001286,360.00000000,1
1531210506223,1531210506219,925233,0.00001286,157.00000000,1
1531210509510,1531210509506,925234,0.00001286,2277.00000000,1
1531210509510,1531210509506,925235,0.00001283,10202.00000000,1
1531210510484,1531210510479,925236,0.00001286,2281.00000000,1
1531210510484,1531210510479,925237,0.00001285,2588.00000000,1
1531210510512,1531210510507,925238,0.00001285,631.00000000,0
1531210526284,1531210526280,925239,0.00001285,2570.00000000,1
1531210526284,1531210526280,925240,0.00001283,5780.00000000,1
1531210530015,1531210530012,925241,0.00001283,4096.00000000,1
1531210536156,1531210536150,925242,0.00001286,3556.00000000,1
1531210536156,1531210536150,925243,0.00001285,101.00000000,1
1531210536156,1531210536150,925244,0.00001283,70101.00000000,1
1531210545916,1531210545911,925245,0.00001288,8393.00000000,0
1531210552897,1531210552893,925246,0.00001288,1000.00000000,0
1531210558482,1531210558477,925247,0.00001288,4038.00000000,0
1531210558482,1531210558477,925248,0.00001289,118.00000000,0
1531210570341,1531210570336,925249,0.00001286,2570.00000000,1
1531210570341,1531210570336,925250,0.00001285,1104.00000000,1
1531210570366,1531210570362,925251,0.00001284,1298.00000000,0
1531210570593,1531210570588,925252,0.00001284,15167.00000000,0
1531210571588,1531210571583,925253,0.00001284,137.00000000,0
1531210575582,1531210575579,925254,0.00001283,442.00000000,1
1531210576185,1531210576180,925255,0.00001283,342.00000000,1
1531210577948,1531210577942,925256,0.00001284,1836.00000000,0
1531210579313,1531210579308,925257,0.00001284,1456.00000000,0
1531210579335,1531210579330,925258,0.00001283,64529.00000000,1
1531210579381,1531210579375,925259,0.00001283,1838.00000000,0
1531210582150,1531210582145,925260,0.00001283,207.00000000,0
1531210582397,1531210582397,925261,0.00001283,1426.00000000,0
1531210583449,1531210583444,925262,0.00001282,2313.00000000,1
1531210598023,1531210598018,925263,0.00001282,958.00000000,1
1531210598048,1531210598044,925264,0.00001282,499.00000000,0
1531210598073,1531210598072,925265,0.00001282,1.00000000,0
1531210599869,1531210599864,925266,0.00001282,1946.00000000,0
1531210608891,1531210608885,925267,0.00001281,7678.00000000,1
1531210608891,1531210608885,925268,0.00001280,18566.00000000,1
1531210608891,1531210608885,925269,0.00001279,17726.00000000,1
1531210622567,1531210622561,925270,0.00001284,19064.00000000,0
1531210622587,1531210622581,925271,0.00001283,1813.00000000,1
1531210622606,1531210622602,925272,0.00001283,6574.00000000,1
1531210651792,1531210651788,925273,0.00001283,1102.00000000,1
1531210654246,1531210654243,925274,0.00001283,343.00000000,1
1531210656307,1531210656303,925275,0.00001283,141.00000000,1
1531210671673,1531210671670,925276,0.00001284,4978.00000000,0
1531210673853,1531210673849,925277,0.00001284,717.00000000,0
1531210675562,1531210675558,925278,0.00001284,8290.00000000,0
1531210676398,1531210676394,925279,0.00001284,970.00000000,0
1531210685851,1531210685847,925280,0.00001283,1352.00000000,1
1531210685851,1531210685847,925281,0.00001281,4521.00000000,1
1531210686682,1531210686678,925282,0.00001284,21912.00000000,0
1531210690419,1531210690415,925283,0.00001284,34751.00000000,0
1531210699344,1531210699338,925284,0.00001284,1456.00000000,0
1531210699726,1531210699722,925285,0.00001284,93.00000000,0
1531210719495,1531210719490,925286,0.00001283,1801.00000000,1
1531210719495,1531210719490,925287,0.00001282,3687.00000000,1
1531210720536,1531210720532,925288,0.00001284,158.00000000,0
1531210722765,1531210722761,925289,0.00001282,4152.00000000,1
1531210724085,1531210724083,925290,0.00001283,787.00000000,0
1531210724127,1531210724123,925291,0.00001283,1766.00000000,0
1531210724266,1531210724266,925292,0.00001283,735.00000000,0
1531210733834,1531210733831,925293,0.00001284,6935.00000000,0
1531210758406,1531210758400,925294,0.00001283,1070.00000000,1
1531210758406,1531210758400,925295,0.00001282,20439.00000000,1
1531210758439,1531210758434,925296,0.00001282,51447.00000000,0
1531210758449,1531210758443,925297,0.00001282,561.00000000,0
1531210758475,1531210758470,925298,0.00001282,18740.00000000,0
1531210758591,1531210758585,925299,0.00001282,13633.00000000,0
1531210759548,1531210759545,925300,0.00001284,1456.00000000,0
1531210759900,1531210759896,925301,0.00001284,236.00000000,0
1531210761445,1531210761442,925302,0.00001283,507.00000000,0
1531210762497,1531210762493,925303,0.00001283,1070.00000000,0
1531210764285,1531210764282,925304,0.00001282,4799.00000000,1
1531210764285,1531210764282,925305,0.00001281,2654.00000000,1
1531210764298,1531210764292,925306,0.00001281,42547.00000000,0
1531210772627,1531210772622,925307,0.00001283,543.00000000,0
1531210777028,1531210777028,925308,0.00001283,394.00000000,0
1531210781713,1531210781713,925309,0.00001283,1249.00000000,0
1531210787632,1531210787628,925310,0.00001283,1846.00000000,0
1531210792344,1531210792340,925311,0.00001282,899.00000000,1
1531210796028,1531210796024,925312,0.00001282,559.00000000,0
1531210796037,1531210796034,925313,0.00001282,195.00000000,0
1531210796771,1531210796768,925314,0.00001281,800.00000000,1
1531210796771,1531210796768,925315,0.00001280,4285.00000000,1
1531210798346,1531210798342,925316,0.00001281,195.00000000,0
1531210802596,1531210802593,925317,0.00001281,139.00000000,0
1531210802733,1531210802729,925318,0.00001281,390.00000000,0
1531210807138,1531210807134,925319,0.00001280,8384.00000000,1
1531210812671,1531210812668,925320,0.00001280,924.00000000,1
1531210814412,1531210814408,925321,0.00001281,1554.00000000,0
1531210814632,1531210814632,925322,0.00001281,87.00000000,1
1531210816268,1531210816262,925323,0.00001281,1714.00000000,1
1531210816840,1531210816840,925324,0.00001280,185.00000000,1
1531210824442,1531210824438,925325,0.00001281,4480.00000000,0
1531210828072,1531210828067,925326,0.00001280,50.00000000,1
1531210838310,1531210838306,925327,0.00001281,14051.00000000,0
1531210841117,1531210841111,925328,0.00001280,1662.00000000,1
1531210841117,1531210841111,925329,0.00001279,338.00000000,1
1531210851907,1531210851902,925330,0.00001280,3937.00000000,0
1531210851927,1531210851922,925331,0.00001280,5222.00000000,0
1531210863379,1531210863375,925332,0.00001279,10537.00000000,1
1531210868708,1531210868706,925333,0.00001280,1786.00000000,0
1531210868733,1531210868728,925334,0.00001280,3769.00000000,0
1531210878953,1531210878949,925335,0.00001279,13600.00000000,1
1531210879610,1531210879607,925336,0.00001279,120.00000000,0
1531210880416,1531210880410,925337,0.00001279,4282.00000000,0
1531210881282,1531210881277,925338,0.00001279,4285.00000000,0
1531210893625,1531210893622,925339,0.00001279,2587.00000000,0
1531210928420,1531210928416,925340,0.00001280,336.00000000,0
1531210932476,1531210932472,925341,0.00001280,3753.00000000,0
1531210932476,1531210932472,925342,0.00001281,275.00000000,0
1531210940791,1531210940786,925343,0.00001280,195.00000000,1
1531210959544,1531210959540,925344,0.00001281,2889.00000000,0
1531210964894,1531210964892,925345,0.00001281,2326.00000000,0
1531210992754,1531210992751,925346,0.00001281,104.00000000,0
1531211009973,1531211009973,925347,0.00001280,8.00000000,1
1531211092535,1531211092530,925348,0.00001281,14465.00000000,0
1531211095204,1531211095204,925349,0.00001281,1.00000000,0
1531211095229,1531211095225,925350,0.00001281,4806.00000000,0
1531211106192,1531211106187,925351,0.00001281,1637.00000000,0
1531211106783,1531211106779,925352,0.00001281,12672.00000000,1
1531211111042,1531211111037,925353,0.00001283,1073.00000000,0
1531211115158,1531211115155,925354,0.00001283,898.00000000,0
1531211119662,1531211119656,925355,0.00001283,252.00000000,0
1531211119717,1531211119711,925356,0.00001281,1.00000000,1
1531211120636,1531211120633,925357,0.00001283,1943.00000000,0
1531211128932,1531211128927,925358,0.00001282,1058.00000000,0
1531211128943,1531211128938,925359,0.00001282,1530.00000000,0
1531211132605,1531211132601,925360,0.00001282,2820.00000000,0
1531211135061,1531211135057,925361,0.00001281,34456.00000000,1
1531211137538,1531211137534,925362,0.00001282,192.00000000,0
1531211141044,1531211141040,925363,0.00001281,552.00000000,1
1531211164032,1531211164028,925364,0.00001281,2597.00000000,1
1531211168440,1531211168436,925365,0.00001281,2346.00000000,1
1531211177348,1531211177342,925366,0.00001282,1600.00000000,0
1531211187165,1531211187160,925367,0.00001281,30570.00000000,1
1531211191542,1531211191538,925368,0.00001283,6252.00000000,0
1531211196248,1531211196245,925369,0.00001283,3116.00000000,0
1531211203463,1531211203458,925370,0.00001282,3116.00000000,0
1531211214627,1531211214623,925371,0.00001282,2115.00000000,0
1531211223559,1531211223554,925372,0.00001282,9476.00000000,0
1531211223559,1531211223554,925373,0.00001283,1524.00000000,0
1531211245278,1531211245274,925374,0.00001283,15772.00000000,0
1531211250715,1531211250710,925375,0.00001283,3062.00000000,0
1531211251355,1531211251349,925376,0.00001283,8750.00000000,0
1531211252887,1531211252883,925377,0.00001283,9779.00000000,0
1531211255803,1531211255798,925378,0.00001282,415.00000000,1
1531211280152,1531211280149,925379,0.00001283,338.00000000,0
1531211281312,1531211281308,925380,0.00001283,4543.00000000,0
1531211285243,1531211285239,925381,0.00001283,393.00000000,0
1531211294707,1531211294703,925382,0.00001282,6.00000000,1
1531211295448,1531211295445,925383,0.00001283,41843.00000000,0
1531211301843,1531211301838,925384,0.00001283,782.00000000,1
1531211305346,1531211305341,925385,0.00001284,2923.00000000,0
1531211311098,1531211311094,925386,0.00001284,11158.00000000,0
1531211311400,1531211311396,925387,0.00001284,410.00000000,0
1531211319626,1531211319621,925388,0.00001283,9699.00000000,1
1531211320976,1531211320972,925389,0.00001284,26686.00000000,0
1531211325460,1531211325456,925390,0.00001284,320.00000000,0
1531211326765,1531211326760,925391,0.00001284,4443.00000000,0
1531211335508,1531211335505,925392,0.00001287,218.00000000,0
1531211335637,1531211335634,925393,0.00001286,1408.00000000,1
1531211347572,1531211347567,925394,0.00001286,1390.00000000,1
1531211347572,1531211347567,925395,0.00001285,7527.00000000,1
1531211347572,1531211347567,925396,0.00001284,7090.00000000,1
1531211347591,1531211347587,925397,0.00001284,699.00000000,0
1531211347666,1531211347662,925398,0.00001284,700.00000000,0
1531211347670,1531211347665,925399,0.00001284,701.00000000,0
1531211348645,1531211348641,925400,0.00001284,700.00000000,0
1531211348683,1531211348678,925401,0.00001283,700.00000000,1
1531211350916,1531211350913,925402,0.00001284,10001.00000000,0
1531211350916,1531211350913,925403,0.00001287,227.00000000,0
1531211350944,1531211350940,925404,0.00001287,700.00000000,1
1531211350992,1531211350987,925405,0.00001287,700.00000000,1
1531211361945,1531211361941,925406,0.00001288,4328.00000000,1
1531211361976,1531211361971,925407,0.00001288,4361.00000000,1
1531211361989,1531211361985,925408,0.00001288,2327.00000000,1
1531211362042,1531211362038,925409,0.00001287,11687.00000000,1
1531211362103,1531211362099,925410,0.00001285,699.00000000,0
1531211363637,1531211363633,925411,0.00001285,535.00000000,0
1531211390282,1531211390278,925412,0.00001285,4083.00000000,1
1531211390309,1531211390304,925413,0.00001285,3754.00000000,1
1531211390333,1531211390329,925414,0.00001285,2917.00000000,1
1531211392685,1531211392680,925415,0.00001285,247.00000000,1
1531211392685,1531211392680,925416,0.00001284,5481.00000000,1
1531211392685,1531211392680,925417,0.00001282,6584.00000000,1
1531211399478,1531211399474,925418,0.00001282,10189.00000000,1
1531211400135,1531211400129,925419,0.00001282,167.00000000,1
1531211400136,1531211400131,925420,0.00001282,23.00000000,1
1531211400140,1531211400136,925421,0.00001282,3331.00000000,1
1531211404611,1531211404607,925422,0.00001285,236.00000000,0
1531211407426,1531211407420,925423,0.00001285,10668.00000000,0
1531211407426,1531211407420,925424,0.00001286,40974.00000000,0
1531211410078,1531211410073,925425,0.00001286,34056.00000000,1
1531211412480,1531211412475,925426,0.00001286,49.00000000,1
1531211413952,1531211413947,925427,0.00001289,978.00000000,0
1531211418983,1531211418979,925428,0.00001289,765.00000000,0
1531211419594,1531211419590,925429,0.00001289,207.00000000,0
1531211419613,1531211419611,925430,0.00001289,204.00000000,1
1531211424352,1531211424347,925431,0.00001287,31820.00000000,1
1531211425750,1531211425746,925432,0.00001287,204.00000000,1
1531211433268,1531211433264,925433,0.00001287,2485.00000000,0
1531211433660,1531211433657,925434,0.00001287,395.00000000,0
1531211433740,1531211433736,925435,0.00001287,5870.00000000,0
1531211433740,1531211433736,925436,0.00001288,2923.00000000,0
1531211433740,1531211433736,925437,0.00001289,66698.00000000,0
1531211433796,1531211433792,925438,0.00001289,6255.00000000,1
1531211438214,1531211438210,925439,0.00001289,29416.00000000,1
1531211441565,1531211441560,925440,0.00001290,204.00000000,0
1531211441636,1531211441633,925441,0.00001290,594.00000000,1
1531211441696,1531211441693,925442,0.00001290,7941.00000000,1
1531211443713,1531211443710,925443,0.00001289,3345.00000000,1
1531211448243,1531211448237,925444,0.00001291,122.00000000,0
1531211450703,1531211450698,925445,0.00001289,28978.00000000,1
1531211452788,1531211452784,925446,0.00001289,1000.00000000,0
1531211457136,1531211457131,925447,0.00001289,770.00000000,0
1531211459331,1531211459327,925448,0.00001289,2697.00000000,0
1531211465818,1531211465813,925449,0.00001289,79.00000000,0
1531211466768,1531211466763,925450,0.00001286,78.00000000,1
1531211466793,1531211466788,925451,0.00001286,221.00000000,1
1531211471872,1531211471866,925452,0.00001287,252.00000000,1
1531211481613,1531211481609,925453,0.00001287,2137.00000000,1
1531211483796,1531211483792,925454,0.00001287,517.00000000,0
1531211490218,1531211490218,925455,0.00001284,5074.00000000,1
1531211499135,1531211499130,925456,0.00001286,6499.00000000,0
1531211499150,1531211499146,925457,0.00001285,2029.00000000,1
1531211499169,1531211499168,925458,0.00001285,2462.00000000,1
1531211510803,1531211510802,925459,0.00001287,32815.00000000,0
1531211512706,1531211512702,925460,0.00001284,22248.00000000,0
1531211521673,1531211521669,925461,0.00001287,20.00000000,0
1531211527472,1531211527468,925462,0.00001287,116.00000000,0
1531211527524,1531211527520,925463,0.00001286,270.00000000,1
1531211533573,1531211533570,925464,0.00001283,763.00000000,1
1531211534954,1531211534950,925465,0.00001287,36169.00000000,0
1531211535524,1531211535519,925466,0.00001287,6333.00000000,1
1531211535711,1531211535704,925467,0.00001286,3667.00000000,0
1531211541874,1531211541871,925468,0.00001289,223.00000000,0
1531211546245,1531211546241,925469,0.00001286,1741.00000000,0
1531211546262,1531211546258,925470,0.00001285,6919.00000000,1
1531211559402,1531211559398,925471,0.00001288,442.00000000,0
1531211571786,1531211571781,925472,0.00001285,731.00000000,1
1531211571799,1531211571796,925473,0.00001285,3899.00000000,1
1531211592145,1531211592140,925474,0.00001286,6782.00000000,1
1531211592171,1531211592167,925475,0.00001286,596.00000000,0
1531211592181,1531211592177,925476,0.00001286,18682.00000000,0
1531211592242,1531211592239,925477,0.00001286,597.00000000,0
1531211592327,1531211592322,925478,0.00001286,13018.00000000,0
1531211607837,1531211607832,925479,0.00001286,553.00000000,0
1531211609823,1531211609818,925480,0.00001286,394.00000000,0
1531211611473,1531211611468,925481,0.00001286,16200.00000000,0
1531211611716,1531211611713,925482,0.00001286,10817.00000000,0
1531211617162,1531211617158,925483,0.00001284,205.00000000,1
1531211623745,1531211623741,925484,0.00001285,405.00000000,1
1531211625574,1531211625570,925485,0.00001285,315.00000000,1
1531211638574,1531211638570,925486,0.00001286,7776.00000000,0
1531211644240,1531211644234,925487,0.00001286,1600.00000000,0
1531211650070,1531211650065,925488,0.00001285,897.00000000,1
1531211673490,1531211673485,925489,0.00001285,11063.00000000,1
1531211673971,1531211673966,925490,0.00001285,2975.00000000,1
1531211682508,1531211682504,925491,0.00001285,1219.00000000,0
1531211692027,1531211692022,925492,0.00001284,5585.00000000,1
1531211697546,1531211697543,925493,0.00001284,3773.00000000,1
1531211702135,1531211702131,925494,0.00001284,15280.00000000,0
1531211704840,1531211704835,925495,0.00001284,23406.00000000,0
1531211707297,1531211707294,925496,0.00001285,58332.00000000,0
1531211708287,1531211708283,925497,0.00001285,4540.00000000,1
1531211711529,1531211711523,925498,0.00001285,14949.00000000,1
1531211720896,1531211720891,925499,0.00001285,20139.00000000,0
1531211727028,1531211727023,925500,0.00001283,35.00000000,1
1531211742318,1531211742314,925501,0.00001283,70.00000000,1
1531211742398,1531211742393,925502,0.00001284,770.00000000,0
1531211750500,1531211750496,925503,0.00001283,657.00000000,1
1531211752493,1531211752488,925504,0.00001284,4230.00000000,0
1531211761322,1531211761318,925505,0.00001284,21575.00000000,1
1531211768195,1531211768190,925506,0.00001283,13.00000000,1
1531211770226,1531211770222,925507,0.00001283,5481.00000000,1
1531211772171,1531211772166,925508,0.00001284,7788.00000000,0
1531211791209,1531211791205,925509,0.00001284,3577.00000000,0
1531211794124,1531211794106,925510,0.00001283,2311.00000000,1
1531211814296,1531211814293,925511,0.00001284,117.00000000,0
1531211819807,1531211819802,925512,0.00001283,334.00000000,1
1531211854969,1531211854964,925513,0.00001284,100.00000000,0
1531211855907,1531211855901,925514,0.00001283,4028.00000000,1
1531211859936,1531211859932,925515,0.00001283,4143.00000000,1
1531211867000,1531211866997,925516,0.00001283,1633.00000000,1
1531211876678,1531211876675,925517,0.00001283,118.00000000,0
1531211883456,1531211883452,925518,0.00001282,86.00000000,1
1531211906805,1531211906799,925519,0.00001282,1785.00000000,1
1531211921034,1531211921033,925520,0.00001282,454.00000000,1
1531211921161,1531211921156,925521,0.00001282,37303.00000000,1
1531211936105,1531211936100,925522,0.00001282,40472.00000000,1
1531211941076,1531211941071,925523,0.00001282,8911.00000000,1
1531211942617,1531211942612,925524,0.00001282,11255.00000000,1
1531211953914,1531211953910,925525,0.00001282,40766.00000000,1
1531211976447,1531211976442,925526,0.00001282,1073.00000000,1
1531211976478,1531211976474,925527,0.00001282,700.00000000,0
1531211976481,1531211976476,925528,0.00001282,699.00000000,0
1531212001729,1531212001725,925529,0.00001282,10135.00000000,0
1531212012144,1531212012140,925530,0.00001282,79.00000000,0
1531212013084,1531212013080,925531,0.00001282,10394.00000000,0
1531212024432,1531212024429,925532,0.00001282,80.00000000,0
1531212030074,1531212030071,925533,0.00001282,24918.00000000,0
1531212031160,1531212031155,925534,0.00001282,50.00000000,0
1531212034574,1531212034571,925535,0.00001281,2434.00000000,1
1531212034574,1531212034571,925536,0.00001281,4978.00000000,1
1531212061730,1531212061727,925537,0.00001281,1333.00000000,1
1531212067821,1531212067817,925538,0.00001281,11229.00000000,1
1531212085782,1531212085777,925539,0.00001282,16331.00000000,0
1531212100098,1531212100095,925540,0.00001281,40697.00000000,1
1531212114653,1531212114651,925541,0.00001281,17497.00000000,1
1531212115394,1531212115391,925542,0.00001282,524.00000000,0
1531212128586,1531212128582,925543,0.00001282,3885.00000000,0
1531212134145,1531212134141,925544,0.00001282,1600.00000000,1
1531212134145,1531212134141,925545,0.00001281,6290.00000000,1
1531212136348,1531212136343,925546,0.00001281,142159.00000000,1
1531212138200,1531212138196,925547,0.00001281,5000.00000000,1
1531212169677,1531212169673,925548,0.00001283,265.00000000,0
1531212169702,1531212169697,925549,0.00001283,6984.00000000,0
1531212183152,1531212183148,925550,0.00001282,86.00000000,1
1531212191344,1531212191341,925551,0.00001282,22.00000000,1
1531212194475,1531212194471,925552,0.00001282,2177.00000000,1
1531212195337,1531212195335,925553,0.00001281,51980.00000000,1
1531212196516,1531212196512,925554,0.00001281,21103.00000000,1
1531212203415,1531212203410,925555,0.00001281,5000.00000000,1
1531212205756,1531212205753,925556,0.00001281,31931.00000000,1
1531212206799,1531212206795,925557,0.00001281,5485.00000000,1
1531212209774,1531212209771,925558,0.00001281,2651.00000000,1
1531212212192,1531212212186,925559,0.00001282,1500.00000000,0
1531212212389,1531212212386,925560,0.00001281,738.00000000,1
1531212271662,1531212271657,925561,0.00001281,1182.00000000,1
1531212296327,1531212296323,925562,0.00001281,987.00000000,1
1531212296717,1531212296713,925563,0.00001281,11.00000000,1
1531212302028,1531212302025,925564,0.00001281,9626.00000000,1
1531212330681,1531212330677,925565,0.00001281,5000.00000000,1
1531212331345,1531212331340,925566,0.00001282,1.00000000,0
1531212335443,1531212335438,925567,0.00001281,3009.00000000,1
1531212343914,1531212343911,925568,0.00001281,226561.00000000,1
1531212344668,1531212344663,925569,0.00001281,33.00000000,1
1531212349112,1531212349109,925570,0.00001281,769.00000000,1
1531212363600,1531212363596,925571,0.00001281,1192.00000000,1
1531212368254,1531212368250,925572,0.00001281,104.00000000,1
1531212373108,1531212373102,925573,0.00001281,24000.00000000,1
1531212379238,1531212379235,925574,0.00001281,5000.00000000,1
1531212393028,1531212393025,925575,0.00001281,124.00000000,1
1531212393932,1531212393927,925576,0.00001282,27748.00000000,0
1531212396056,1531212396052,925577,0.00001281,43995.00000000,1
1531212402016,1531212402012,925578,0.00001282,1788.00000000,0
1531212412740,1531212412734,925579,0.00001281,6500.00000000,1
1531212417051,1531212417047,925580,0.00001282,4808.00000000,0
1531212417051,1531212417047,925581,0.00001283,5192.00000000,0
1531212417357,1531212417354,925582,0.00001283,80.00000000,0
1531212421741,1531212421738,925583,0.00001283,2500.00000000,0
1531212427764,1531212427760,925584,0.00001282,5068.00000000,0
1531212431893,1531212431892,925585,0.00001282,26.00000000,0
1531212431893,1531212431892,925586,0.00001283,2474.00000000,0
1531212440917,1531212440914,925587,0.00001283,2500.00000000,0
1531212449740,1531212449736,925588,0.00001283,2500.00000000,0
1531212452393,1531212452390,925589,0.00001283,764.00000000,0
1531212457648,1531212457644,925590,0.00001281,327.00000000,1
1531212459605,1531212459597,925591,0.00001281,1702.00000000,1
1531212459605,1531212459597,925592,0.00001279,42346.00000000,1
1531212459605,1531212459597,925593,0.00001278,2006.00000000,1
1531212459605,1531212459597,925594,0.00001277,169183.00000000,1
1531212459606,1531212459597,925595,0.00001276,548.00000000,1
1531212459620,1531212459614,925596,0.00001276,574.00000000,0
1531212459620,1531212459615,925597,0.00001276,574.00000000,0
1531212459620,1531212459615,925598,0.00001276,574.00000000,0
1531212459620,1531212459615,925599,0.00001276,327.00000000,0
1531212459623,1531212459619,925600,0.00001276,327.00000000,0
1531212459626,1531212459621,925601,0.00001276,327.00000000,0
1531212459627,1531212459623,925602,0.00001276,327.00000000,0
1531212459628,1531212459624,925603,0.00001276,327.00000000,0
1531212459629,1531212459624,925604,0.00001276,327.00000000,0
1531212459629,1531212459626,925605,0.00001276,327.00000000,0
1531212459630,1531212459626,925606,0.00001276,327.00000000,0
1531212459633,1531212459628,925607,0.00001276,327.00000000,0
1531212459634,1531212459628,925608,0.00001275,1148.00000000,1
1531212459634,1531212459629,925609,0.00001276,327.00000000,0
1531212459635,1531212459630,925610,0.00001276,327.00000000,0
1531212459637,1531212459632,925611,0.00001276,537.00000000,0
1531212459638,1531212459632,925612,0.00001276,8223.00000000,0
1531212459641,1531212459636,925613,0.00001277,327.00000000,0
1531212459646,1531212459640,925614,0.00001277,247.00000000,0
1531212459646,1531212459640,925615,0.00001278,2504.00000000,0
1531212459703,1531212459700,925616,0.00001278,1423.00000000,0
1531212459716,1531212459712,925617,0.00001278,1559.00000000,0
1531212459723,1531212459719,925618,0.00001278,284.00000000,0
1531212459729,1531212459725,925619,0.00001278,136.00000000,0
1531212459784,1531212459780,925620,0.00001278,764.00000000,0
1531212460787,1531212460778,925621,0.00001278,764.00000000,1
1531212464475,1531212464471,925622,0.00001281,4145.00000000,0
1531212467602,1531212467598,925623,0.00001282,2089.00000000,0
1531212468021,1531212468017,925624,0.00001278,414.00000000,1
1531212468021,1531212468017,925625,0.00001277,327.00000000,1
1531212468021,1531212468017,925626,0.00001275,313.00000000,1
1531212474235,1531212474229,925627,0.00001277,2804.00000000,1
1531212474235,1531212474229,925628,0.00001276,476.00000000,1
1531212474235,1531212474229,925629,0.00001275,9422.00000000,1
1531212475771,1531212475766,925630,0.00001281,2789.00000000,0
1531212482762,1531212482758,925631,0.00001282,31430.00000000,0
1531212487333,1531212487330,925632,0.00001277,4276.00000000,1
1531212487757,1531212487752,925633,0.00001279,473.00000000,0
1531212490456,1531212490447,925634,0.00001275,28290.00000000,1
1531212490456,1531212490447,925635,0.00001274,361.00000000,1
1531212490456,1531212490447,925636,0.00001272,1129.00000000,1
1531212490456,1531212490447,925637,0.00001271,8732.00000000,1
1531212490456,1531212490447,925638,0.00001270,55569.00000000,1
1531212490467,1531212490461,925639,0.00001270,5919.00000000,0
1531212490856,1531212490852,925640,0.00001279,3.00000000,0
1531212490856,1531212490852,925641,0.00001281,389.00000000,0
1531212490954,1531212490949,925642,0.00001269,58.00000000,1
1531212492724,1531212492720,925643,0.00001269,651.00000000,1
1531212494494,1531212494488,925644,0.00001276,2584.00000000,0
1531212496026,1531212496019,925645,0.00001276,13.00000000,0
1531212496027,1531212496019,925646,0.00001277,554.00000000,0
1531212496878,1531212496873,925647,0.00001277,170.00000000,0
1531212496879,1531212496873,925648,0.00001278,169.00000000,0
1531212497611,1531212497606,925649,0.00001278,392.00000000,0
1531212500771,1531212500767,925650,0.00001277,392.00000000,0
1531212503979,1531212503974,925651,0.00001277,1246.00000000,0
1531212504654,1531212504649,925652,0.00001272,1599.00000000,0
1531212504682,1531212504678,925653,0.00001272,1599.00000000,0
1531212504714,1531212504709,925654,0.00001272,275.00000000,0
1531212504730,1531212504726,925655,0.00001272,402.00000000,0
1531212507515,1531212507511,925656,0.00001272,11620.00000000,0
1531212515804,1531212515800,925657,0.00001271,229.00000000,0
1531212515820,1531212515817,925658,0.00001271,229.00000000,0
1531212515836,1531212515829,925659,0.00001271,213.00000000,0
1531212515870,1531212515864,925660,0.00001271,229.00000000,0
1531212517093,1531212517089,925661,0.00001271,754.00000000,0
1531212518673,1531212518670,925662,0.00001270,145.00000000,1
1531212518794,1531212518790,925663,0.00001271,1445.00000000,0
1531212519671,1531212519666,925664,0.00001271,469.00000000,0
1531212522283,1531212522280,925665,0.00001271,86.00000000,0
1531212525730,1531212525726,925666,0.00001271,69.00000000,0
1531212527620,1531212527616,925667,0.00001271,2271.00000000,0
1531212532195,1531212532192,925668,0.00001269,113.00000000,1
1531212532227,1531212532223,925669,0.00001269,634.00000000,0
1531212532232,1531212532227,925670,0.00001269,1.00000000,0
1531212537471,1531212537467,925671,0.00001268,71629.00000000,1
1531212547998,1531212547994,925672,0.00001270,13432.00000000,0
1531212548010,1531212548005,925673,0.00001269,5127.00000000,1
1531212579880,1531212579876,925674,0.00001270,6256.00000000,1
1531212581005,1531212581001,925675,0.00001270,212.00000000,0
1531212586215,1531212586208,925676,0.00001269,1000.00000000,1
1531212586215,1531212586208,925677,0.00001268,26060.00000000,1
1531212586228,1531212586223,925678,0.00001268,8853.00000000,0
1531212593026,1531212593017,925679,0.00001268,418.00000000,1
1531212593026,1531212593017,925680,0.00001267,4003.00000000,1
1531212593026,1531212593017,925681,0.00001266,1659.00000000,1
1531212593026,1531212593017,925682,0.00001265,4856.00000000,1
1531212593026,1531212593017,925683,0.00001263,6203.00000000,1
1531212593026,1531212593017,925684,0.00001262,492.00000000,1
1531212593026,1531212593017,925685,0.00001261,11770.00000000,1
1531212593026,1531212593017,925686,0.00001260,34761.00000000,1
1531212593026,1531212593017,925687,0.00001260,2749.00000000,1
1531212593026,1531212593017,925688,0.00001260,785.00000000,1
1531212593794,1531212593790,925689,0.00001267,475.00000000,0
1531212593923,1531212593916,925690,0.00001267,261.00000000,0
1531212600631,1531212600626,925691,0.00001269,2676.00000000,0
1531212600660,1531212600656,925692,0.00001269,416.00000000,0
1531212600756,1531212600751,925693,0.00001269,1619.00000000,0
1531212601282,1531212601278,925694,0.00001267,5714.00000000,0
1531212604802,1531212604798,925695,0.00001267,79.00000000,1
1531212607276,1531212607269,925696,0.00001264,187.00000000,1
1531212607276,1531212607269,925697,0.00001262,238.00000000,1
1531212607276,1531212607269,925698,0.00001260,36502.00000000,1
1531212610308,1531212610306,925699,0.00001263,87.00000000,0
1531212612448,1531212612443,925700,0.00001262,1009.00000000,1
1531212612476,1531212612473,925701,0.00001260,1267.00000000,0
1531212612527,1531212612522,925702,0.00001260,875.00000000,0
1531212612610,1531212612606,925703,0.00001260,876.00000000,0
1531212612802,1531212612798,925704,0.00001259,498.00000000,1
1531212612864,1531212612859,925705,0.00001260,23.00000000,0
1531212613430,1531212613426,925706,0.00001260,115.00000000,0
1531212616257,1531212616256,925707,0.00001260,5950.00000000,0
1531212616359,1531212616355,925708,0.00001258,218.00000000,1
1531212618962,1531212618958,925709,0.00001258,5028.00000000,1
1531212619074,1531212619069,925710,0.00001258,2828.00000000,0
1531212620304,1531212620299,925711,0.00001258,1872.00000000,0
1531212620304,1531212620299,925712,0.00001259,125.00000000,0
1531212620304,1531212620299,925713,0.00001260,28796.00000000,0
1531212620330,1531212620327,925714,0.00001263,3000.00000000,1
1531212620344,1531212620342,925715,0.00001263,562.00000000,1
1531212620790,1531212620786,925716,0.00001263,1274.00000000,1
1531212624664,1531212624660,925717,0.00001264,83.00000000,0
1531212624835,1531212624831,925718,0.00001260,1009.00000000,1
1531212625790,1531212625786,925719,0.00001260,1923.00000000,0
1531212627553,1531212627549,925720,0.00001263,3415.00000000,1
1531212627553,1531212627549,925721,0.00001260,2939.00000000,1
1531212627553,1531212627549,925722,0.00001259,942.00000000,1
1531212629648,1531212629643,925723,0.00001261,2830.00000000,0
1531212629657,1531212629653,925724,0.00001259,419.00000000,1
1531212633710,1531212633701,925725,0.00001257,3622.00000000,1
1531212633710,1531212633701,925726,0.00001256,1180.00000000,1
1531212633710,1531212633701,925727,0.00001255,1212.00000000,1
1531212633710,1531212633701,925728,0.00001254,1036.00000000,1
1531212633710,1531212633701,925729,0.00001253,160.00000000,1
1531212633710,1531212633701,925730,0.00001252,9401.00000000,1
1531212633710,1531212633701,925731,0.00001251,28534.00000000,1
1531212633733,1531212633727,925732,0.00001251,21905.00000000,0
1531212633742,1531212633736,925733,0.00001251,21908.00000000,0
1531212633755,1531212633750,925734,0.00001251,562.00000000,0
1531212633777,1531212633773,925735,0.00001251,1116.00000000,0
1531212633798,1531212633794,925736,0.00001251,1203.00000000,0
1531212634013,1531212634008,925737,0.00001250,64357.00000000,1
1531212634013,1531212634008,925738,0.00001251,565.00000000,0
1531212634019,1531212634008,925739,0.00001250,24008.00000000,1
1531212634019,1531212634008,925740,0.00001249,14913.00000000,1
1531212634019,1531212634008,925741,0.00001249,550.00000000,1
1531212634138,1531212634133,925742,0.00001251,1284.00000000,0
1531212634454,1531212634449,925743,0.00001251,183.00000000,0
1531212634461,1531212634457,925744,0.00001251,1009.00000000,0
1531212634463,1531212634458,925745,0.00001251,1036.00000000,0
1531212634463,1531212634458,925746,0.00001253,1903.00000000,0
1531212634765,1531212634762,925747,0.00001253,362.00000000,0
1531212636125,1531212636120,925748,0.00001250,45.00000000,0
1531212636739,1531212636734,925749,0.00001249,134.00000000,1
1531212636742,1531212636737,925750,0.00001250,679.00000000,0
1531212637207,1531212637201,925751,0.00001249,5472.00000000,1
1531212637240,1531212637236,925752,0.00001249,158.00000000,1
1531212637318,1531212637315,925753,0.00001249,313.00000000,1
1531212637689,1531212637685,925754,0.00001249,436.00000000,1
1531212639228,1531212639224,925755,0.00001250,120.00000000,0
1531212639950,1531212639945,925756,0.00001249,435.00000000,1
1531212640225,1531212640222,925757,0.00001249,63.00000000,1
1531212642128,1531212642123,925758,0.00001249,84.00000000,0
1531212643847,1531212643844,925759,0.00001249,2.00000000,0
1531212643847,1531212643844,925760,0.00001250,378.00000000,0
1531212646370,1531212646362,925761,0.00001249,1354.00000000,1
1531212646370,1531212646362,925762,0.00001248,2188.00000000,1
1531212646370,1531212646362,925763,0.00001247,3754.00000000,1
1531212646370,1531212646362,925764,0.00001246,1546.00000000,1
1531212647945,1531212647939,925765,0.00001247,298.00000000,1
1531212648839,1531212648833,925766,0.00001247,3354.00000000,1
1531212650753,1531212650748,925767,0.00001247,146.00000000,0
1531212651653,1531212651649,925768,0.00001247,4076.00000000,0
1531212654350,1531212654345,925769,0.00001247,8653.00000000,0
1531212657857,1531212657854,925770,0.00001248,99.00000000,1
1531212658253,1531212658248,925771,0.00001248,811.00000000,1
1531212661162,1531212661157,925772,0.00001249,220.00000000,1
1531212663445,1531212663439,925773,0.00001249,89.00000000,1
1531212663910,1531212663905,925774,0.00001250,682.00000000,0
1531212665813,1531212665810,925775,0.00001250,361.00000000,1
1531212666150,1531212666145,925776,0.00001250,174.00000000,1
1531212667778,1531212667773,925777,0.00001252,770.00000000,0
1531212667778,1531212667773,925778,0.00001253,1404.00000000,0
1531212668631,1531212668629,925779,0.00001253,798.00000000,0
1531212671750,1531212671746,925780,0.00001250,89.00000000,1
1531212676534,1531212676531,925781,0.00001251,1103.00000000,1
1531212676863,1531212676860,925782,0.00001251,1116.00000000,1
1531212680312,1531212680308,925783,0.00001251,12700.00000000,1
1531212680312,1531212680308,925784,0.00001250,52366.00000000,1
1531212680312,1531212680308,925785,0.00001249,12218.00000000,1
1531212691863,1531212691859,925786,0.00001251,780.00000000,0
1531212692873,1531212692869,925787,0.00001250,1191.00000000,1
1531212692873,1531212692869,925788,0.00001249,14786.00000000,1
1531212693383,1531212693378,925789,0.00001249,437.00000000,0
1531212701800,1531212701795,925790,0.00001250,563.00000000,1
1531212701852,1531212701848,925791,0.00001248,11724.00000000,1
1531212703680,1531212703675,925792,0.00001251,5.00000000,0
1531212708955,1531212708952,925793,0.00001249,2223.00000000,1
1531212711679,1531212711674,925794,0.00001250,3441.00000000,0
1531212711692,1531212711687,925795,0.00001249,4898.00000000,1
1531212716045,1531212716040,925796,0.00001248,122.00000000,1
1531212729669,1531212729664,925797,0.00001249,1539.00000000,0
1531212729669,1531212729664,925798,0.00001251,3885.00000000,0
1531212729669,1531212729664,925799,0.00001252,3657.00000000,0
1531212738106,1531212738100,925800,0.00001253,1005.00000000,0
1531212740409,1531212740405,925801,0.00001254,485.00000000,0
1531212742081,1531212742077,925802,0.00001254,344.00000000,0
1531212743658,1531212743650,925803,0.00001254,141.00000000,0
1531212743658,1531212743650,925804,0.00001256,348.00000000,0
1531212743658,1531212743650,925805,0.00001257,2299.00000000,0
1531212743658,1531212743650,925806,0.00001258,875.00000000,0
1531212743658,1531212743650,925807,0.00001259,2795.00000000,0
1531212744327,1531212744322,925808,0.00001253,294.00000000,1
1531212744327,1531212744322,925809,0.00001252,79730.00000000,1
1531212744327,1531212744322,925810,0.00001249,1345.00000000,1
1531212744327,1531212744322,925811,0.00001248,163351.00000000,1
1531212748347,1531212748342,925812,0.00001254,227.00000000,1
1531212749512,1531212749507,925813,0.00001255,7968.00000000,1
1531212749521,1531212749516,925814,0.00001253,335.00000000,1
1531212749521,1531212749516,925815,0.00001251,127.00000000,1
1531212749521,1531212749516,925816,0.00001249,4332.00000000,1
1531212749521,1531212749516,925817,0.00001248,3174.00000000,1
1531212752853,1531212752847,925818,0.00001250,3.00000000,1
1531212755829,1531212755825,925819,0.00001251,2410.00000000,1
1531212755829,1531212755825,925820,0.00001248,3636.00000000,1
1531212773519,1531212773515,925821,0.00001253,100.00000000,0
1531212788173,1531212788169,925822,0.00001252,6764.00000000,1
1531212788187,1531212788183,925823,0.00001252,6628.00000000,0
1531212788206,1531212788201,925824,0.00001252,6764.00000000,1
1531212794185,1531212794180,925825,0.00001253,127.00000000,0
1531212811247,1531212811244,925826,0.00001254,421.00000000,0
1531212815937,1531212815934,925827,0.00001254,107.00000000,1
1531212816289,1531212816285,925828,0.00001254,154.00000000,0
1531212816289,1531212816285,925829,0.00001255,82.00000000,0
1531212819776,1531212819769,925830,0.00001255,1272.00000000,0
1531212819776,1531212819769,925831,0.00001256,127.00000000,0
1531212819776,1531212819769,925832,0.00001257,2649.00000000,0
1531212819776,1531212819769,925833,0.00001258,1085.00000000,0
1531212819776,1531212819769,925834,0.00001259,7248.00000000,0
1531212819776,1531212819769,925835,0.00001260,20049.00000000,0
1531212822417,1531212822413,925836,0.00001260,46.00000000,0
1531212824924,1531212824918,925837,0.00001256,227.00000000,1
1531212829254,1531212829251,925838,0.00001260,1602.00000000,0
1531212831009,1531212831004,925839,0.00001260,1202.00000000,0
1531212834853,1531212834850,925840,0.00001260,901.00000000,0
1531212836522,1531212836517,925841,0.00001258,6027.00000000,1
1531212841728,1531212841723,925842,0.00001260,80.00000000,0
1531212858685,1531212858681,925843,0.00001260,1000.00000000,0
1531212866607,1531212866604,925844,0.00001260,6377.00000000,0
1531212866664,1531212866660,925845,0.00001260,562.00000000,1
1531212866873,1531212866869,925846,0.00001260,111.00000000,1
1531212867665,1531212867660,925847,0.00001261,50.00000000,0
1531212867803,1531212867800,925848,0.00001260,52.00000000,1
1531212868177,1531212868172,925849,0.00001261,1070.00000000,0
1531212868507,1531212868502,925850,0.00001261,3.00000000,0
1531212888746,1531212888742,925851,0.00001261,7407.00000000,1
1531212891575,1531212891570,925852,0.00001262,3479.00000000,0
1531212892347,1531212892343,925853,0.00001262,471.00000000,0
1531212892347,1531212892343,925854,0.00001263,2730.00000000,0
1531212897881,1531212897876,925855,0.00001263,45.00000000,0
1531212900492,1531212900486,925856,0.00001263,422.00000000,0
1531212900492,1531212900486,925857,0.00001264,1915.00000000,0
1531212900492,1531212900486,925858,0.00001265,14930.00000000,0
1531212900807,1531212900802,925859,0.00001265,45.00000000,1
1531212908925,1531212908921,925860,0.00001266,2752.00000000,0
1531212912623,1531212912617,925861,0.00001266,3934.00000000,0
1531212915070,1531212915066,925862,0.00001267,7035.00000000,0
1531212917836,1531212917832,925863,0.00001268,9718.00000000,0
1531212922407,1531212922402,925864,0.00001267,995.00000000,0
1531212922407,1531212922402,925865,0.00001268,6642.00000000,0
1531212924208,1531212924202,925866,0.00001268,995.00000000,0
1531212924208,1531212924202,925867,0.00001269,4463.00000000,0
1531212924208,1531212924202,925868,0.00001270,2179.00000000,0
1531212927349,1531212927344,925869,0.00001270,7348.00000000,0
1531212940018,1531212940014,925870,0.00001270,3.00000000,1
1531212942227,1531212942223,925871,0.00001271,1094.00000000,1
1531212942623,1531212942619,925872,0.00001273,80.00000000,0
1531212942648,1531212942644,925873,0.00001273,47.00000000,0
1531212942820,1531212942814,925874,0.00001271,111.00000000,1
1531212942820,1531212942814,925875,0.00001270,1867.00000000,1
1531212943497,1531212943493,925876,0.00001273,1587.00000000,0
1531212944490,1531212944484,925877,0.00001270,335.00000000,0
1531212944822,1531212944817,925878,0.00001270,59.00000000,1
1531212947248,1531212947243,925879,0.00001272,2939.00000000,0
1531212948654,1531212948649,925880,0.00001274,1187.00000000,0
1531212952596,1531212952590,925881,0.00001274,195.00000000,0
1531212954769,1531212954764,925882,0.00001273,196.00000000,0
1531212956984,1531212956980,925883,0.00001272,2939.00000000,0
1531212960249,1531212960243,925884,0.00001273,80.00000000,0
1531212962812,1531212962807,925885,0.00001271,394.00000000,1
1531212963315,1531212963310,925886,0.00001272,3761.00000000,0
1531212966938,1531212966934,925887,0.00001273,3800.00000000,0
1531212967585,1531212967581,925888,0.00001275,50.00000000,0
1531212974116,1531212974110,925889,0.00001268,1492.00000000,1
1531212974116,1531212974110,925890,0.00001267,514.00000000,1
1531212974116,1531212974110,925891,0.00001266,6636.00000000,1
1531212979393,1531212979388,925892,0.00001266,294.00000000,1
1531212984922,1531212984917,925893,0.00001266,669.00000000,0
1531212984929,1531212984925,925894,0.00001266,151.00000000,0
1531212985525,1531212985519,925895,0.00001273,294.00000000,0
1531212985525,1531212985519,925896,0.00001274,1133.00000000,0
1531212989912,1531212989908,925897,0.00001267,510.00000000,1
1531212989912,1531212989908,925898,0.00001266,8147.00000000,1
1531212989912,1531212989908,925899,0.00001265,639.00000000,1
1531212989912,1531212989908,925900,0.00001264,2178.00000000,1
1531212989912,1531212989908,925901,0.00001263,8198.00000000,1
1531212989926,1531212989921,925902,0.00001263,12725.00000000,0
1531212995071,1531212995067,925903,0.00001269,840.00000000,0
1531212995071,1531212995067,925904,0.00001270,385.00000000,0
1531212995071,1531212995067,925905,0.00001271,129.00000000,0
1531213004967,1531213004963,925906,0.00001265,2530.00000000,1
1531213004977,1531213004975,925907,0.00001265,5443.00000000,1
1531213022812,1531213022807,925908,0.00001267,510.00000000,0
1531213034315,1531213034308,925909,0.00001265,332.00000000,1
1531213034315,1531213034308,925910,0.00001261,899.00000000,1
1531213034315,1531213034308,925911,0.00001260,4623.00000000,1
1531213047883,1531213047879,925912,0.00001262,5274.00000000,1
1531213057823,1531213057818,925913,0.00001266,447.00000000,0
1531213061970,1531213061965,925914,0.00001262,91.00000000,1
1531213071605,1531213071601,925915,0.00001265,995.00000000,1
1531213071605,1531213071601,925916,0.00001262,1949.00000000,1
1531213071605,1531213071601,925917,0.00001261,2910.00000000,1
1531213077114,1531213077108,925918,0.00001263,3932.00000000,1
1531213077114,1531213077108,925919,0.00001261,4770.00000000,1
1531213081742,1531213081737,925920,0.00001266,516.00000000,0
1531213081742,1531213081737,925921,0.00001267,102.00000000,0
1531213081742,1531213081737,925922,0.00001269,2328.00000000,0
1531213081742,1531213081737,925923,0.00001271,1657.00000000,0
1531213081742,1531213081737,925924,0.00001272,403.00000000,0
1531213082545,1531213082540,925925,0.00001272,40.00000000,0
1531213115572,1531213115567,925926,0.00001270,10.00000000,0
1531213123561,1531213123556,925927,0.00001271,80.00000000,1
1531213140834,1531213140831,925928,0.00001269,395.00000000,1
1531213165674,1531213165669,925929,0.00001268,9159.00000000,0
1531213165684,1531213165680,925930,0.00001266,3523.00000000,1
1531213185184,1531213185180,925931,0.00001269,971.00000000,0
1531213197909,1531213197905,925932,0.00001266,923.00000000,1
1531213203159,1531213203155,925933,0.00001267,7693.00000000,1
1531213203162,1531213203158,925934,0.00001267,386.00000000,1
1531213203179,1531213203176,925935,0.00001267,54.00000000,1
1531213208000,1531213207996,925936,0.00001267,3086.00000000,1
1531213208014,1531213208010,925937,0.00001267,3974.00000000,0
1531213208028,1531213208024,925938,0.00001267,3086.00000000,1
1531213209558,1531213209554,925939,0.00001268,8.00000000,0
1531213215079,1531213215076,925940,0.00001268,96.00000000,0
1531213219488,1531213219482,925941,0.00001270,4049.00000000,0
1531213229561,1531213229557,925942,0.00001271,5566.00000000,0
1531213229598,1531213229592,925943,0.00001271,2111.00000000,1
1531213239297,1531213239292,925944,0.00001271,45991.00000000,1
1531213244840,1531213244835,925945,0.00001271,784.00000000,1
1531213248145,1531213248141,925946,0.00001272,3145.00000000,0
1531213260060,1531213260057,925947,0.00001272,7977.00000000,0
1531213263505,1531213263500,925948,0.00001272,3.00000000,1
1531213271558,1531213271555,925949,0.00001273,462.00000000,0
1531213284859,1531213284855,925950,0.00001272,19336.00000000,1
1531213291683,1531213291678,925951,0.00001271,2935.00000000,0
1531213291683,1531213291678,925952,0.00001272,7507.00000000,0
1531213291683,1531213291678,925953,0.00001273,4550.00000000,0
1531213291835,1531213291831,925954,0.00001273,48379.00000000,1
1531213292043,1531213292038,925955,0.00001270,461.00000000,0
1531213292399,1531213292396,925956,0.00001270,1.00000000,0
1531213292846,1531213292843,925957,0.00001272,4729.00000000,1
1531213303862,1531213303857,925958,0.00001271,80.00000000,0
1531213307301,1531213307297,925959,0.00001272,5120.00000000,0
1531213328505,1531213328500,925960,0.00001269,11193.00000000,0
1531213328515,1531213328510,925961,0.00001271,6150.00000000,0
1531213333445,1531213333439,925962,0.00001271,3584.00000000,0
1531213333445,1531213333439,925963,0.00001272,5043.00000000,0
1531213364110,1531213364105,925964,0.00001270,544.00000000,0
1531213369743,1531213369738,925965,0.00001270,2211.00000000,0
1531213380080,1531213380076,925966,0.00001270,80.00000000,1
1531213380876,1531213380873,925967,0.00001270,464.00000000,1
1531213386639,1531213386636,925968,0.00001271,5550.00000000,0
1531213391596,1531213391592,925969,0.00001272,10695.00000000,0
1531213401869,1531213401864,925970,0.00001269,11043.00000000,0
1531213401885,1531213401880,925971,0.00001271,4453.00000000,0
1531213429412,1531213429406,925972,0.00001270,1851.00000000,1
1531213445337,1531213445333,925973,0.00001271,5048.00000000,0
1531213451086,1531213451082,925974,0.00001272,1000.00000000,0
1531213468316,1531213468311,925975,0.00001271,3834.00000000,0
1531213482376,1531213482372,925976,0.00001271,10830.00000000,0
1531213491576,1531213491573,925977,0.00001271,5131.00000000,1
1531213492749,1531213492744,925978,0.00001272,5000.00000000,0
1531213497888,1531213497882,925979,0.00001272,383.00000000,0
1531213500824,1531213500818,925980,0.00001271,17423.00000000,1
1531213508071,1531213508067,925981,0.00001270,3588.00000000,0
1531213508089,1531213508084,925982,0.00001270,4551.00000000,0
1531213527868,1531213527864,925983,0.00001270,8051.00000000,0
1531213528871,1531213528866,925984,0.00001271,6224.00000000,0
1531213528871,1531213528866,925985,0.00001272,5189.00000000,0
1531213533507,1531213533503,925986,0.00001271,4000.00000000,1
1531213550307,1531213550303,925987,0.00001271,215.00000000,1
1531213551869,1531213551865,925988,0.00001273,7904.00000000,0
1531213558501,1531213558497,925989,0.00001272,4552.00000000,1
1531213558519,1531213558514,925990,0.00001272,4121.00000000,1
1531213577181,1531213577177,925991,0.00001275,635.00000000,0
1531213586381,1531213586375,925992,0.00001272,68.00000000,1
1531213610921,1531213610915,925993,0.00001272,2734.00000000,1
1531213610939,1531213610936,925994,0.00001272,4416.00000000,1
1531213621886,1531213621880,925995,0.00001273,5928.00000000,0
1531213640808,1531213640802,925996,0.00001272,79.00000000,1
1531213640808,1531213640802,925997,0.00001271,475.00000000,1
1531213640815,1531213640810,925998,0.00001271,79.00000000,1
1531213640863,1531213640859,925999,0.00001271,1136.00000000,1
1531213656890,1531213656886,926000,0.00001273,4446.00000000,0
1531213657222,1531213657218,926001,0.00001272,6551.00000000,1
1531213657240,1531213657236,926002,0.00001272,1560.00000000,1
1531213668507,1531213668502,926003,0.00001275,174.00000000,0
1531213668507,1531213668502,926004,0.00001276,1565.00000000,0
1531213671339,1531213671333,926005,0.00001272,951.00000000,1
1531213671339,1531213671333,926006,0.00001271,49.00000000,1
1531213686645,1531213686640,926007,0.00001274,5595.00000000,0
1531213686655,1531213686651,926008,0.00001272,2634.00000000,1
1531213686682,1531213686676,926009,0.00001272,5181.00000000,1
1531213705080,1531213705077,926010,0.00001272,291.00000000,1
1531213705886,1531213705882,926011,0.00001272,9374.00000000,0
1531213718214,1531213718210,926012,0.00001272,1152.00000000,1
1531213718232,1531213718227,926013,0.00001272,6528.00000000,1
1531213730719,1531213730714,926014,0.00001271,12811.00000000,1
1531213733899,1531213733894,926015,0.00001273,951.00000000,0
1531213733899,1531213733894,926016,0.00001274,3751.00000000,0
1531213737576,1531213737573,926017,0.00001272,107.00000000,1
1531213751998,1531213751993,926018,0.00001272,1287.00000000,1
1531213757889,1531213757884,926019,0.00001275,951.00000000,0
1531213769897,1531213769894,926020,0.00001274,2052.00000000,1
1531213769916,1531213769910,926021,0.00001274,6843.00000000,1
1531213771004,1531213770999,926022,0.00001273,291.00000000,1
1531213774249,1531213774243,926023,0.00001276,2105.00000000,0
1531213777897,1531213777894,926024,0.00001276,2449.00000000,1
1531213781888,1531213781883,926025,0.00001275,1325.00000000,1
1531213782750,1531213782745,926026,0.00001274,226.00000000,1
1531213782901,1531213782896,926027,0.00001274,21032.00000000,1
1531213782935,1531213782930,926028,0.00001274,1802.00000000,1
1531213784353,1531213784349,926029,0.00001271,1123.00000000,1
1531213786426,1531213786420,926030,0.00001271,1124.00000000,1
1531213787958,1531213787954,926031,0.00001271,1800.00000000,1
1531213806431,1531213806428,926032,0.00001271,132.00000000,1
1531213806431,1531213806428,926033,0.00001270,415.00000000,1
1531213816345,1531213816342,926034,0.00001270,990.00000000,1
1531213816916,1531213816894,926035,0.00001270,3225.00000000,0
1531213819243,1531213819238,926036,0.00001269,547.00000000,0
1531213819282,1531213819278,926037,0.00001269,1638.00000000,0
1531213819903,1531213819899,926038,0.00001269,7624.00000000,0
1531213851617,1531213851613,926039,0.00001272,4071.00000000,0
1531213851626,1531213851622,926040,0.00001270,1190.00000000,1
1531213851643,1531213851639,926041,0.00001270,1996.00000000,1
1531213852264,1531213852260,926042,0.00001269,1416.00000000,1
1531213852264,1531213852260,926043,0.00001268,6865.00000000,1
1531213857243,1531213857238,926044,0.00001268,821.00000000,1
1531213860188,1531213860182,926045,0.00001268,12572.00000000,1
1531213860897,1531213860893,926046,0.00001268,370.00000000,0
1531213871535,1531213871531,926047,0.00001268,89.00000000,1
1531213872897,1531213872892,926048,0.00001270,1937.00000000,0
1531213872914,1531213872909,926049,0.00001268,1169.00000000,1
1531213873936,1531213873933,926050,0.00001268,89.00000000,0
1531213874747,1531213874742,926051,0.00001272,17.00000000,0
1531213881592,1531213881588,926052,0.00001271,869.00000000,0
1531213881592,1531213881588,926053,0.00001273,2401.00000000,0
1531213887800,1531213887794,926054,0.00001270,3198.00000000,1
1531213887821,1531213887818,926055,0.00001270,437.00000000,1
1531213889364,1531213889360,926056,0.00001273,373.00000000,0
1531213913725,1531213913719,926057,0.00001271,4321.00000000,0
1531213913737,1531213913734,926058,0.00001270,3791.00000000,1
1531213925590,1531213925585,926059,0.00001271,16225.00000000,0
1531213925602,1531213925597,926060,0.00001270,6388.00000000,1
1531213937601,1531213937596,926061,0.00001272,87.00000000,0
1531213937601,1531213937596,926062,0.00001274,661.00000000,0
1531213939512,1531213939507,926063,0.00001274,81.00000000,0
1531213966276,1531213966273,926064,0.00001270,757.00000000,1
1531213966276,1531213966273,926065,0.00001269,472.00000000,1
1531213973744,1531213973740,926066,0.00001272,397.00000000,0
1531213985853,1531213985848,926067,0.00001272,4639.00000000,0
1531213985868,1531213985863,926068,0.00001270,3130.00000000,1
1531213985885,1531213985881,926069,0.00001270,1933.00000000,1
1531214000914,1531214000909,926070,0.00001273,5825.00000000,1
1531214004406,1531214004402,926071,0.00001274,160.00000000,0
1531214004406,1531214004402,926072,0.00001275,303.00000000,0
1531214010917,1531214010913,926073,0.00001273,473.00000000,1
1531214016175,1531214016171,926074,0.00001274,463.00000000,0
1531214016249,1531214016244,926075,0.00001274,10538.00000000,1
1531214016909,1531214016906,926076,0.00001274,5452.00000000,1
1531214026808,1531214026802,926077,0.00001275,789.00000000,0
1531214026808,1531214026802,926078,0.00001276,8692.00000000,0
1531214030909,1531214030904,926079,0.00001273,927.00000000,1
1531214044821,1531214044818,926080,0.00001273,798.00000000,1
1531214046246,1531214046241,926081,0.00001273,4811.00000000,1
1531214046270,1531214046266,926082,0.00001273,1302.00000000,1
1531214060726,1531214060721,926083,0.00001275,4831.00000000,0
1531214072672,1531214072667,926084,0.00001275,80.00000000,0
1531214086090,1531214086087,926085,0.00001273,518.00000000,1
1531214090376,1531214090372,926086,0.00001273,451.00000000,1
1531214090383,1531214090379,926087,0.00001273,7409.00000000,0
1531214090395,1531214090390,926088,0.00001274,6550.00000000,0
1531214097244,1531214097240,926089,0.00001273,16018.00000000,1
1531214097244,1531214097240,926090,0.00001272,9922.00000000,1
1531214100028,1531214100023,926091,0.00001272,34496.00000000,1
1531214106796,1531214106791,926092,0.00001274,1409.00000000,0
1531214106809,1531214106805,926093,0.00001274,690.00000000,0
1531214133885,1531214133880,926094,0.00001272,473.00000000,1
1531214136436,1531214136431,926095,0.00001272,6062.00000000,1
1531214141773,1531214141768,926096,0.00001274,176.00000000,0
1531214141773,1531214141768,926097,0.00001275,31079.00000000,0
1531214149756,1531214149751,926098,0.00001274,814.00000000,0
1531214150258,1531214150254,926099,0.00001274,5772.00000000,0
1531214150280,1531214150275,926100,0.00001274,2301.00000000,0
1531214151841,1531214151835,926101,0.00001275,409.00000000,0
1531214161585,1531214161581,926102,0.00001274,814.00000000,1
1531214161585,1531214161581,926103,0.00001272,423.00000000,1
1531214173572,1531214173567,926104,0.00001273,2193.00000000,1
1531214173596,1531214173591,926105,0.00001274,6979.00000000,0
1531214173611,1531214173606,926106,0.00001274,899.00000000,0
1531214183984,1531214183980,926107,0.00001272,10.00000000,1
1531214186559,1531214186556,926108,0.00001275,1.00000000,0
1531214191922,1531214191919,926109,0.00001274,715.00000000,1
1531214201070,1531214201067,926110,0.00001275,1366.00000000,0
1531214201070,1531214201067,926111,0.00001276,634.00000000,0
1531214210505,1531214210501,926112,0.00001275,4953.00000000,0
1531214210527,1531214210521,926113,0.00001275,1854.00000000,0
1531214211418,1531214211412,926114,0.00001276,44.00000000,0
1531214212501,1531214212497,926115,0.00001276,1562.00000000,0
1531214220911,1531214220907,926116,0.00001275,4095.00000000,1
1531214283916,1531214283911,926117,0.00001275,10753.00000000,1
1531214287933,1531214287929,926118,0.00001276,4683.00000000,0
1531214302501,1531214302496,926119,0.00001274,1.00000000,1
1531214313587,1531214313583,926120,0.00001276,317.00000000,0
1531214327566,1531214327558,926121,0.00001275,799.00000000,0
1531214327943,1531214327938,926122,0.00001275,799.00000000,1
1531214344489,1531214344485,926123,0.00001275,931.00000000,0
1531214344489,1531214344485,926124,0.00001276,12210.00000000,0
1531214353494,1531214353490,926125,0.00001274,4057.00000000,1
1531214364202,1531214364198,926126,0.00001275,324.00000000,1
1531214364202,1531214364198,926127,0.00001274,176.00000000,1
1531214375635,1531214375631,926128,0.00001274,29131.00000000,1
1531214379488,1531214379484,926129,0.00001276,65.00000000,0
1531214403752,1531214403747,926130,0.00001274,2670.00000000,1
1531214403787,1531214403783,926131,0.00001275,1027.00000000,0
1531214405144,1531214405141,926132,0.00001276,2380.00000000,0
1531214414469,1531214414465,926133,0.00001276,1655.00000000,0
1531214426246,1531214426242,926134,0.00001276,313.00000000,0
1531214426282,1531214426278,926135,0.00001276,562.00000000,0
1531214457254,1531214457250,926136,0.00001275,3139.00000000,1
1531214457254,1531214457250,926137,0.00001274,5819.00000000,1
1531214457883,1531214457879,926138,0.00001274,14618.00000000,1
1531214458566,1531214458562,926139,0.00001274,1014.00000000,0
1531214464121,1531214464117,926140,0.00001274,1694.00000000,0
1531214465970,1531214465966,926141,0.00001273,713.00000000,1
1531214466705,1531214466700,926142,0.00001273,449.00000000,1
1531214466705,1531214466700,926143,0.00001272,26039.00000000,1
1531214474982,1531214474978,926144,0.00001273,7240.00000000,0
1531214482406,1531214482403,926145,0.00001272,2040.00000000,1
1531214484719,1531214484716,926146,0.00001272,5561.00000000,1
1531214488928,1531214488925,926147,0.00001273,6920.00000000,0
1531214488942,1531214488938,926148,0.00001275,2592.00000000,0
1531214488960,1531214488955,926149,0.00001275,3888.00000000,0
1531214507929,1531214507926,926150,0.00001273,411.00000000,1
1531214512619,1531214512614,926151,0.00001273,411.00000000,1
1531214524901,1531214524898,926152,0.00001273,5919.00000000,1
1531214526582,1531214526578,926153,0.00001272,499.00000000,1
1531214527337,1531214527334,926154,0.00001273,294.00000000,0
1531214529147,1531214529143,926155,0.00001272,5000.00000000,1
1531214539990,1531214539985,926156,0.00001272,362.00000000,1
1531214546944,1531214546941,926157,0.00001273,419.00000000,0
1531214546944,1531214546941,926158,0.00001275,529.00000000,0
1531214551717,1531214551713,926159,0.00001272,136588.00000000,1
1531214558032,1531214558027,926160,0.00001270,35095.00000000,1
1531214569284,1531214569281,926161,0.00001270,1481.00000000,1
1531214569612,1531214569609,926162,0.00001272,11553.00000000,0
1531214569621,1531214569616,926163,0.00001270,2977.00000000,1
1531214569638,1531214569633,926164,0.00001270,5479.00000000,1
1531214569987,1531214569984,926165,0.00001270,1481.00000000,0
1531214570084,1531214570079,926166,0.00001275,784.00000000,0
1531214575882,1531214575879,926167,0.00001275,280.00000000,0
1531214602687,1531214602681,926168,0.00001274,275.00000000,0
1531214604255,1531214604252,926169,0.00001271,2000.00000000,1
1531214604471,1531214604466,926170,0.00001271,349.00000000,1
1531214617482,1531214617478,926171,0.00001273,6275.00000000,0
1531214629084,1531214629080,926172,0.00001273,1358.00000000,0
1531214646401,1531214646398,926173,0.00001271,7082.00000000,1
1531214646415,1531214646412,926174,0.00001271,3147.00000000,0
1531214646427,1531214646424,926175,0.00001272,5540.00000000,0
1531214646443,1531214646439,926176,0.00001272,5879.00000000,0
1531214657748,1531214657742,926177,0.00001271,13709.00000000,1
1531214657748,1531214657742,926178,0.00001270,10099.00000000,1
1531214657748,1531214657742,926179,0.00001269,94562.00000000,1
1531214657748,1531214657742,926180,0.00001268,148.00000000,1
1531214657748,1531214657742,926181,0.00001267,15112.00000000,1
1531214663709,1531214663705,926182,0.00001268,3369.00000000,1
1531214663728,1531214663724,926183,0.00001268,4108.00000000,1
1531214670767,1531214670763,926184,0.00001270,50.00000000,0
1531214673954,1531214673951,926185,0.00001267,1000.00000000,1
1531214685930,1531214685926,926186,0.00001267,100771.00000000,1
1531214685930,1531214685926,926187,0.00001265,47631.00000000,1
1531214689551,1531214689546,926188,0.00001265,21117.00000000,1
1531214690020,1531214690015,926189,0.00001265,11055.00000000,0
1531214695698,1531214695693,926190,0.00001263,162.00000000,1
1531214696244,1531214696238,926191,0.00001268,3413.00000000,0
1531214696244,1531214696238,926192,0.00001270,126.00000000,0
1531214696244,1531214696238,926193,0.00001273,11007.00000000,0
1531214696286,1531214696281,926194,0.00001273,562.00000000,1
1531214696300,1531214696295,926195,0.00001273,2942.00000000,1
1531214696313,1531214696309,926196,0.00001273,1489.00000000,1
1531214696575,1531214696569,926197,0.00001273,5941.00000000,1
1531214696887,1531214696883,926198,0.00001273,3411.00000000,1
1531214697020,1531214697017,926199,0.00001273,55327.00000000,1
1531214697192,1531214697187,926200,0.00001273,988.00000000,0
1531214697192,1531214697187,926201,0.00001274,1609.00000000,0
1531214697416,1531214697411,926202,0.00001264,158.00000000,1
1531214698023,1531214698019,926203,0.00001263,6462.00000000,0
1531214699552,1531214699547,926204,0.00001263,245.00000000,1
1531214700427,1531214700423,926205,0.00001269,150.00000000,0
1531214701668,1531214701665,926206,0.00001268,107.00000000,0
1531214706019,1531214706015,926207,0.00001268,1718.00000000,0
1531214706411,1531214706406,926208,0.00001265,1489.00000000,1
1531214706413,1531214706410,926209,0.00001265,2592.00000000,1
1531214706419,1531214706414,926210,0.00001265,1488.00000000,1
1531214706761,1531214706757,926211,0.00001265,9.00000000,1
1531214709011,1531214709007,926212,0.00001269,8.00000000,0
1531214715287,1531214715284,926213,0.00001269,7524.00000000,0
1531214715303,1531214715300,926214,0.00001267,1547.00000000,1
1531214715318,1531214715313,926215,0.00001267,3583.00000000,1
1531214722690,1531214722686,926216,0.00001267,3162.00000000,1
1531214726233,1531214726228,926217,0.00001267,4422.00000000,1
1531214727701,1531214727698,926218,0.00001266,3162.00000000,1
1531214727746,1531214727742,926219,0.00001266,3067.00000000,0
1531214729084,1531214729079,926220,0.00001266,1150.00000000,0
1531214729637,1531214729633,926221,0.00001266,4043.00000000,0
1531214729662,1531214729657,926222,0.00001266,4045.00000000,0
1531214730634,1531214730629,926223,0.00001266,3015.00000000,0
1531214736311,1531214736306,926224,0.00001263,7949.00000000,1
1531214738291,1531214738286,926225,0.00001263,700.00000000,0
1531214739334,1531214739330,926226,0.00001263,372.00000000,0
1531214739652,1531214739647,926227,0.00001266,80.00000000,0
1531214740024,1531214740020,926228,0.00001266,22380.00000000,0
1531214752376,1531214752372,926229,0.00001271,786.00000000,0
1531214757761,1531214757756,926230,0.00001271,10.00000000,0
1531214757986,1531214757981,926231,0.00001265,563.00000000,1
1531214759019,1531214759016,926232,0.00001265,437.00000000,0
1531214766059,1531214766054,926233,0.00001265,2589.00000000,1
1531214767019,1531214767016,926234,0.00001265,39595.00000000,0
1531214773010,1531214773007,926235,0.00001264,2581.00000000,1
1531214776429,1531214776423,926236,0.00001262,8941.00000000,1
1531214782029,1531214782025,926237,0.00001265,2339.00000000,0
1531214786334,1531214786329,926238,0.00001263,1.00000000,1
1531214796236,1531214796233,926239,0.00001263,2377.00000000,1
1531214797777,1531214797774,926240,0.00001263,160.00000000,1
1531214797828,1531214797823,926241,0.00001263,2222.00000000,0
1531214802038,1531214802032,926242,0.00001266,563.00000000,0
1531214848723,1531214848720,926243,0.00001265,3576.00000000,0
1531214875085,1531214875081,926244,0.00001266,157.00000000,0
1531214885055,1531214885052,926245,0.00001265,9406.00000000,0
1531214887771,1531214887768,926246,0.00001263,4789.00000000,1
1531214889436,1531214889428,926247,0.00001263,2953.00000000,1
1531214889436,1531214889428,926248,0.00001262,10037.00000000,1
1531214889436,1531214889428,926249,0.00001261,26951.00000000,1
1531214889436,1531214889428,926250,0.00001260,26901.00000000,1
1531214889436,1531214889428,926251,0.00001259,486010.00000000,1
1531214889461,1531214889455,926252,0.00001259,2931.00000000,0
1531214889473,1531214889470,926253,0.00001259,12805.00000000,0
1531214889489,1531214889485,926254,0.00001259,2931.00000000,0
1531214889621,1531214889618,926255,0.00001258,363.00000000,1
1531214889622,1531214889618,926256,0.00001258,1983.00000000,1
1531214889622,1531214889618,926257,0.00001257,205.00000000,1
1531214889782,1531214889776,926258,0.00001256,302.00000000,1
1531214889782,1531214889776,926259,0.00001255,1917.00000000,1
1531214889812,1531214889807,926260,0.00001257,321.00000000,0
1531214889812,1531214889807,926261,0.00001259,241.00000000,0
1531214889942,1531214889938,926262,0.00001255,1240.00000000,1
1531214889943,1531214889939,926263,0.00001255,46.00000000,1
1531214890056,1531214890052,926264,0.00001259,497.00000000,0
1531214890242,1531214890238,926265,0.00001255,1178.00000000,1
1531214890465,1531214890460,926266,0.00001259,12802.00000000,0
1531214897789,1531214897785,926267,0.00001255,200.00000000,1
1531214898867,1531214898864,926268,0.00001255,717.00000000,1
1531214900567,1531214900563,926269,0.00001258,110.00000000,0
1531214909880,1531214909874,926270,0.00001258,662.00000000,0
1531214911262,1531214911258,926271,0.00001255,119.00000000,1
1531214914115,1531214914110,926272,0.00001258,119.00000000,0
1531214915047,1531214915041,926273,0.00001258,2456.00000000,0
1531214915047,1531214915041,926274,0.00001259,12805.00000000,0
1531214915073,1531214915069,926275,0.00001261,1358.00000000,0
1531214919344,1531214919338,926276,0.00001259,2537.00000000,1
1531214919344,1531214919338,926277,0.00001258,2182.00000000,1
1531214919344,1531214919338,926278,0.00001256,52962.00000000,1
1531214919344,1531214919338,926279,0.00001255,291006.00000000,1
1531214920257,1531214920252,926280,0.00001256,7022.00000000,1
1531214920257,1531214920252,926281,0.00001255,102657.00000000,1
1531214920279,1531214920275,926282,0.00001255,562.00000000,0
1531214920279,1531214920276,926283,0.00001255,241.00000000,0
1531214920308,1531214920305,926284,0.00001255,241.00000000,0
1531214920467,1531214920462,926285,0.00001254,1947.00000000,1
1531214920467,1531214920462,926286,0.00001253,1739.00000000,1
1531214920644,1531214920639,926287,0.00001254,1738.00000000,0
1531214921042,1531214921039,926288,0.00001254,3337.00000000,0
1531214921065,1531214921062,926289,0.00001255,157.00000000,0
1531214924041,1531214924038,926290,0.00001254,2182.00000000,0
1531214926030,1531214926026,926291,0.00001255,5162.00000000,0
1531214931836,1531214931832,926292,0.00001254,3557.00000000,1
1531214931859,1531214931855,926293,0.00001254,3460.00000000,1
1531214931876,1531214931873,926294,0.00001254,1574.00000000,1
1531214943042,1531214943039,926295,0.00001259,71.00000000,1
1531214943193,1531214943190,926296,0.00001259,508.00000000,1
1531214951639,1531214951635,926297,0.00001262,176.00000000,0
1531214951639,1531214951635,926298,0.00001263,1550.00000000,0
1531214951783,1531214951779,926299,0.00001259,1526.00000000,1
1531214952860,1531214952855,926300,0.00001256,1049.00000000,0
1531214955231,1531214955228,926301,0.00001256,654.00000000,0
1531214960930,1531214960926,926302,0.00001255,606.00000000,1
1531214963501,1531214963498,926303,0.00001256,7779.00000000,0
1531214970025,1531214970021,926304,0.00001256,39849.00000000,0
1531214974077,1531214974071,926305,0.00001256,144934.00000000,0
1531214974783,1531214974780,926306,0.00001256,9862.00000000,0
1531214975744,1531214975740,926307,0.00001256,13774.00000000,0
1531214976066,1531214976063,926308,0.00001256,21503.00000000,0
1531214976097,1531214976094,926309,0.00001255,4773.00000000,1
1531214983898,1531214983893,926310,0.00001255,1847.00000000,0
1531214983898,1531214983893,926311,0.00001256,186648.00000000,0
1531214999479,1531214999473,926312,0.00001257,6470.00000000,1
1531214999479,1531214999473,926313,0.00001256,32466.00000000,1
1531215006478,1531215006475,926314,0.00001258,6592.00000000,1
1531215025171,1531215025168,926315,0.00001260,2303.00000000,1
1531215044709,1531215044704,926316,0.00001259,512.00000000,0
1531215055952,1531215055947,926317,0.00001259,1238.00000000,1
1531215065877,1531215065871,926318,0.00001257,2382.00000000,1
1531215070884,1531215070879,926319,0.00001257,360.00000000,1
1531215074614,1531215074610,926320,0.00001257,6304.00000000,1
1531215079098,1531215079095,926321,0.00001257,476.00000000,1
1531215082681,1531215082677,926322,0.00001259,19.00000000,0
1531215092134,1531215092131,926323,0.00001257,4180.00000000,0
1531215097635,1531215097630,926324,0.00001257,2194.00000000,0
1531215098570,1531215098566,926325,0.00001257,701.00000000,1
1531215110283,1531215110278,926326,0.00001259,243.00000000,0
1531215114727,1531215114723,926327,0.00001258,2537.00000000,0
1531215137492,1531215137487,926328,0.00001258,2879.00000000,1
1531215167243,1531215167240,926329,0.00001258,115.00000000,1
1531215175143,1531215175139,926330,0.00001258,2892.00000000,1
1531215179285,1531215179280,926331,0.00001259,1.00000000,0
1531215187862,1531215187858,926332,0.00001259,612.00000000,0
1531215187893,1531215187889,926333,0.00001259,2404.00000000,1
1531215198349,1531215198346,926334,0.00001260,17.00000000,0
1531215198405,1531215198402,926335,0.00001260,5034.00000000,1
1531215202971,1531215202967,926336,0.00001258,2412.00000000,1
1531215210864,1531215210860,926337,0.00001259,12810.00000000,1
1531215210890,1531215210885,926338,0.00001258,8419.00000000,1
1531215219025,1531215219022,926339,0.00001260,20.00000000,0
1531215242037,1531215242034,926340,0.00001257,2116.00000000,1
1531215242885,1531215242880,926341,0.00001258,241.00000000,0
1531215242937,1531215242932,926342,0.00001258,477.00000000,0
1531215248430,1531215248427,926343,0.00001257,3680.00000000,1
1531215248457,1531215248453,926344,0.00001258,2299.00000000,0
1531215261241,1531215261237,926345,0.00001262,3615.00000000,0
1531215263183,1531215263178,926346,0.00001258,7102.00000000,1
1531215263204,1531215263200,926347,0.00001258,19278.00000000,1
1531215263314,1531215263309,926348,0.00001258,5810.00000000,1
1531215263331,1531215263328,926349,0.00001258,2632.00000000,1
1531215263331,1531215263328,926350,0.00001257,126.00000000,1
1531215264349,1531215264346,926351,0.00001261,11.00000000,0
1531215270767,1531215270762,926352,0.00001261,1087.00000000,0
1531215271144,1531215271140,926353,0.00001261,11.00000000,1
1531215271144,1531215271140,926354,0.00001259,2558.00000000,1
1531215287638,1531215287633,926355,0.00001259,1.00000000,0
1531215287700,1531215287696,926356,0.00001259,5639.00000000,1
1531215287707,1531215287704,926357,0.00001258,5639.00000000,1
1531215289795,1531215289789,926358,0.00001258,5639.00000000,1
1531215297531,1531215297527,926359,0.00001259,3593.00000000,1
1531215297977,1531215297971,926360,0.00001258,776.00000000,1
1531215298390,1531215298384,926361,0.00001258,3377.00000000,1
1531215298390,1531215298384,926362,0.00001257,216.00000000,1
1531215301665,1531215301661,926363,0.00001261,2341.00000000,0
1531215301682,1531215301676,926364,0.00001261,4980.00000000,0
1531215308834,1531215308829,926365,0.00001261,732.00000000,0
1531215325991,1531215325987,926366,0.00001261,2889.00000000,1
1531215326019,1531215326015,926367,0.00001261,562.00000000,1
1531215327906,1531215327900,926368,0.00001261,1000.00000000,1
1531215334919,1531215334916,926369,0.00001261,3615.00000000,1
1531215344962,1531215344957,926370,0.00001261,332.00000000,1
1531215354192,1531215354188,926371,0.00001261,2529.00000000,1
1531215354192,1531215354188,926372,0.00001259,2761.00000000,1
1531215354192,1531215354188,926373,0.00001258,2764.00000000,1
1531215354223,1531215354218,926374,0.00001258,2104.00000000,0
1531215357349,1531215357345,926375,0.00001257,82.00000000,1
1531215357852,1531215357846,926376,0.00001258,107.00000000,0
1531215370499,1531215370496,926377,0.00001258,1000.00000000,0
1531215388375,1531215388370,926378,0.00001257,4719.00000000,1
1531215394260,1531215394255,926379,0.00001257,22477.00000000,1
1531215404370,1531215404366,926380,0.00001257,4702.00000000,1
1531215407124,1531215407120,926381,0.00001258,4225.00000000,0
1531215411514,1531215411508,926382,0.00001257,5209.00000000,1
1531215411544,1531215411541,926383,0.00001258,784.00000000,0
1531215419099,1531215419095,926384,0.00001258,4225.00000000,1
1531215432940,1531215432935,926385,0.00001257,2558.00000000,1
1531215438327,1531215438323,926386,0.00001257,4926.00000000,1
1531215438345,1531215438341,926387,0.00001257,3032.00000000,0
1531215438361,1531215438358,926388,0.00001257,4926.00000000,1
1531215439599,1531215439595,926389,0.00001257,283.00000000,0
1531215442098,1531215442095,926390,0.00001258,483.00000000,0
1531215456192,1531215456189,926391,0.00001258,10.00000000,0
1531215459263,1531215459259,926392,0.00001258,1720.00000000,0
1531215495113,1531215495109,926393,0.00001258,1968.00000000,0
1531215506639,1531215506635,926394,0.00001257,1769.00000000,1
1531215506643,1531215506639,926395,0.00001257,731.00000000,1
1531215507141,1531215507137,926396,0.00001257,1038.00000000,0
1531215515119,1531215515115,926397,0.00001258,674.00000000,0
1531215521810,1531215521807,926398,0.00001257,830.00000000,1
1531215521821,1531215521817,926399,0.00001257,4404.00000000,0
1531215521831,1531215521826,926400,0.00001258,2234.00000000,0
1531215537262,1531215537259,926401,0.00001260,24.00000000,0
1531215545476,1531215545473,926402,0.00001258,97.00000000,1
1531215569430,1531215569426,926403,0.00001258,577.00000000,1
1531215571040,1531215571036,926404,0.00001258,172.00000000,0
1531215586699,1531215586694,926405,0.00001254,12257.00000000,1
1531215594047,1531215594042,926406,0.00001256,166.00000000,0
1531215600046,1531215600042,926407,0.00001254,4766.00000000,1
1531215600046,1531215600042,926408,0.00001253,48143.00000000,1
1531215601853,1531215601849,926409,0.00001253,1899.00000000,1
1531215602054,1531215602047,926410,0.00001254,132.00000000,0
1531215602769,1531215602762,926411,0.00001253,54280.00000000,1
1531215602769,1531215602762,926412,0.00001252,18011.00000000,1
1531215602769,1531215602762,926413,0.00001251,72498.00000000,1
1531215602769,1531215602762,926414,0.00001251,142.00000000,1
1531215603125,1531215603121,926415,0.00001253,23427.00000000,0
1531215603240,1531215603227,926416,0.00001253,6464.00000000,0
1531215603279,1531215603274,926417,0.00001253,833.00000000,0
1531215604060,1531215604057,926418,0.00001252,205.00000000,0
1531215604487,1531215604483,926419,0.00001251,220740.00000000,1
1531215604631,1531215604628,926420,0.00001252,1808.00000000,0
1531215604868,1531215604865,926421,0.00001251,239922.00000000,1
1531215605082,1531215605079,926422,0.00001253,813.00000000,0
1531215606000,1531215605996,926423,0.00001251,25422.00000000,1
1531215606226,1531215606222,926424,0.00001251,39809.00000000,1
1531215608015,1531215608012,926425,0.00001251,24805.00000000,1
1531215608192,1531215608187,926426,0.00001251,9862.00000000,1
1531215608333,1531215608327,926427,0.00001252,2684.00000000,0
1531215610142,1531215610137,926428,0.00001251,1933588.00000000,1
1531215610161,1531215610158,926429,0.00001251,6918.00000000,0
1531215610186,1531215610182,926430,0.00001251,2944.00000000,0
1531215612118,1531215612114,926431,0.00001250,1818.00000000,1
1531215612120,1531215612114,926432,0.00001249,1240.00000000,1
1531215612120,1531215612114,926433,0.00001248,1350.00000000,1
1531215612120,1531215612114,926434,0.00001247,3562.00000000,1
1531215612120,1531215612114,926435,0.00001246,343.00000000,1
1531215612121,1531215612114,926436,0.00001246,1341.00000000,1
1531215612121,1531215612114,926437,0.00001245,385.00000000,1
1531215612122,1531215612114,926438,0.00001245,1330.00000000,1
1531215612131,1531215612127,926439,0.00001245,5920.00000000,0
1531215612140,1531215612136,926440,0.00001245,5920.00000000,0
1531215612147,1531215612144,926441,0.00001245,1749.00000000,0
1531215612147,1531215612144,926442,0.00001249,4171.00000000,0
1531215612163,1531215612158,926443,0.00001244,5794.00000000,1
1531215612163,1531215612158,926444,0.00001243,6046.00000000,1
1531215612193,1531215612190,926445,0.00001249,506.00000000,0
1531215612194,1531215612190,926446,0.00001249,506.00000000,0
1531215612197,1531215612194,926447,0.00001249,506.00000000,0
1531215612201,1531215612196,926448,0.00001249,231.00000000,0
1531215612216,1531215612211,926449,0.00001252,1378.00000000,0
1531215612216,1531215612211,926450,0.00001253,353.00000000,0
1531215612880,1531215612876,926451,0.00001248,465.00000000,0
1531215612880,1531215612876,926452,0.00001250,1038.00000000,0
1531215614164,1531215614159,926453,0.00001247,3723.00000000,0
1531215614173,1531215614169,926454,0.00001247,670.00000000,0
1531215614181,1531215614178,926455,0.00001247,3648.00000000,0
1531215617067,1531215617063,926456,0.00001244,14402.00000000,1
1531215617067,1531215617063,926457,0.00001243,5261.00000000,1
1531215618151,1531215618147,926458,0.00001246,1209.00000000,0
1531215619689,1531215619684,926459,0.00001243,113281.00000000,1
1531215620820,1531215620815,926460,0.00001243,13482.00000000,1
1531215622541,1531215622538,926461,0.00001244,2350.00000000,1
1531215622541,1531215622538,926462,0.00001243,13917.00000000,1
1531215622921,1531215622917,926463,0.00001243,107.00000000,1
1531215624241,1531215624237,926464,0.00001243,243.00000000,1
1531215624376,1531215624370,926465,0.00001245,484.00000000,0
1531215624376,1531215624370,926466,0.00001247,202.00000000,0
1531215624376,1531215624370,926467,0.00001251,127.00000000,0
1531215624376,1531215624370,926468,0.00001252,116.00000000,0
1531215624376,1531215624370,926469,0.00001253,760.00000000,0
1531215624495,1531215624492,926470,0.00001243,5152.00000000,1
1531215626957,1531215626953,926471,0.00001245,780.00000000,1
1531215628640,1531215628636,926472,0.00001245,10242.00000000,1
1531215628710,1531215628706,926473,0.00001245,2608.00000000,1
1531215628710,1531215628706,926474,0.00001244,497.00000000,1
1531215628710,1531215628706,926475,0.00001243,36.00000000,1
1531215638175,1531215638168,926476,0.00001244,2072.00000000,1
1531215638175,1531215638168,926477,0.00001243,11642.00000000,1
1531215639126,1531215639122,926478,0.00001246,2377.00000000,0
1531215639428,1531215639425,926479,0.00001244,645.00000000,1
1531215641384,1531215641381,926480,0.00001244,3075.00000000,1
1531215643053,1531215643049,926481,0.00001244,735.00000000,0
1531215644404,1531215644401,926482,0.00001243,13193.00000000,1
1531215644780,1531215644776,926483,0.00001244,2000.00000000,0
1531215645098,1531215645094,926484,0.00001244,800.00000000,0
1531215646290,1531215646287,926485,0.00001243,62188.00000000,1
1531215646315,1531215646311,926486,0.00001243,2684.00000000,0
1531215647129,1531215647124,926487,0.00001242,1588.00000000,1
1531215647129,1531215647124,926488,0.00001241,81.00000000,1
1531215647129,1531215647124,926489,0.00001240,15140.00000000,1
1531215647144,1531215647140,926490,0.00001240,930.00000000,0
1531215647156,1531215647152,926491,0.00001239,822.00000000,1
1531215648119,1531215648114,926492,0.00001240,2824.00000000,1
1531215648383,1531215648379,926493,0.00001242,1597.00000000,0
1531215649126,1531215649122,926494,0.00001240,164.00000000,1
1531215649266,1531215649261,926495,0.00001242,9583.00000000,0
1531215649307,1531215649303,926496,0.00001242,1599.00000000,0
1531215651398,1531215651394,926497,0.00001238,3560.00000000,1
1531215653116,1531215653113,926498,0.00001240,1612.00000000,1
1531215653122,1531215653118,926499,0.00001242,1690.00000000,0
1531215654117,1531215654113,926500,0.00001242,503.00000000,0
1531215654767,1531215654764,926501,0.00001243,982.00000000,0
1531215655065,1531215655061,926502,0.00001244,18.00000000,1
1531215659565,1531215659561,926503,0.00001243,174.00000000,0
1531215664118,1531215664115,926504,0.00001242,182.00000000,0
1531215665111,1531215665108,926505,0.00001242,452.00000000,0
1531215665131,1531215665127,926506,0.00001243,7404.00000000,0
1531215665151,1531215665147,926507,0.00001244,3684.00000000,0
1531215665277,1531215665273,926508,0.00001241,89.00000000,1
1531215667800,1531215667795,926509,0.00001242,2684.00000000,1
1531215667800,1531215667795,926510,0.00001240,7758.00000000,1
1531215667800,1531215667795,926511,0.00001239,4710.00000000,1
1531215669380,1531215669377,926512,0.00001242,875.00000000,0
1531215676972,1531215676967,926513,0.00001242,9059.00000000,1
1531215677699,1531215677695,926514,0.00001237,307.00000000,1
1531215679127,1531215679123,926515,0.00001242,10175.00000000,0
1531215681094,1531215681089,926516,0.00001240,354.00000000,1
1531215685426,1531215685423,926517,0.00001242,82.00000000,1
1531215687057,1531215687054,926518,0.00001242,1644.00000000,1
1531215687550,1531215687547,926519,0.00001242,958.00000000,1
1531215687550,1531215687547,926520,0.00001239,18704.00000000,1
1531215689715,1531215689712,926521,0.00001239,4342.00000000,1
1531215691951,1531215691946,926522,0.00001239,390.00000000,1
1531215700380,1531215700374,926523,0.00001241,4545.00000000,1
1531215700380,1531215700374,926524,0.00001239,201836.00000000,1
1531215700382,1531215700379,926525,0.00001244,1388.00000000,0
1531215708407,1531215708404,926526,0.00001242,9934.00000000,0
1531215708407,1531215708404,926527,0.00001244,4767.00000000,0
1531215708638,1531215708634,926528,0.00001244,2944.00000000,1
1531215708825,1531215708820,926529,0.00001244,1409.00000000,1
1531215709820,1531215709816,926530,0.00001244,123.00000000,1
1531215710768,1531215710764,926531,0.00001244,82.00000000,1
1531215718927,1531215718922,926532,0.00001245,74.00000000,0
1531215725144,1531215725141,926533,0.00001244,531.00000000,1
1531215730260,1531215730256,926534,0.00001244,82.00000000,1
1531215732488,1531215732485,926535,0.00001244,19935.00000000,1
1531215740288,1531215740284,926536,0.00001245,10520.00000000,1
1531215740288,1531215740284,926537,0.00001244,25030.00000000,1
1531215748306,1531215748302,926538,0.00001244,6812.00000000,1
1531215750809,1531215750806,926539,0.00001244,57.00000000,1
1531215756661,1531215756657,926540,0.00001244,6933.00000000,1
1531215761956,1531215761952,926541,0.00001247,801.00000000,0
1531215763825,1531215763821,926542,0.00001245,639.00000000,1
1531215765262,1531215765258,926543,0.00001244,4220.00000000,1
1531215766208,1531215766204,926544,0.00001244,520.00000000,1
1531215774569,1531215774565,926545,0.00001244,5868.00000000,1
1531215783503,1531215783499,926546,0.00001246,161.00000000,0
1531215783787,1531215783784,926547,0.00001245,4581.00000000,1
1531215784379,1531215784374,926548,0.00001246,89.00000000,0
1531215784467,1531215784462,926549,0.00001246,247.00000000,0
1531215785841,1531215785837,926550,0.00001247,25.00000000,0
1531215792976,1531215792973,926551,0.00001248,484.00000000,0
1531215793113,1531215793110,926552,0.00001248,2812.00000000,1
1531215793150,1531215793144,926553,0.00001247,617.00000000,1
1531215793150,1531215793144,926554,0.00001246,3115.00000000,1
1531215793150,1531215793144,926555,0.00001245,2603.00000000,1
1531215794656,1531215794653,926556,0.00001245,2597.00000000,1
1531215798125,1531215798121,926557,0.00001247,212.00000000,0
1531215801135,1531215801116,926558,0.00001248,2269.00000000,0
1531215801779,1531215801776,926559,0.00001247,4470.00000000,1
1531215802246,1531215802242,926560,0.00001251,58.00000000,0
1531215810700,1531215810697,926561,0.00001247,4396.00000000,1
1531215811396,1531215811391,926562,0.00001251,368.00000000,0
1531215813815,1531215813808,926563,0.00001247,47327.00000000,1
1531215813815,1531215813808,926564,0.00001245,3558.00000000,1
1531215813815,1531215813808,926565,0.00001244,35085.00000000,1
1531215813815,1531215813808,926566,0.00001242,11043.00000000,1
1531215813815,1531215813808,926567,0.00001241,1345.00000000,1
1531215813815,1531215813808,926568,0.00001240,241923.00000000,1
1531215813826,1531215813821,926569,0.00001240,9719.00000000,0
1531215813884,1531215813880,926570,0.00001239,2809.00000000,1
1531215814512,1531215814506,926571,0.00001241,1382.00000000,1
1531215818600,1531215818596,926572,0.00001240,2148.00000000,1
1531215818600,1531215818596,926573,0.00001239,3714.00000000,1
1531215824122,1531215824118,926574,0.00001244,148.00000000,0
1531215824122,1531215824119,926575,0.00001243,1010.00000000,1
1531215827381,1531215827375,926576,0.00001243,54.00000000,1
1531215827381,1531215827375,926577,0.00001241,3290.00000000,1
1531215827381,1531215827375,926578,0.00001239,133818.00000000,1
1531215827425,1531215827422,926579,0.00001239,450.00000000,0
1531215827432,1531215827429,926580,0.00001239,3718.00000000,0
1531215827462,1531215827458,926581,0.00001239,190.00000000,0
1531215827496,1531215827492,926582,0.00001239,190.00000000,0
1531215827582,1531215827579,926583,0.00001239,7736.00000000,0
1531215827602,1531215827599,926584,0.00001239,7736.00000000,0
1531215827724,1531215827720,926585,0.00001239,2000.00000000,0
1531215827806,1531215827801,926586,0.00001238,2055.00000000,1
1531215827806,1531215827801,926587,0.00001237,3134.00000000,1
1531215828096,1531215828092,926588,0.00001239,185.00000000,0
1531215829208,1531215829204,926589,0.00001238,234.00000000,0
1531215832214,1531215832209,926590,0.00001238,1960.00000000,0
1531215834826,1531215834822,926591,0.00001238,190.00000000,1
1531215836763,1531215836757,926592,0.00001238,534.00000000,1
1531215836763,1531215836757,926593,0.00001237,3399.00000000,1
1531215836763,1531215836757,926594,0.00001236,2663.00000000,1
1531215843536,1531215843532,926595,0.00001239,40000.00000000,0
1531215844129,1531215844125,926596,0.00001239,252.00000000,0
1531215845256,1531215845250,926597,0.00001238,106.00000000,1
1531215845256,1531215845250,926598,0.00001237,2597.00000000,1
1531215845256,1531215845250,926599,0.00001236,3355.00000000,1
1531215845256,1531215845250,926600,0.00001235,672.00000000,1
1531215851104,1531215851100,926601,0.00001238,82.00000000,1
1531215868156,1531215868153,926602,0.00001238,161.00000000,1
1531215869126,1531215869122,926603,0.00001237,5090.00000000,1
1531215869126,1531215869122,926604,0.00001236,5000.00000000,1
1531215869156,1531215869152,926605,0.00001235,17904.00000000,1
1531215869189,1531215869183,926606,0.00001234,15435.00000000,1
1531215869194,1531215869190,926607,0.00001237,1126.00000000,0
1531215869210,1531215869207,926608,0.00001233,89.00000000,1
1531215869248,1531215869245,926609,0.00001237,398.00000000,0
1531215870385,1531215870382,926610,0.00001232,304.00000000,1
1531215872123,1531215872119,926611,0.00001233,2597.00000000,1
1531215872693,1531215872690,926612,0.00001236,281.00000000,0
1531215872712,1531215872708,926613,0.00001236,910.00000000,0
1531215874954,1531215874946,926614,0.00001233,2597.00000000,1
1531215874954,1531215874946,926615,0.00001232,31081.00000000,1
1531215874954,1531215874946,926616,0.00001231,2352.00000000,1
1531215874954,1531215874946,926617,0.00001230,3970.00000000,1
1531215874954,1531215874946,926618,0.00001230,1694.00000000,1
1531215874968,1531215874946,926619,0.00001230,26225.00000000,1
1531215874968,1531215874946,926620,0.00001229,9008.00000000,1
1531215874968,1531215874946,926621,0.00001228,3754.00000000,1
1531215874968,1531215874946,926622,0.00001227,847.00000000,1
1531215874968,1531215874946,926623,0.00001226,18506.00000000,1
1531215874968,1531215874946,926624,0.00001225,6204.00000000,1
1531215874968,1531215874946,926625,0.00001224,10550.00000000,1
1531215874968,1531215874946,926626,0.00001223,21992.00000000,1
1531215875117,1531215875112,926627,0.00001231,1370.00000000,1
1531215875324,1531215875320,926628,0.00001233,407.00000000,1
1531215875467,1531215875463,926629,0.00001233,485.00000000,1
1531215875529,1531215875526,926630,0.00001233,816.00000000,1
1531215875564,1531215875558,926631,0.00001233,1145.00000000,1
1531215875578,1531215875574,926632,0.00001232,6604.00000000,0
1531215875610,1531215875606,926633,0.00001236,6604.00000000,0
1531215875667,1531215875662,926634,0.00001230,812.00000000,0
1531215875677,1531215875674,926635,0.00001230,4.00000000,0
1531215875759,1531215875755,926636,0.00001232,266.00000000,0
1531215875831,1531215875826,926637,0.00001230,266.00000000,0
1531215875841,1531215875837,926638,0.00001230,266.00000000,0
1531215875843,1531215875839,926639,0.00001230,228.00000000,0
1531215875843,1531215875839,926640,0.00001232,356.00000000,0
1531215875875,1531215875870,926641,0.00001232,331.00000000,0
1531215875875,1531215875870,926642,0.00001235,117.00000000,0
1531215875875,1531215875870,926643,0.00001236,84.00000000,0
1531215875925,1531215875922,926644,0.00001230,484.00000000,0
1531215875948,1531215875944,926645,0.00001230,484.00000000,0
1531215875979,1531215875974,926646,0.00001230,393.00000000,0
1531215875979,1531215875974,926647,0.00001232,121.00000000,0
1531215875979,1531215875974,926648,0.00001233,210.00000000,0
1531215875995,1531215875991,926649,0.00001233,121.00000000,0
1531215876024,1531215876020,926650,0.00001231,1211.00000000,0
1531215876122,1531215876118,926651,0.00001230,1361.00000000,1
1531215876361,1531215876357,926652,0.00001231,1335.00000000,1
1531215876521,1531215876516,926653,0.00001232,364.00000000,0
1531215876526,1531215876522,926654,0.00001233,404.00000000,0
1531215876786,1531215876783,926655,0.00001231,89.00000000,1
1531215877113,1531215877110,926656,0.00001231,160.00000000,1
1531215877124,1531215877120,926657,0.00001231,1013.00000000,1
1531215877124,1531215877120,926658,0.00001230,324.00000000,1
1531215877286,1531215877283,926659,0.00001231,2767.00000000,1
1531215877308,1531215877304,926660,0.00001227,4332.00000000,0
1531215877824,1531215877821,926661,0.00001233,481.00000000,0
1531215878116,1531215878113,926662,0.00001233,4519.00000000,1
1531215881130,1531215881125,926663,0.00001228,2597.00000000,1
1531215881500,1531215881495,926664,0.00001228,118.00000000,0
1531215884199,1531215884195,926665,0.00001229,128.00000000,0
1531215884987,1531215884984,926666,0.00001228,283.00000000,0
1531215885076,1531215885073,926667,0.00001228,114.00000000,0
1531215885973,1531215885969,926668,0.00001228,47.00000000,0
1531215885973,1531215885969,926669,0.00001230,9953.00000000,0
1531215886777,1531215886773,926670,0.00001230,19082.00000000,0
1531215887133,1531215887130,926671,0.00001229,2053.00000000,0
1531215887360,1531215887354,926672,0.00001227,5287.00000000,1
1531215887378,1531215887374,926673,0.00001227,9912.00000000,0
1531215887798,1531215887795,926674,0.00001229,3017.00000000,0
1531215888131,1531215888126,926675,0.00001228,349.00000000,1
1531215888185,1531215888182,926676,0.00001229,2683.00000000,0
1531215888684,1531215888681,926677,0.00001228,1027.00000000,0
1531215888921,1531215888916,926678,0.00001229,2604.00000000,0
1531215889884,1531215889880,926679,0.00001227,2853.00000000,1
1531215889884,1531215889880,926680,0.00001225,7081.00000000,1
1531215890598,1531215890592,926681,0.00001229,2650.00000000,0
1531215891636,1531215891633,926682,0.00001230,10607.00000000,0
1531215894248,1531215894244,926683,0.00001228,893.00000000,1
1531215898236,1531215898233,926684,0.00001230,200.00000000,0
1531215898662,1531215898659,926685,0.00001228,829.00000000,1
1531215900761,1531215900757,926686,0.00001229,117.00000000,1
1531215900791,1531215900787,926687,0.00001230,34.00000000,0
1531215901516,1531215901511,926688,0.00001230,7.00000000,0
1531215901521,1531215901518,926689,0.00001230,1001.00000000,0
1531215901526,1531215901521,926690,0.00001230,50.00000000,0
1531215902918,1531215902915,926691,0.00001230,9291.00000000,0
1531215903046,1531215903042,926692,0.00001231,25.00000000,0
1531215903116,1531215903112,926693,0.00001231,146.00000000,0
1531215904042,1531215904039,926694,0.00001230,484.00000000,1
1531215907582,1531215907577,926695,0.00001230,3521.00000000,1
1531215908778,1531215908775,926696,0.00001230,8288.00000000,1
1531215908802,1531215908796,926697,0.00001232,536.00000000,0
1531215908802,1531215908796,926698,0.00001233,500.00000000,0
1531215908802,1531215908796,926699,0.00001234,3411.00000000,0
1531215908802,1531215908796,926700,0.00001235,980.00000000,0
1531215908802,1531215908796,926701,0.00001236,8656.00000000,0
1531215908802,1531215908796,926702,0.00001237,6025.00000000,0
1531215908802,1531215908796,926703,0.00001238,8733.00000000,0
1531215909013,1531215909009,926704,0.00001230,924.00000000,1
1531215911878,1531215911875,926705,0.00001231,411.00000000,1
1531215912294,1531215912291,926706,0.00001231,124.00000000,1
1531215913087,1531215913082,926707,0.00001234,164.00000000,0
1531215916364,1531215916361,926708,0.00001230,1671.00000000,1
1531215916364,1531215916361,926709,0.00001229,3252.00000000,1
1531215916364,1531215916361,926710,0.00001228,2292.00000000,1
1531215916679,1531215916670,926711,0.00001228,5986.00000000,1
1531215916679,1531215916670,926712,0.00001227,129.00000000,1
1531215916679,1531215916670,926713,0.00001226,1580.00000000,1
1531215916679,1531215916670,926714,0.00001225,27038.00000000,1
1531215916679,1531215916670,926715,0.00001223,1141.00000000,1
1531215916679,1531215916670,926716,0.00001222,5776.00000000,1
1531215916679,1531215916670,926717,0.00001221,3611.00000000,1
1531215916679,1531215916670,926718,0.00001220,4739.00000000,1
1531215916679,1531215916670,926719,0.00001220,1100.00000000,1
1531215916742,1531215916738,926720,0.00001220,2856.00000000,1
1531215917202,1531215917199,926721,0.00001227,533.00000000,0
1531215917473,1531215917468,926722,0.00001222,310.00000000,1
1531215917711,1531215917706,926723,0.00001226,156.00000000,0
1531215918121,1531215918116,926724,0.00001227,2.00000000,0
1531215918121,1531215918116,926725,0.00001228,122.00000000,0
1531215918973,1531215918967,926726,0.00001228,172.00000000,0
1531215918973,1531215918967,926727,0.00001232,939.00000000,0
1531215918973,1531215918967,926728,0.00001233,943.00000000,0
1531215919118,1531215919113,926729,0.00001233,954.00000000,1
1531215920130,1531215920126,926730,0.00001232,3290.00000000,1
1531215925302,1531215925299,926731,0.00001228,3409.00000000,1
1531215932329,1531215932324,926732,0.00001228,248.00000000,1
1531215932538,1531215932535,926733,0.00001228,83.00000000,1
1531215932769,1531215932764,926734,0.00001228,83.00000000,1
1531215932825,1531215932821,926735,0.00001228,182.00000000,1
1531215933277,1531215933273,926736,0.00001228,824.00000000,1
1531215934584,1531215934580,926737,0.00001228,3420.00000000,1
1531215934590,1531215934585,926738,0.00001228,120.00000000,1
1531215935511,1531215935503,926739,0.00001228,22851.00000000,1
1531215935511,1531215935503,926740,0.00001225,130.00000000,1
1531215935511,1531215935503,926741,0.00001223,12172.00000000,1
1531215935511,1531215935503,926742,0.00001222,14717.00000000,1
1531215935511,1531215935503,926743,0.00001221,96422.00000000,1
1531215935511,1531215935503,926744,0.00001220,125274.00000000,1
1531215939234,1531215939230,926745,0.00001226,1684.00000000,0
1531215942259,1531215942256,926746,0.00001226,4.00000000,0
1531215942676,1531215942672,926747,0.00001223,2300.00000000,1
1531215942676,1531215942672,926748,0.00001221,5680.00000000,1
1531215943299,1531215943294,926749,0.00001224,89.00000000,0
1531215943972,1531215943966,926750,0.00001221,3464.00000000,1
1531215943973,1531215943966,926751,0.00001220,6084.00000000,1
1531215943973,1531215943966,926752,0.00001219,801.00000000,1
1531215943973,1531215943966,926753,0.00001218,9475.00000000,1
1531215946550,1531215946546,926754,0.00001223,6174.00000000,1
1531215946573,1531215946569,926755,0.00001223,901.00000000,0
1531215947175,1531215947172,926756,0.00001224,1346.00000000,0
1531215951874,1531215951871,926757,0.00001222,979.00000000,1
1531215952117,1531215952112,926758,0.00001222,14021.00000000,1
1531215952117,1531215952112,926759,0.00001220,508.00000000,1
1531215952117,1531215952112,926760,0.00001219,47064.00000000,1
1531215952117,1531215952112,926761,0.00001218,480.00000000,1
1531215952117,1531215952112,926762,0.00001217,1298.00000000,1
1531215952488,1531215952483,926763,0.00001219,2882.00000000,1
1531215952488,1531215952483,926764,0.00001218,549.00000000,1
1531215953400,1531215953396,926765,0.00001224,645.00000000,0
1531215953715,1531215953711,926766,0.00001220,2689.00000000,1
1531215953804,1531215953799,926767,0.00001221,125.00000000,0
1531215953936,1531215953932,926768,0.00001220,193.00000000,1
1531215953953,1531215953949,926769,0.00001220,3397.00000000,0
1531215955565,1531215955557,926770,0.00001220,2882.00000000,1
1531215955565,1531215955557,926771,0.00001218,3362.00000000,1
1531215955565,1531215955557,926772,0.00001217,10638.00000000,1
1531215955565,1531215955557,926773,0.00001216,914.00000000,1
1531215955565,1531215955557,926774,0.00001215,6381.00000000,1
1531215956253,1531215956249,926775,0.00001222,3911.00000000,0
1531215956939,1531215956936,926776,0.00001219,1783.00000000,1
1531215956967,1531215956962,926777,0.00001219,517.00000000,0
1531215957130,1531215957126,926778,0.00001222,504.00000000,0
1531215958113,1531215958109,926779,0.00001221,2134.00000000,0
1531215959259,1531215959254,926780,0.00001220,786.00000000,1
1531215959981,1531215959970,926781,0.00001220,2095.00000000,1
1531215959981,1531215959970,926782,0.00001218,2700.00000000,1
1531215959981,1531215959970,926783,0.00001215,2012.00000000,1
1531215959981,1531215959970,926784,0.00001214,7840.00000000,1
1531215959981,1531215959970,926785,0.00001213,3031.00000000,1
