event_time,trade_time,trade_id,price,quantity,maker
1531210381772,1531210381768,8748371,0.00035192,1.00000000,0
1531210381772,1531210381768,8748372,0.00035193,99.00000000,0
1531210383856,1531210383851,8748373,0.00035193,1.00000000,0
1531210398500,1531210398499,8748374,0.00035193,81.00000000,0
1531210444349,1531210444345,8748375,0.00035208,379.00000000,0
1531210444361,1531210444357,8748376,0.00035194,311.00000000,1
1531210480587,1531210480582,8748377,0.00035224,1680.00000000,0
1531210480604,1531210480599,8748378,0.00035199,1050.00000000,1
1531210514338,1531210514335,8748379,0.00035241,3.00000000,0
1531210515868,1531210515865,8748380,0.00035241,4.00000000,0
1531210533621,1531210533617,8748381,0.00035241,39.00000000,0
1531210533621,1531210533617,8748382,0.00035258,61.00000000,0
1531210534307,1531210534304,8748383,0.00035233,20.00000000,1
1531210536536,1531210536531,8748384,0.00035232,179.00000000,1
1531210570533,1531210570529,8748385,0.00035210,179.00000000,1
1531210573644,1531210573641,8748386,0.00035210,11.00000000,1
1531210591540,1531210591536,8748387,0.00035246,1.00000000,0
1531210602263,1531210602258,8748388,0.00035230,2907.00000000,0
1531210602279,1531210602275,8748389,0.00035211,1085.00000000,1
1531210631309,1531210631304,8748390,0.00035230,1138.00000000,0
1531210631326,1531210631324,8748391,0.00035211,569.00000000,1
1531210645036,1531210645033,8748392,0.00035211,243.00000000,1
1531210645053,1531210645050,8748393,0.00035211,1167.00000000,1
1531210658307,1531210658301,8748394,0.00035231,3138.00000000,0
1531210658314,1531210658310,8748395,0.00035212,1105.00000000,1
1531210675530,1531210675526,8748396,0.00035212,13.00000000,1
1531210678984,1531210678980,8748397,0.00035227,1856.00000000,0
1531210678994,1531210678994,8748398,0.00035245,710.00000000,0
1531210679008,1531210679005,8748399,0.00035245,977.00000000,0
1531210679010,1531210679007,8748400,0.00035210,89.00000000,1
1531210688372,1531210688368,8748401,0.00035227,50.00000000,0
1531210688382,1531210688378,8748402,0.00035206,35.00000000,1
1531210699534,1531210699528,8748403,0.00035205,7.00000000,1
1531210713756,1531210713751,8748404,0.00035244,3.00000000,0
1531210721297,1531210721293,8748405,0.00035243,137.00000000,0
1531210721313,1531210721308,8748406,0.00035243,825.00000000,0
1531210734099,1531210734093,8748407,0.00035226,2378.00000000,0
1531210734111,1531210734111,8748408,0.00035257,1166.00000000,0
1531210743116,1531210743111,8748409,0.00035257,28.00000000,0
1531210767968,1531210767965,8748410,0.00035230,1.00000000,0
1531210782532,1531210782528,8748411,0.00035209,7.00000000,1
1531210783894,1531210783889,8748412,0.00035212,2251.00000000,0
1531210783906,1531210783902,8748413,0.00035229,1014.00000000,0
1531210859563,1531210859558,8748414,0.00035212,2304.00000000,0
1531210859578,1531210859577,8748415,0.00035195,1108.00000000,1
1531210871607,1531210871603,8748416,0.00035229,25.00000000,0
1531210871651,1531210871650,8748417,0.00035229,10.00000000,0
1531210950272,1531210950267,8748418,0.00035258,2.00000000,0
1531211023490,1531211023484,8748419,0.00035215,176.00000000,0
1531211023500,1531211023494,8748420,0.00035196,132.00000000,1
1531211070483,1531211070477,8748421,0.00035235,5.00000000,0
1531211165521,1531211165518,8748422,0.00035199,1.00000000,1
1531211171978,1531211171973,8748423,0.00035256,45.00000000,0
1531211172554,1531211172548,8748424,0.00035257,55.00000000,1
1531211176117,1531211176113,8748425,0.00035196,894.00000000,1
1531211217883,1531211217877,8748426,0.00035196,192.00000000,1
1531211217883,1531211217877,8748427,0.00035195,147.00000000,1
1531211217883,1531211217877,8748428,0.00035194,4.00000000,1
1531211217898,1531211217894,8748429,0.00035194,237.00000000,0
1531211218026,1531211218021,8748430,0.00035234,3.00000000,0
1531211230467,1531211230464,8748431,0.00035234,3.00000000,0
1531211234318,1531211234313,8748432,0.00035234,5.00000000,0
1531211234334,1531211234330,8748433,0.00035250,10.00000000,0
1531211234387,1531211234383,8748434,0.00035258,90.00000000,0
1531211234421,1531211234417,8748435,0.00035258,18.00000000,0
1531211235848,1531211235844,8748436,0.00035264,136.00000000,0
1531211239557,1531211239552,8748437,0.00035234,5.00000000,1
1531211240638,1531211240633,8748438,0.00035263,4.00000000,0
1531211246888,1531211246883,8748439,0.00035231,774.00000000,0
1531211246898,1531211246893,8748440,0.00035263,480.00000000,0
1531211247557,1531211247553,8748441,0.00035263,4.00000000,1
1531211265826,1531211265822,8748442,0.00035194,6.00000000,1
1531211265826,1531211265822,8748443,0.00035193,24.00000000,1
1531211323660,1531211323657,8748444,0.00035193,10.00000000,1
1531211328657,1531211328653,8748445,0.00035106,1.00000000,1
1531211365902,1531211365895,8748446,0.00035115,45.00000000,1
1531211365902,1531211365895,8748447,0.00035107,12.00000000,1
1531211365902,1531211365895,8748448,0.00035089,4.00000000,1
1531211365902,1531211365895,8748449,0.00035065,285.00000000,1
1531211365902,1531211365895,8748450,0.00035052,7.00000000,1
1531211365902,1531211365895,8748451,0.00035025,85.00000000,1
1531211365902,1531211365895,8748452,0.00035022,2342.00000000,1
1531211365917,1531211365912,8748453,0.00035022,318.00000000,0
1531211365925,1531211365921,8748454,0.00035022,177.00000000,0
1531211365928,1531211365923,8748455,0.00035022,269.00000000,0
1531211365935,1531211365932,8748456,0.00035022,13.00000000,0
1531211365942,1531211365939,8748457,0.00035022,8.00000000,0
1531211365948,1531211365945,8748458,0.00035022,7029.00000000,0
1531211366004,1531211365998,8748459,0.00035022,13.00000000,0
1531211366063,1531211366059,8748460,0.00035022,102.00000000,0
1531211366075,1531211366071,8748461,0.00035022,31.00000000,0
1531211366078,1531211366074,8748462,0.00035022,35.00000000,0
1531211366084,1531211366080,8748463,0.00035022,257.00000000,0
1531211366204,1531211366199,8748464,0.00035022,565.00000000,0
1531211366216,1531211366212,8748465,0.00035022,125.00000000,0
1531211366235,1531211366232,8748466,0.00035022,557.00000000,0
1531211366400,1531211366396,8748467,0.00035022,177.00000000,0
1531211366407,1531211366403,8748468,0.00035022,262.00000000,0
1531211366409,1531211366405,8748469,0.00035022,45.00000000,0
1531211366413,1531211366409,8748470,0.00035022,71.00000000,0
1531211366419,1531211366415,8748471,0.00035022,7.00000000,0
1531211366422,1531211366422,8748472,0.00035022,48.00000000,0
1531211366423,1531211366422,8748473,0.00035022,374.00000000,0
1531211366598,1531211366594,8748474,0.00035022,422.00000000,0
1531211366600,1531211366595,8748475,0.00035022,1062.00000000,0
1531211366650,1531211366645,8748476,0.00035022,400.00000000,0
1531211366654,1531211366650,8748477,0.00035022,883.00000000,0
1531211367103,1531211367097,8748478,0.00035164,7.00000000,0
1531211367103,1531211367097,8748479,0.00035165,111.00000000,0
1531211369374,1531211369368,8748480,0.00035003,81.00000000,1
1531211369374,1531211369368,8748481,0.00035001,43.00000000,1
1531211371665,1531211371660,8748482,0.00035003,1.00000000,1
1531211375975,1531211375970,8748483,0.00035093,13.00000000,0
1531211375975,1531211375970,8748484,0.00035094,81.00000000,0
1531211375975,1531211375970,8748485,0.00035096,8.00000000,0
1531211375975,1531211375970,8748486,0.00035152,174.00000000,0
1531211375975,1531211375970,8748487,0.00035153,8.00000000,0
1531211375975,1531211375970,8748488,0.00035154,8.00000000,0
1531211375988,1531211375984,8748489,0.00035155,41.00000000,1
1531211376030,1531211376025,8748490,0.00035006,6.00000000,1
1531211376030,1531211376025,8748491,0.00035005,35.00000000,1
1531211405752,1531211405747,8748492,0.00035067,6.00000000,0
1531211407615,1531211407611,8748493,0.00035067,37.00000000,0
1531211407655,1531211407651,8748494,0.00035068,87.00000000,0
1531211408521,1531211408517,8748495,0.00035068,1.00000000,0
1531211410152,1531211410147,8748496,0.00035115,23.00000000,0
1531211410508,1531211410503,8748497,0.00035113,7.00000000,0
1531211410565,1531211410560,8748498,0.00035069,50.00000000,1
1531211416434,1531211416428,8748499,0.00035088,286.00000000,1
1531211416434,1531211416428,8748500,0.00035086,214.00000000,1
1531211417174,1531211417167,8748501,0.00035106,425.00000000,0
1531211417755,1531211417751,8748502,0.00035106,6.00000000,0
1531211421663,1531211421660,8748503,0.00035086,653.00000000,1
1531211472528,1531211472524,8748504,0.00035014,44.00000000,1
1531211493193,1531211493187,8748505,0.00035010,434.00000000,1
1531211493193,1531211493187,8748506,0.00035009,66.00000000,1
1531211501960,1531211501956,8748507,0.00035010,403.00000000,1
1531211517440,1531211517435,8748508,0.00035010,31.00000000,1
1531211518990,1531211518985,8748509,0.00035014,1.00000000,0
1531211542247,1531211542243,8748510,0.00035063,3.00000000,0
1531211542927,1531211542922,8748511,0.00035011,437.00000000,1
1531211542948,1531211542943,8748512,0.00035011,196.00000000,1
1531211558654,1531211558651,8748513,0.00035010,4.00000000,1
1531211561646,1531211561642,8748514,0.00035009,53.00000000,1
1531211582320,1531211582316,8748515,0.00035009,35.00000000,0
1531211587659,1531211587655,8748516,0.00035007,20.00000000,1
1531211589662,1531211589656,8748517,0.00034995,23.00000000,1
1531211591646,1531211591641,8748518,0.00034986,15.00000000,1
1531211592658,1531211592653,8748519,0.00034983,28.00000000,1
1531211593653,1531211593650,8748520,0.00034978,12.00000000,1
1531211595648,1531211595642,8748521,0.00034977,3.00000000,1
1531211611530,1531211611525,8748522,0.00035017,11.00000000,0
1531211612391,1531211612387,8748523,0.00035018,31.00000000,0
1531211622428,1531211622422,8748524,0.00035018,9.00000000,0
1531211622664,1531211622659,8748525,0.00035018,284.00000000,0
1531211622664,1531211622659,8748526,0.00035062,9.00000000,0
1531211627699,1531211627695,8748527,0.00034976,8.00000000,1
1531211641348,1531211641344,8748528,0.00035018,3.00000000,0
1531211642037,1531211642033,8748529,0.00035018,30.00000000,0
1531211647549,1531211647545,8748530,0.00034971,11.00000000,0
1531211660678,1531211660674,8748531,0.00035017,1.00000000,0
1531211677838,1531211677834,8748532,0.00034969,4.00000000,1
1531211677838,1531211677834,8748533,0.00034964,7.00000000,1
1531211677838,1531211677834,8748534,0.00034961,3.00000000,1
1531211677838,1531211677834,8748535,0.00034951,190.00000000,1
1531211710786,1531211710781,8748536,0.00035003,7.00000000,0
1531211710786,1531211710781,8748537,0.00035016,6.00000000,0
1531211712972,1531211712967,8748538,0.00035000,88.00000000,0
1531211728240,1531211728235,8748539,0.00034963,3.00000000,1
1531211731083,1531211731078,8748540,0.00035000,15.00000000,0
1531211751749,1531211751745,8748541,0.00035000,17.00000000,0
1531211751749,1531211751745,8748542,0.00035016,1.00000000,0
1531211751749,1531211751745,8748543,0.00035017,3.00000000,0
1531211751749,1531211751745,8748544,0.00035050,5.00000000,0
1531211751749,1531211751745,8748545,0.00035077,21.00000000,0
1531211762100,1531211762095,8748546,0.00034983,802.00000000,1
1531211762113,1531211762108,8748547,0.00034983,1025.00000000,1
1531211762674,1531211762669,8748548,0.00034982,6.00000000,1
1531211785444,1531211785440,8748549,0.00034967,113.00000000,0
1531211791685,1531211791680,8748550,0.00034981,440.00000000,0
1531211791698,1531211791694,8748551,0.00034962,214.00000000,1
1531211820559,1531211820553,8748552,0.00034981,1916.00000000,0
1531211820571,1531211820567,8748553,0.00034962,903.00000000,1
1531211820589,1531211820584,8748554,0.00034962,949.00000000,1
1531211830717,1531211830713,8748555,0.00034962,1173.00000000,1
1531211834202,1531211834197,8748556,0.00035000,3.00000000,0
1531211844394,1531211844390,8748557,0.00034962,1397.00000000,1
1531211844407,1531211844403,8748558,0.00034962,1139.00000000,1
1531211872645,1531211872642,8748559,0.00034980,218.00000000,0
1531211872657,1531211872653,8748560,0.00034999,1081.00000000,0
1531211872677,1531211872673,8748561,0.00034999,188.00000000,0
1531211875354,1531211875350,8748562,0.00035000,1.00000000,0
1531211904762,1531211904758,8748563,0.00034981,2943.00000000,0
1531211904772,1531211904767,8748564,0.00034962,1499.00000000,1
1531211904794,1531211904790,8748565,0.00034962,1415.00000000,1
1531211909827,1531211909823,8748566,0.00035000,28.00000000,0
1531211922989,1531211922985,8748567,0.00035000,36.00000000,0
1531211935066,1531211935061,8748568,0.00035000,3.00000000,0
1531211935547,1531211935547,8748569,0.00034999,1.00000000,0
1531211939752,1531211939746,8748570,0.00034999,250.00000000,0
1531211942390,1531211942386,8748571,0.00035000,1.00000000,0
1531211945681,1531211945676,8748572,0.00035000,4.00000000,0
1531211999396,1531211999391,8748573,0.00034986,1668.00000000,0
1531211999408,1531211999403,8748574,0.00034986,30.00000000,1
1531211999408,1531211999403,8748575,0.00034974,501.00000000,1
1531211999432,1531211999426,8748576,0.00034974,745.00000000,1
1531212005329,1531212005325,8748577,0.00034999,1.00000000,0
1531212008516,1531212008510,8748578,0.00034999,11.00000000,0
1531212022962,1531212022958,8748579,0.00034974,530.00000000,1
1531212033878,1531212033874,8748580,0.00034999,30.00000000,0
1531212034542,1531212034537,8748581,0.00034980,1051.00000000,1
1531212047964,1531212047960,8748582,0.00034980,254.00000000,1
1531212051600,1531212051597,8748583,0.00034999,137.00000000,0
1531212080865,1531212080859,8748584,0.00034981,40.00000000,1
1531212080865,1531212080859,8748585,0.00034980,60.00000000,1
1531212082572,1531212082568,8748586,0.00034989,1420.00000000,0
1531212082582,1531212082578,8748587,0.00034998,1127.00000000,0
1531212085048,1531212085045,8748588,0.00034980,182.00000000,1
1531212100688,1531212100685,8748589,0.00034999,139.00000000,0
1531212114693,1531212114689,8748590,0.00034991,29.00000000,1
1531212115700,1531212115696,8748591,0.00034983,4.00000000,1
1531212116757,1531212116752,8748592,0.00034980,417.00000000,1
1531212118697,1531212118692,8748593,0.00034973,11.00000000,1
1531212119708,1531212119704,8748594,0.00034963,10.00000000,1
1531212121261,1531212121256,8748595,0.00034997,3.00000000,0
1531212121304,1531212121296,8748596,0.00034961,28.00000000,1
1531212122717,1531212122713,8748597,0.00034973,1295.00000000,0
1531212122732,1531212122727,8748598,0.00034997,405.00000000,0
1531212122755,1531212122751,8748599,0.00034997,1219.00000000,0
1531212123771,1531212123766,8748600,0.00034997,3.00000000,1
1531212129830,1531212129826,8748601,0.00034998,370.00000000,0
1531212132438,1531212132432,8748602,0.00034998,129.00000000,0
1531212133477,1531212133473,8748603,0.00034998,211.00000000,0
1531212133517,1531212133511,8748604,0.00034998,306.00000000,0
1531212133517,1531212133511,8748605,0.00034999,186.00000000,0
1531212133517,1531212133511,8748606,0.00035000,102.00000000,0
1531212138720,1531212138717,8748607,0.00034967,5.00000000,0
1531212139772,1531212139767,8748608,0.00034967,5.00000000,0
1531212141798,1531212141793,8748609,0.00034967,5.00000000,0
1531212144605,1531212144601,8748610,0.00034967,1.00000000,0
1531212148711,1531212148699,8748611,0.00034967,4.00000000,0
1531212148968,1531212148963,8748612,0.00035000,1.00000000,0
1531212178510,1531212178505,8748613,0.00034949,186.00000000,1
1531212178510,1531212178505,8748614,0.00034948,6.00000000,1
1531212179524,1531212179519,8748615,0.00034945,27.00000000,0
1531212180226,1531212180222,8748616,0.00034935,5.00000000,1
1531212207329,1531212207324,8748617,0.00034945,1.00000000,0
1531212218729,1531212218724,8748618,0.00034967,12.00000000,0
1531212219898,1531212219893,8748619,0.00034936,845.00000000,1
1531212219921,1531212219916,8748620,0.00034936,877.00000000,1
1531212234518,1531212234514,8748621,0.00034935,3.00000000,1
1531212241603,1531212241599,8748622,0.00034967,1.00000000,0
1531212249462,1531212249456,8748623,0.00034967,11.00000000,0
1531212249462,1531212249456,8748624,0.00034999,8.00000000,0
1531212249462,1531212249456,8748625,0.00035000,4.00000000,0
1531212249462,1531212249456,8748626,0.00035027,9.00000000,0
1531212266179,1531212266174,8748627,0.00034951,677.00000000,1
1531212305266,1531212305262,8748628,0.00035014,3.00000000,0
1531212345565,1531212345560,8748629,0.00035035,16.00000000,0
1531212354248,1531212354244,8748630,0.00035013,3.00000000,0
1531212395533,1531212395528,8748631,0.00035012,1.00000000,0
1531212402184,1531212402179,8748632,0.00035013,3.00000000,0
1531212415412,1531212415405,8748633,0.00035013,6.00000000,0
1531212433737,1531212433736,8748634,0.00035005,1.00000000,0
1531212439950,1531212439945,8748635,0.00034967,43.00000000,0
1531212440613,1531212440610,8748636,0.00034967,15.00000000,0
1531212441597,1531212441593,8748637,0.00034967,58.00000000,0
1531212442977,1531212442974,8748638,0.00034967,45.00000000,0
1531212445745,1531212445739,8748639,0.00034967,45.00000000,0
1531212450433,1531212450431,8748640,0.00034967,30.00000000,0
1531212459740,1531212459735,8748641,0.00034967,15.00000000,0
1531212483740,1531212483737,8748642,0.00034967,15.00000000,0
1531212485314,1531212485310,8748643,0.00034967,15.00000000,0
1531212485643,1531212485639,8748644,0.00034967,10.00000000,1
1531212485747,1531212485743,8748645,0.00034967,5.00000000,0
1531212488634,1531212488629,8748646,0.00034967,15.00000000,0
1531212489742,1531212489738,8748647,0.00034967,15.00000000,0
1531212490746,1531212490741,8748648,0.00034967,15.00000000,0
1531212492653,1531212492648,8748649,0.00034967,15.00000000,0
1531212509819,1531212509814,8748650,0.00035013,14.00000000,0
1531212521902,1531212521898,8748651,0.00034967,23.00000000,1
1531212521902,1531212521898,8748652,0.00034966,114.00000000,1
1531212521930,1531212521925,8748653,0.00034966,89.00000000,0
1531212522914,1531212522909,8748654,0.00034966,59.00000000,0
1531212536382,1531212536379,8748655,0.00035013,1.00000000,0
1531212539292,1531212539288,8748656,0.00035018,3.00000000,0
1531212559179,1531212559174,8748657,0.00034973,55.00000000,1
1531212559221,1531212559215,8748658,0.00034973,230.00000000,0
1531212560443,1531212560440,8748659,0.00035018,20.00000000,0
1531212587111,1531212587106,8748660,0.00035039,3.00000000,0
1531212632255,1531212632251,8748661,0.00035038,3.00000000,0
1531212632908,1531212632905,8748662,0.00035039,333.00000000,1
1531212632965,1531212632961,8748663,0.00035039,880.00000000,1
1531212632995,1531212632989,8748664,0.00035039,992.00000000,1
1531212647681,1531212647678,8748665,0.00035036,44.00000000,0
1531212647716,1531212647712,8748666,0.00035036,260.00000000,1
1531212650717,1531212650713,8748667,0.00035036,374.00000000,1
1531212658550,1531212658545,8748668,0.00035037,494.00000000,1
1531212658709,1531212658704,8748669,0.00035037,494.00000000,1
1531212658838,1531212658834,8748670,0.00035037,494.00000000,1
1531212658934,1531212658930,8748671,0.00035037,69.00000000,1
1531212658934,1531212658930,8748672,0.00035036,425.00000000,1
1531212662654,1531212662648,8748673,0.00035040,3.00000000,0
1531212662654,1531212662648,8748674,0.00035067,47.00000000,0
1531212662904,1531212662902,8748675,0.00035036,132.00000000,1
1531212663346,1531212663341,8748676,0.00035036,736.00000000,1
1531212663365,1531212663361,8748677,0.00035036,271.00000000,1
1531212671748,1531212671744,8748678,0.00035036,20.00000000,1
1531212671749,1531212671746,8748679,0.00035001,7.00000000,1
1531212671749,1531212671746,8748680,0.00035000,13.00000000,1
1531212700915,1531212700909,8748681,0.00035023,1344.00000000,0
1531212700927,1531212700922,8748682,0.00035002,1003.00000000,1
1531212706197,1531212706193,8748683,0.00035002,29.00000000,1
1531212710385,1531212710381,8748684,0.00035002,30.00000000,1
1531212710401,1531212710396,8748685,0.00035002,1242.00000000,1
1531212710741,1531212710736,8748686,0.00035001,4.00000000,1
1531212711740,1531212711737,8748687,0.00035000,449.00000000,1
1531212712756,1531212712750,8748688,0.00034983,4.00000000,1
1531212736161,1531212736157,8748689,0.00035002,20.00000000,0
1531212741174,1531212741169,8748690,0.00035002,8.00000000,0
1531212741661,1531212741657,8748691,0.00035002,1.00000000,0
1531212741661,1531212741657,8748692,0.00035003,4.00000000,0
1531212741661,1531212741657,8748693,0.00035026,15.00000000,0
1531212747848,1531212747843,8748694,0.00035025,6.00000000,0
1531212748180,1531212748174,8748695,0.00035025,1.00000000,0
1531212748180,1531212748174,8748696,0.00035026,13.00000000,0
1531212756872,1531212756868,8748697,0.00035026,127.00000000,0
1531212757169,1531212757164,8748698,0.00035026,10.00000000,0
1531212763739,1531212763736,8748699,0.00034985,147.00000000,1
1531212764695,1531212764690,8748700,0.00035025,5.00000000,0
1531212764695,1531212764690,8748701,0.00035026,87.00000000,0
1531212765880,1531212765876,8748702,0.00035026,1.00000000,0
1531212765928,1531212765923,8748703,0.00035026,41.00000000,0
1531212766292,1531212766288,8748704,0.00034984,44.00000000,1
1531212766292,1531212766288,8748705,0.00034983,105.00000000,1
1531212780243,1531212780239,8748706,0.00034985,7.00000000,1
1531212798754,1531212798750,8748707,0.00035049,7.00000000,0
1531212799761,1531212799757,8748708,0.00035050,400.00000000,0
1531212801804,1531212801798,8748709,0.00035064,23.00000000,0
1531212804750,1531212804746,8748710,0.00035092,1892.00000000,0
1531212865789,1531212865785,8748711,0.00035033,1086.00000000,1
1531212884133,1531212884128,8748712,0.00035017,1184.00000000,0
1531212919427,1531212919424,8748713,0.00035086,1.00000000,0
1531212921349,1531212921344,8748714,0.00035086,3.00000000,0
1531212930776,1531212930772,8748715,0.00035086,20.00000000,1
1531212941085,1531212941079,8748716,0.00035086,1.00000000,0
1531212950628,1531212950624,8748717,0.00035084,1.00000000,0
1531212982780,1531212982775,8748718,0.00035083,44.00000000,0
1531212987800,1531212987797,8748719,0.00035084,106.00000000,1
1531212988142,1531212988138,8748720,0.00035085,29.00000000,0
1531213047699,1531213047696,8748721,0.00035081,18.00000000,0
1531213089488,1531213089484,8748722,0.00035084,228.00000000,0
1531213160801,1531213160797,8748723,0.00035080,498.00000000,1
1531213181993,1531213181987,8748724,0.00035088,1.00000000,0
1531213289274,1531213289269,8748725,0.00035085,1.00000000,0
1531213292273,1531213292267,8748726,0.00035085,3.00000000,0
1531213336428,1531213336421,8748727,0.00035021,7.00000000,1
1531213336428,1531213336421,8748728,0.00035020,80.00000000,1
1531213336428,1531213336421,8748729,0.00035018,3.00000000,1
1531213336428,1531213336421,8748730,0.00034983,48.00000000,1
1531213336428,1531213336421,8748731,0.00034981,25.00000000,1
1531213336428,1531213336421,8748732,0.00034967,337.00000000,1
1531213341462,1531213341457,8748733,0.00035018,240.00000000,0
1531213346001,1531213345998,8748734,0.00034981,49.00000000,1
1531213347179,1531213347174,8748735,0.00035017,782.00000000,0
1531213347200,1531213347194,8748736,0.00035017,1185.00000000,0
1531213363263,1531213363259,8748737,0.00035001,3.00000000,1
1531213363263,1531213363259,8748738,0.00035000,3.00000000,1
1531213424376,1531213424370,8748739,0.00035001,1203.00000000,1
1531213424401,1531213424397,8748740,0.00035001,1042.00000000,1
1531213472424,1531213472420,8748741,0.00035059,10.00000000,0
1531213472424,1531213472420,8748742,0.00035060,5.00000000,0
1531213472881,1531213472876,8748743,0.00035060,190.00000000,1
1531213513119,1531213513114,8748744,0.00035001,7.00000000,1
1531213513119,1531213513114,8748745,0.00035000,126.00000000,1
1531213513119,1531213513114,8748746,0.00034983,4.00000000,1
1531213513119,1531213513114,8748747,0.00034964,66.00000000,1
1531213513119,1531213513114,8748748,0.00034956,23.00000000,1
1531213513119,1531213513114,8748749,0.00034951,80.00000000,1
1531213513119,1531213513114,8748750,0.00034950,9.00000000,1
1531213513119,1531213513114,8748751,0.00034935,1704.00000000,1
1531213513136,1531213513132,8748752,0.00034935,1876.00000000,0
1531213513147,1531213513142,8748753,0.00034935,232.00000000,0
1531213543257,1531213543251,8748754,0.00035056,1.00000000,0
1531213543654,1531213543650,8748755,0.00035056,1.00000000,0
1531213552459,1531213552455,8748756,0.00035052,5.00000000,0
1531213552459,1531213552455,8748757,0.00035053,43.00000000,0
1531213552459,1531213552455,8748758,0.00035058,100.00000000,0
1531213557774,1531213557768,8748759,0.00034999,278.00000000,1
1531213557774,1531213557768,8748760,0.00034937,147.00000000,1
1531213557774,1531213557768,8748761,0.00034932,393.00000000,1
1531213557774,1531213557768,8748762,0.00034930,502.00000000,1
1531213557774,1531213557768,8748763,0.00034926,1247.00000000,1
1531213557792,1531213557788,8748764,0.00034926,202.00000000,0
1531213557793,1531213557790,8748765,0.00034926,207.00000000,0
1531213557797,1531213557793,8748766,0.00034926,98.00000000,0
1531213560945,1531213560941,8748767,0.00034949,19.00000000,1
1531213560945,1531213560941,8748768,0.00034948,5.00000000,1
1531213560945,1531213560941,8748769,0.00034920,7.00000000,1
1531213560945,1531213560941,8748770,0.00034919,57.00000000,1
1531213561133,1531213561129,8748771,0.00034919,5.00000000,1
1531213562677,1531213562673,8748772,0.00034919,1.00000000,1
1531213569226,1531213569222,8748773,0.00034920,4.00000000,1
1531213569226,1531213569222,8748774,0.00034919,13.00000000,1
1531213569837,1531213569833,8748775,0.00034919,5.00000000,1
1531213569837,1531213569833,8748776,0.00034917,6.00000000,1
1531213569837,1531213569833,8748777,0.00034907,12.00000000,1
1531213587873,1531213587867,8748778,0.00034914,3.00000000,1
1531213587923,1531213587919,8748779,0.00034912,3.00000000,0
1531213610558,1531213610552,8748780,0.00034917,11.00000000,1
1531213610558,1531213610552,8748781,0.00034908,5.00000000,1
1531213612391,1531213612387,8748782,0.00034913,7.00000000,1
1531213628451,1531213628445,8748783,0.00034916,3.00000000,1
1531213630399,1531213630394,8748784,0.00034917,43.00000000,1
1531213631282,1531213631275,8748785,0.00034917,38.00000000,0
1531213665900,1531213665894,8748786,0.00034904,12.00000000,1
1531213665900,1531213665894,8748787,0.00034900,1104.00000000,1
1531213665900,1531213665894,8748788,0.00034895,984.00000000,1
1531213665900,1531213665894,8748789,0.00034895,700.00000000,1
1531213669104,1531213669098,8748790,0.00034895,10.00000000,1
1531213670300,1531213670296,8748791,0.00034927,1.00000000,0
1531213672081,1531213672077,8748792,0.00034927,18.00000000,0
1531213673078,1531213673073,8748793,0.00034928,238.00000000,0
1531213681506,1531213681501,8748794,0.00034931,1.00000000,0
1531213682923,1531213682917,8748795,0.00034931,3.00000000,0
1531213687371,1531213687366,8748796,0.00034930,1186.00000000,0
1531213687388,1531213687382,8748797,0.00034896,813.00000000,1
1531213689190,1531213689186,8748798,0.00034965,1.00000000,0
1531213710248,1531213710244,8748799,0.00034897,3.00000000,1
1531213719995,1531213719990,8748800,0.00034990,88.00000000,0
1531213719995,1531213719990,8748801,0.00035000,227.00000000,0
1531213723306,1531213723302,8748802,0.00035000,3.00000000,0
1531213723421,1531213723416,8748803,0.00034966,18.00000000,1
1531213723628,1531213723624,8748804,0.00034983,1186.00000000,0
1531213723642,1531213723637,8748805,0.00034966,547.00000000,1
1531213744074,1531213744069,8748806,0.00034956,164.00000000,0
1531213744093,1531213744087,8748807,0.00034914,133.00000000,1
1531213745203,1531213745199,8748808,0.00034997,13.00000000,0
1531213745203,1531213745199,8748809,0.00034998,7.00000000,0
1531213764682,1531213764678,8748810,0.00034994,397.00000000,0
1531213768777,1531213768774,8748811,0.00034917,274.00000000,0
1531213768792,1531213768789,8748812,0.00034917,15.00000000,0
1531213768948,1531213768943,8748813,0.00034917,212.00000000,0
1531213772178,1531213772174,8748814,0.00034995,3.00000000,0
1531213825635,1531213825631,8748815,0.00034916,36.00000000,1
1531213892267,1531213892263,8748816,0.00034932,288.00000000,1
1531213892267,1531213892263,8748817,0.00034927,9.00000000,1
1531213892267,1531213892263,8748818,0.00034916,270.00000000,1
1531213892267,1531213892263,8748819,0.00034914,238.00000000,1
1531213903773,1531213903769,8748820,0.00034975,9.00000000,0
1531213905351,1531213905345,8748821,0.00034976,3.00000000,0
1531213911636,1531213911632,8748822,0.00034979,3.00000000,0
1531213915627,1531213915623,8748823,0.00034982,3.00000000,0
1531213915627,1531213915623,8748824,0.00034999,3.00000000,0
1531213915627,1531213915623,8748825,0.00035000,14.00000000,0
1531213916341,1531213916338,8748826,0.00035000,16.00000000,0
1531213918384,1531213918379,8748827,0.00035000,1.00000000,0
1531213919588,1531213919586,8748828,0.00035000,884.00000000,0
1531213921219,1531213921214,8748829,0.00034994,9.00000000,0
1531213924953,1531213924949,8748830,0.00034985,285.00000000,1
1531213925218,1531213925214,8748831,0.00035016,290.00000000,0
1531213930598,1531213930594,8748832,0.00035017,80.00000000,0
1531213934146,1531213934142,8748833,0.00035085,1.00000000,0
1531213991950,1531213991947,8748834,0.00035001,10.00000000,1
1531213993952,1531213993947,8748835,0.00035001,4.00000000,1
1531213994953,1531213994949,8748836,0.00035000,91.00000000,1
1531213997947,1531213997943,8748837,0.00034983,4.00000000,1
1531214051184,1531214051179,8748838,0.00034967,286.00000000,1
1531214051184,1531214051179,8748839,0.00034965,2.00000000,1
1531214055419,1531214055414,8748840,0.00035042,1.00000000,0
1531214088983,1531214088978,8748841,0.00034970,208.00000000,1
1531214089011,1531214089005,8748842,0.00034970,78.00000000,1
1531214090689,1531214090686,8748843,0.00034970,572.00000000,0
1531214090701,1531214090697,8748844,0.00034970,610.00000000,0
1531214090786,1531214090782,8748845,0.00034970,164.00000000,0
1531214154356,1531214154352,8748846,0.00034977,10.00000000,1
1531214173243,1531214173240,8748847,0.00034974,148.00000000,1
1531214200885,1531214200880,8748848,0.00035046,14.00000000,0
1531214200909,1531214200904,8748849,0.00035047,571.00000000,0
1531214200918,1531214200913,8748850,0.00035047,571.00000000,0
1531214200946,1531214200941,8748851,0.00035046,571.00000000,0
1531214201571,1531214201566,8748852,0.00035046,1143.00000000,0
1531214207589,1531214207585,8748853,0.00035045,2.00000000,0
1531214212405,1531214212401,8748854,0.00035045,154.00000000,0
1531214212425,1531214212421,8748855,0.00035045,1080.00000000,0
1531214240877,1531214240873,8748856,0.00035045,42.00000000,1
1531214240877,1531214240873,8748857,0.00035009,11.00000000,1
1531214242949,1531214242944,8748858,0.00035006,247.00000000,0
1531214246423,1531214246419,8748859,0.00035067,9.00000000,0
1531214314107,1531214314103,8748860,0.00035001,9.00000000,1
1531214314107,1531214314103,8748861,0.00035000,315.00000000,1
1531214315108,1531214315104,8748862,0.00035074,4.00000000,0
1531214340524,1531214340520,8748863,0.00035055,16.00000000,0
1531214340524,1531214340520,8748864,0.00035056,288.00000000,0
1531214347540,1531214347534,8748865,0.00035056,414.00000000,0
1531214374073,1531214374068,8748866,0.00035001,7.00000000,1
1531214374073,1531214374068,8748867,0.00035000,62.00000000,1
1531214374073,1531214374068,8748868,0.00034983,4.00000000,1
1531214374073,1531214374068,8748869,0.00034975,5.00000000,1
1531214374073,1531214374068,8748870,0.00034967,104.00000000,1
1531214385852,1531214385847,8748871,0.00035001,62.00000000,0
1531214394406,1531214394402,8748872,0.00034969,3.00000000,1
1531214394406,1531214394402,8748873,0.00034968,47.00000000,1
1531214397128,1531214397124,8748874,0.00034968,34.00000000,1
1531214415907,1531214415903,8748875,0.00035022,84.00000000,0
1531214416191,1531214416187,8748876,0.00035024,10.00000000,0
1531214420309,1531214420305,8748877,0.00035027,9.00000000,0
1531214420775,1531214420772,8748878,0.00035027,95.00000000,0
1531214421477,1531214421474,8748879,0.00035027,37.00000000,1
1531214422033,1531214422029,8748880,0.00035027,58.00000000,1
1531214422531,1531214422526,8748881,0.00034968,286.00000000,1
1531214422562,1531214422559,8748882,0.00034968,3714.00000000,0
1531214423926,1531214423922,8748883,0.00035062,80.00000000,0
1531214424580,1531214424574,8748884,0.00035072,110.00000000,0
1531214425958,1531214425953,8748885,0.00035079,23.00000000,0
1531214426012,1531214426006,8748886,0.00035085,117.00000000,0
1531214426014,1531214426011,8748887,0.00035085,89.00000000,0
1531214427592,1531214427588,8748888,0.00035085,538.00000000,0
1531214435989,1531214435985,8748889,0.00035098,80.00000000,0
1531214442930,1531214442927,8748890,0.00035123,5.00000000,0
1531214443208,1531214443205,8748891,0.00035122,16.00000000,0
1531214445000,1531214444995,8748892,0.00035122,27.00000000,0
1531214491983,1531214491979,8748893,0.00035026,33.00000000,1
1531214495258,1531214495252,8748894,0.00035120,8.00000000,0
1531214495258,1531214495252,8748895,0.00035121,36.00000000,0
1531214495258,1531214495252,8748896,0.00035122,54.00000000,0
1531214495258,1531214495252,8748897,0.00035153,23.00000000,0
1531214495258,1531214495252,8748898,0.00035155,41.00000000,0
1531214495258,1531214495252,8748899,0.00035161,3.00000000,0
1531214495258,1531214495252,8748900,0.00035165,85.00000000,0
1531214495258,1531214495252,8748901,0.00035180,618.00000000,0
1531214497838,1531214497832,8748902,0.00035091,9.00000000,1
1531214497838,1531214497832,8748903,0.00035090,81.00000000,1
1531214497838,1531214497832,8748904,0.00035089,18.00000000,1
1531214497838,1531214497832,8748905,0.00035088,1249.00000000,1
1531214498940,1531214498937,8748906,0.00035088,5.00000000,1
1531214499051,1531214499046,8748907,0.00035088,6.00000000,1
1531214499230,1531214499226,8748908,0.00035088,6.00000000,1
1531214499864,1531214499860,8748909,0.00035088,19.00000000,1
1531214501824,1531214501820,8748910,0.00035171,1.00000000,0
1531214502925,1531214502921,8748911,0.00035088,670.00000000,1
1531214504242,1531214504238,8748912,0.00035011,10.00000000,1
1531214511822,1531214511819,8748913,0.00035026,36.00000000,1
1531214513984,1531214513980,8748914,0.00035026,7.00000000,1
1531214539970,1531214539966,8748915,0.00035002,43.00000000,1
1531214540989,1531214540985,8748916,0.00035000,1000.00000000,1
1531214542976,1531214542972,8748917,0.00034983,4.00000000,1
1531214544971,1531214544968,8748918,0.00035000,7.00000000,1
1531214546970,1531214546965,8748919,0.00034968,942.00000000,1
1531214548910,1531214548906,8748920,0.00034966,80.00000000,1
1531214548938,1531214548933,8748921,0.00034934,80.00000000,1
1531214549978,1531214549973,8748922,0.00034926,18.00000000,1
1531214555975,1531214555970,8748923,0.00034907,20.00000000,1
1531214559467,1531214559463,8748924,0.00034906,210.00000000,1
1531214559492,1531214559487,8748925,0.00034900,500.00000000,1
1531214560861,1531214560857,8748926,0.00034906,30.00000000,0
1531214560889,1531214560885,8748927,0.00034888,24.00000000,1
1531214561983,1531214561979,8748928,0.00034879,4.00000000,1
1531214563981,1531214563977,8748929,0.00034873,88.00000000,1
1531214564404,1531214564401,8748930,0.00034906,200.00000000,0
1531214564913,1531214564909,8748931,0.00034906,72.00000000,0
1531214566289,1531214566286,8748932,0.00034906,2.00000000,0
1531214566329,1531214566325,8748933,0.00034906,2.00000000,0
1531214568938,1531214568933,8748934,0.00034906,32.00000000,0
1531214568938,1531214568933,8748935,0.00034966,18.00000000,0
1531214568938,1531214568933,8748936,0.00034967,9.00000000,0
1531214568938,1531214568933,8748937,0.00034968,8.00000000,0
1531214568938,1531214568933,8748938,0.00034971,23.00000000,0
1531214573721,1531214573717,8748939,0.00034960,5.00000000,0
1531214598895,1531214598891,8748940,0.00034944,8.00000000,1
1531214609978,1531214609975,8748941,0.00034945,7.00000000,1
1531214611969,1531214611965,8748942,0.00034944,3.00000000,1
1531214619120,1531214619116,8748943,0.00034908,3.00000000,1
1531214619120,1531214619116,8748944,0.00034907,9.00000000,1
1531214619154,1531214619150,8748945,0.00034907,25.00000000,1
1531214636565,1531214636561,8748946,0.00034900,144.00000000,1
1531214668991,1531214668987,8748947,0.00034900,434.00000000,1
1531214698473,1531214698469,8748948,0.00034899,2223.00000000,0
1531214698487,1531214698483,8748949,0.00034863,855.00000000,1
1531214726673,1531214726669,8748950,0.00034946,324.00000000,0
1531214726680,1531214726677,8748951,0.00034913,74.00000000,1
1531214726705,1531214726702,8748952,0.00034913,235.00000000,1
1531214742976,1531214742972,8748953,0.00034913,20.00000000,1
1531214751668,1531214751663,8748954,0.00034962,6.00000000,0
1531214779650,1531214779645,8748955,0.00034961,3.00000000,0
1531214792641,1531214792635,8748956,0.00034953,40.00000000,0
1531214797111,1531214797107,8748957,0.00034953,3.00000000,0
1531214797111,1531214797107,8748958,0.00034978,10.00000000,0
1531214797111,1531214797107,8748959,0.00034981,3.00000000,0
1531214797132,1531214797128,8748960,0.00034990,167.00000000,1
1531214797156,1531214797150,8748961,0.00034990,16.00000000,1
1531214797209,1531214797206,8748962,0.00034990,278.00000000,1
1531214797985,1531214797980,8748963,0.00034990,91.00000000,1
1531214813592,1531214813588,8748964,0.00034960,1642.00000000,0
1531214813609,1531214813604,8748965,0.00034921,1095.00000000,1
1531214813627,1531214813623,8748966,0.00034921,708.00000000,1
1531214844971,1531214844966,8748967,0.00034990,4.00000000,1
1531214855795,1531214855790,8748968,0.00034990,7.00000000,1
1531214856106,1531214856103,8748969,0.00034990,524.00000000,1
1531214856123,1531214856119,8748970,0.00034990,32.00000000,1
1531214865859,1531214865855,8748971,0.00034999,7.00000000,0
1531214879015,1531214879012,8748972,0.00034990,456.00000000,1
1531214892933,1531214892930,8748973,0.00034928,5.00000000,1
1531214932997,1531214932993,8748974,0.00034933,8.00000000,1
1531214932997,1531214932993,8748975,0.00034932,55.00000000,1
1531214933317,1531214933314,8748976,0.00034928,45.00000000,0
1531214940101,1531214940098,8748977,0.00034927,666.00000000,0
1531214940134,1531214940131,8748978,0.00034928,202.00000000,0
1531214946299,1531214946295,8748979,0.00034925,4.00000000,1
1531214956495,1531214956489,8748980,0.00034987,235.00000000,1
1531214974955,1531214974952,8748981,0.00035016,10.00000000,0
1531214977925,1531214977922,8748982,0.00034988,1112.00000000,1
1531214977945,1531214977941,8748983,0.00034988,1124.00000000,1
1531215026451,1531215026447,8748984,0.00035004,488.00000000,0
1531215026465,1531215026460,8748985,0.00035016,218.00000000,0
1531215074415,1531215074411,8748986,0.00035018,5.00000000,0
1531215074415,1531215074411,8748987,0.00035040,8.00000000,0
1531215074415,1531215074411,8748988,0.00035048,139.00000000,0
1531215074415,1531215074411,8748989,0.00035050,500.00000000,0
1531215093487,1531215093483,8748990,0.00035016,12.00000000,1
1531215140254,1531215140248,8748991,0.00035035,2225.00000000,0
1531215140268,1531215140263,8748992,0.00035049,348.00000000,0
1531215140286,1531215140282,8748993,0.00035049,778.00000000,0
1531215147677,1531215147673,8748994,0.00035021,3.00000000,1
1531215157025,1531215157021,8748995,0.00035021,36.00000000,1
1531215158049,1531215158045,8748996,0.00035016,179.00000000,1
1531215159033,1531215159029,8748997,0.00035000,76.00000000,1
1531215159033,1531215159029,8748998,0.00034996,26.00000000,1
1531215159033,1531215159029,8748999,0.00034987,224.00000000,1
1531215159066,1531215159060,8749000,0.00034987,3.00000000,1
1531215161113,1531215161107,8749001,0.00035021,5.00000000,1
1531215163021,1531215163017,8749002,0.00034983,4.00000000,1
1531215174664,1531215174661,8749003,0.00035038,22.00000000,0
1531215174698,1531215174694,8749004,0.00035038,4.00000000,0
1531215174698,1531215174694,8749005,0.00035039,37.00000000,0
1531215177693,1531215177688,8749006,0.00035040,121.00000000,0
1531215201600,1531215201595,8749007,0.00035047,20.00000000,0
1531215213676,1531215213673,8749008,0.00035049,128.00000000,0
1531215214672,1531215214668,8749009,0.00035049,57.00000000,0
1531215237889,1531215237883,8749010,0.00034983,25.00000000,1
1531215237889,1531215237883,8749011,0.00034982,302.00000000,1
1531215237889,1531215237883,8749012,0.00034941,173.00000000,1
1531215274646,1531215274642,8749013,0.00035019,131.00000000,0
1531215306229,1531215306224,8749014,0.00034964,85.00000000,0
1531215306229,1531215306224,8749015,0.00034967,110.00000000,0
1531215306229,1531215306224,8749016,0.00034999,25.00000000,0
1531215306229,1531215306224,8749017,0.00035000,50.00000000,0
1531215328824,1531215328819,8749018,0.00034922,26.00000000,1
1531215328855,1531215328850,8749019,0.00034921,19.00000000,1
1531215330013,1531215330009,8749020,0.00034922,3.00000000,0
1531215336488,1531215336483,8749021,0.00034921,70.00000000,1
1531215336488,1531215336483,8749022,0.00034900,100.00000000,1
1531215336488,1531215336483,8749023,0.00034879,4.00000000,1
1531215336488,1531215336483,8749024,0.00034866,140.00000000,1
1531215336839,1531215336835,8749025,0.00034866,35.00000000,0
1531215337393,1531215337389,8749026,0.00034866,50.00000000,0
1531215338856,1531215338852,8749027,0.00034866,43.00000000,0
1531215342630,1531215342627,8749028,0.00034866,3.00000000,0
1531215342675,1531215342671,8749029,0.00034866,3.00000000,0
1531215342709,1531215342705,8749030,0.00034866,3.00000000,0
1531215342781,1531215342777,8749031,0.00034866,3.00000000,0
1531215342849,1531215342845,8749032,0.00034866,1.00000000,0
1531215342902,1531215342899,8749033,0.00034866,3.00000000,0
1531215342955,1531215342949,8749034,0.00034866,3.00000000,0
1531215343054,1531215343051,8749035,0.00034866,2.00000000,0
1531215343071,1531215343067,8749036,0.00034866,3.00000000,0
1531215343148,1531215343143,8749037,0.00034866,3.00000000,0
1531215343181,1531215343178,8749038,0.00034866,2.00000000,0
1531215343211,1531215343208,8749039,0.00034866,2.00000000,0
1531215343246,1531215343241,8749040,0.00034866,2.00000000,0
1531215344846,1531215344842,8749041,0.00034866,43.00000000,0
1531215348124,1531215348120,8749042,0.00034866,86.00000000,0
1531215350176,1531215350171,8749043,0.00034865,4.00000000,1
1531215350176,1531215350171,8749044,0.00034863,1.00000000,1
1531215357900,1531215357895,8749045,0.00034866,29.00000000,0
1531215360729,1531215360725,8749046,0.00034866,54.00000000,0
1531215361649,1531215361645,8749047,0.00034866,3.00000000,0
1531215362339,1531215362336,8749048,0.00034864,3412.00000000,0
1531215362347,1531215362343,8749049,0.00034866,92.00000000,0
1531215362359,1531215362354,8749050,0.00034866,1301.00000000,0
1531215365566,1531215365562,8749051,0.00034866,6.00000000,1
1531215415259,1531215415254,8749052,0.00034915,3.00000000,0
1531215421671,1531215421666,8749053,0.00034889,396.00000000,0
1531215421682,1531215421676,8749054,0.00034915,9.00000000,0
1531215421709,1531215421705,8749055,0.00034915,225.00000000,0
1531215424103,1531215424100,8749056,0.00034915,3.00000000,1
1531215428655,1531215428650,8749057,0.00034864,4.00000000,1
1531215428655,1531215428650,8749058,0.00034863,9.00000000,1
1531215428655,1531215428650,8749059,0.00034862,8.00000000,1
1531215428655,1531215428650,8749060,0.00034860,10.00000000,1
1531215428655,1531215428650,8749061,0.00034855,133.00000000,1
1531215428655,1531215428650,8749062,0.00034852,9.00000000,1
1531215428655,1531215428650,8749063,0.00034851,10.00000000,1
1531215428655,1531215428650,8749064,0.00034850,203.00000000,1
1531215428655,1531215428650,8749065,0.00034847,114.00000000,1
1531215428656,1531215428650,8749066,0.00034847,12.00000000,1
1531215428656,1531215428650,8749067,0.00034846,13.00000000,1
1531215428656,1531215428650,8749068,0.00034830,18.00000000,1
1531215428656,1531215428650,8749069,0.00034829,6.00000000,1
1531215428678,1531215428674,8749070,0.00034828,53.00000000,0
1531215428713,1531215428708,8749071,0.00034828,43.00000000,0
1531215428811,1531215428807,8749072,0.00034828,147.00000000,0
1531215428971,1531215428967,8749073,0.00034915,2.00000000,0
1531215429023,1531215429019,8749074,0.00034823,1.00000000,1
1531215429217,1531215429213,8749075,0.00034823,1.00000000,1
1531215429285,1531215429281,8749076,0.00034823,1.00000000,1
1531215434937,1531215434931,8749077,0.00034825,1.00000000,1
1531215467091,1531215467086,8749078,0.00034917,63.00000000,0
1531215470549,1531215470541,8749079,0.00034876,23.00000000,1
1531215470549,1531215470541,8749080,0.00034872,3.00000000,1
1531215471372,1531215471368,8749081,0.00034872,27.00000000,1
1531215484099,1531215484096,8749082,0.00034915,46.00000000,0
1531215486194,1531215486191,8749083,0.00034914,8.00000000,1
1531215486863,1531215486859,8749084,0.00034914,13.00000000,1
1531215487148,1531215487144,8749085,0.00034914,3.00000000,1
1531215487164,1531215487160,8749086,0.00034914,3.00000000,1
1531215490319,1531215490311,8749087,0.00034914,1.00000000,1
1531215490319,1531215490311,8749088,0.00034868,286.00000000,1
1531215490319,1531215490311,8749089,0.00034820,5.00000000,1
1531215490319,1531215490311,8749090,0.00034816,600.00000000,1
1531215490319,1531215490311,8749091,0.00034815,150.00000000,1
1531215490319,1531215490311,8749092,0.00034811,12.00000000,1
1531215490319,1531215490311,8749093,0.00034807,31.00000000,1
1531215490319,1531215490311,8749094,0.00034803,23.00000000,1
1531215490319,1531215490311,8749095,0.00034800,542.00000000,1
1531215490319,1531215490311,8749096,0.00034791,80.00000000,1
1531215490319,1531215490311,8749097,0.00034790,4.00000000,1
1531215490319,1531215490311,8749098,0.00034786,3.00000000,1
1531215490319,1531215490311,8749099,0.00034783,3.00000000,1
1531215490319,1531215490311,8749100,0.00034780,503.00000000,1
1531215490319,1531215490311,8749101,0.00034778,7.00000000,1
1531215490319,1531215490311,8749102,0.00034777,17.00000000,1
1531215490319,1531215490311,8749103,0.00034776,88.00000000,1
1531215490319,1531215490311,8749104,0.00034774,176.00000000,1
1531215490319,1531215490311,8749105,0.00034774,210.00000000,1
1531215490319,1531215490311,8749106,0.00034772,47.00000000,1
1531215490319,1531215490311,8749107,0.00034771,4.00000000,1
1531215490323,1531215490311,8749108,0.00034771,2.00000000,1
1531215490323,1531215490311,8749109,0.00034769,4.00000000,1
1531215490323,1531215490311,8749110,0.00034766,9.00000000,1
1531215490323,1531215490311,8749111,0.00034761,11.00000000,1
1531215490323,1531215490311,8749112,0.00034759,3.00000000,1
1531215490323,1531215490311,8749113,0.00034755,6.00000000,1
1531215490323,1531215490311,8749114,0.00034753,8.00000000,1
1531215490323,1531215490311,8749115,0.00034750,515.00000000,1
1531215490323,1531215490311,8749116,0.00034743,50.00000000,1
1531215490323,1531215490311,8749117,0.00034726,1710.00000000,1
1531215490323,1531215490311,8749118,0.00034722,3.00000000,1
1531215490323,1531215490311,8749119,0.00034719,15.00000000,1
1531215490323,1531215490311,8749120,0.00034718,48.00000000,1
1531215490323,1531215490311,8749121,0.00034717,53.00000000,1
1531215490323,1531215490311,8749122,0.00034704,459.00000000,1
1531215490323,1531215490311,8749123,0.00034700,3.00000000,1
1531215490324,1531215490311,8749124,0.00034700,33.00000000,1
1531215490325,1531215490311,8749125,0.00034700,191.00000000,1
1531215490327,1531215490311,8749126,0.00034700,33.00000000,1
1531215490343,1531215490340,8749127,0.00034705,41.00000000,0
1531215490347,1531215490343,8749128,0.00034705,42.00000000,0
1531215490348,1531215490344,8749129,0.00034705,402.00000000,0
1531215490348,1531215490344,8749130,0.00034710,854.00000000,0
1531215490349,1531215490344,8749131,0.00034710,42.00000000,0
1531215490349,1531215490344,8749132,0.00034710,42.00000000,0
1531215490359,1531215490356,8749133,0.00034710,31.00000000,0
1531215490361,1531215490356,8749134,0.00034710,62.00000000,0
1531215490361,1531215490356,8749135,0.00034711,153.00000000,0
1531215490364,1531215490360,8749136,0.00034700,84.00000000,1
1531215490367,1531215490364,8749137,0.00034750,54.00000000,0
1531215490425,1531215490421,8749138,0.00034795,34.00000000,0
1531215490684,1531215490681,8749139,0.00034794,30.00000000,0
1531215490684,1531215490681,8749140,0.00034795,7.00000000,0
1531215491159,1531215491155,8749141,0.00034794,30.00000000,1
1531215491159,1531215491155,8749142,0.00034725,5.00000000,1
1531215491159,1531215491155,8749143,0.00034712,48.00000000,1
1531215491272,1531215491268,8749144,0.00034847,5.00000000,0
1531215492402,1531215492398,8749145,0.00034720,1.00000000,1
1531215492438,1531215492433,8749146,0.00034720,1.00000000,1
1531215492697,1531215492692,8749147,0.00034720,1.00000000,1
1531215496068,1531215496064,8749148,0.00034866,3.00000000,0
1531215502295,1531215502289,8749149,0.00034854,4.00000000,0
1531215504033,1531215504029,8749150,0.00034851,10.00000000,0
1531215510265,1531215510260,8749151,0.00034736,6.00000000,1
1531215510272,1531215510269,8749152,0.00034736,47.00000000,1
1531215513591,1531215513587,8749153,0.00034745,1.00000000,1
1531215514177,1531215514174,8749154,0.00034830,19.00000000,0
1531215514211,1531215514208,8749155,0.00034830,24.00000000,0
1531215514277,1531215514272,8749156,0.00034831,41.00000000,0
1531215517364,1531215517359,8749157,0.00034771,8.00000000,1
1531215517364,1531215517359,8749158,0.00034766,18.00000000,1
1531215518297,1531215518293,8749159,0.00034826,22.00000000,0
1531215519241,1531215519237,8749160,0.00034825,15.00000000,0
1531215522505,1531215522501,8749161,0.00034823,30.00000000,0
1531215522710,1531215522705,8749162,0.00034823,14.00000000,0
1531215525913,1531215525909,8749163,0.00034822,2.00000000,0
1531215526909,1531215526906,8749164,0.00034736,27.00000000,1
1531215527191,1531215527186,8749165,0.00034822,60.00000000,0
1531215527558,1531215527555,8749166,0.00034771,6.00000000,0
1531215527588,1531215527585,8749167,0.00034771,3.00000000,0
1531215527775,1531215527768,8749168,0.00034771,3.00000000,1
1531215527803,1531215527799,8749169,0.00034771,5.00000000,0
1531215539437,1531215539433,8749170,0.00034817,22.00000000,0
1531215541206,1531215541203,8749171,0.00034816,3.00000000,0
1531215541935,1531215541931,8749172,0.00034816,27.00000000,0
1531215543071,1531215543067,8749173,0.00034815,4.00000000,0
1531215543071,1531215543067,8749174,0.00034816,46.00000000,0
1531215545399,1531215545394,8749175,0.00034813,11.00000000,0
1531215545434,1531215545430,8749176,0.00034813,3.00000000,0
1531215546920,1531215546915,8749177,0.00034768,35.00000000,0
1531215547288,1531215547283,8749178,0.00034812,151.00000000,0
1531215547911,1531215547905,8749179,0.00034768,15.00000000,0
1531215547927,1531215547923,8749180,0.00034768,3.00000000,0
1531215548001,1531215547997,8749181,0.00034768,3.00000000,0
1531215548009,1531215548005,8749182,0.00034768,11.00000000,0
1531215548415,1531215548411,8749183,0.00034768,6.00000000,0
1531215548986,1531215548981,8749184,0.00034768,6.00000000,1
1531215548986,1531215548981,8749185,0.00034760,24.00000000,1
1531215551839,1531215551834,8749186,0.00034813,14.00000000,0
1531215557162,1531215557158,8749187,0.00034813,133.00000000,0
1531215557719,1531215557716,8749188,0.00034814,4.00000000,0
1531215557719,1531215557716,8749189,0.00034815,6.00000000,0
1531215567347,1531215567342,8749190,0.00034752,27.00000000,1
1531215567485,1531215567480,8749191,0.00034752,73.00000000,1
1531215568412,1531215568407,8749192,0.00034752,188.00000000,1
1531215568412,1531215568407,8749193,0.00034743,1664.00000000,1
1531215568427,1531215568423,8749194,0.00034740,85.00000000,0
1531215568436,1531215568432,8749195,0.00034740,618.00000000,0
1531215568438,1531215568434,8749196,0.00034740,82.00000000,0
1531215568454,1531215568449,8749197,0.00034740,2122.00000000,0
1531215568461,1531215568457,8749198,0.00034740,280.00000000,0
1531215568477,1531215568473,8749199,0.00034740,409.00000000,0
1531215568483,1531215568479,8749200,0.00034740,508.00000000,0
1531215568506,1531215568501,8749201,0.00034740,58.00000000,0
1531215572294,1531215572290,8749202,0.00034741,19.00000000,1
1531215572294,1531215572290,8749203,0.00034740,5.00000000,1
1531215572414,1531215572408,8749204,0.00034814,43.00000000,0
1531215572414,1531215572408,8749205,0.00034815,9.00000000,0
1531215572414,1531215572408,8749206,0.00034817,2.00000000,0
1531215572677,1531215572672,8749207,0.00034740,24.00000000,1
1531215574048,1531215574045,8749208,0.00034741,28.00000000,0
1531215575087,1531215575082,8749209,0.00034816,3.00000000,0
1531215582257,1531215582253,8749210,0.00034816,3.00000000,0
1531215584381,1531215584375,8749211,0.00034741,12.00000000,1
1531215584381,1531215584375,8749212,0.00034740,19.00000000,1
1531215584381,1531215584375,8749213,0.00034735,23.00000000,1
1531215584381,1531215584375,8749214,0.00034710,329.00000000,1
1531215584381,1531215584375,8749215,0.00034700,342.00000000,1
1531215585507,1531215585502,8749216,0.00034816,131.00000000,0
1531215587219,1531215587200,8749217,0.00034815,55.00000000,0
1531215588254,1531215588251,8749218,0.00034741,3.00000000,0
1531215588400,1531215588395,8749219,0.00034716,391.00000000,1
1531215588400,1531215588395,8749220,0.00034710,169.00000000,1
1531215588400,1531215588395,8749221,0.00034708,83.00000000,1
1531215588400,1531215588395,8749222,0.00034706,169.00000000,1
1531215588400,1531215588395,8749223,0.00034704,83.00000000,1
1531215588400,1531215588395,8749224,0.00034700,542.00000000,1
1531215590533,1531215590529,8749225,0.00034816,19.00000000,0
1531215591711,1531215591708,8749226,0.00034814,9.00000000,0
1531215591776,1531215591772,8749227,0.00034784,12.00000000,0
1531215591780,1531215591775,8749228,0.00034784,6.00000000,0
1531215592976,1531215592971,8749229,0.00034814,29.00000000,0
1531215593160,1531215593153,8749230,0.00034813,19.00000000,0
1531215593160,1531215593153,8749231,0.00034814,466.00000000,0
1531215593458,1531215593454,8749232,0.00034816,121.00000000,0
1531215593491,1531215593486,8749233,0.00034816,121.00000000,0
1531215593745,1531215593740,8749234,0.00034816,407.00000000,0
1531215594244,1531215594240,8749235,0.00034817,159.00000000,0
1531215594288,1531215594284,8749236,0.00034817,31.00000000,0
1531215596100,1531215596097,8749237,0.00034842,9.00000000,0
1531215597098,1531215597094,8749238,0.00034845,5.00000000,0
1531215597098,1531215597094,8749239,0.00034860,24.00000000,0
1531215597901,1531215597896,8749240,0.00034860,51.00000000,0
1531215601414,1531215601409,8749241,0.00034817,5.00000000,1
1531215601414,1531215601409,8749242,0.00034814,10.00000000,1
1531215601414,1531215601409,8749243,0.00034807,5.00000000,1
1531215601768,1531215601763,8749244,0.00034859,132.00000000,0
1531215601847,1531215601844,8749245,0.00034859,132.00000000,0
1531215602401,1531215602396,8749246,0.00034859,162.00000000,0
1531215602401,1531215602396,8749247,0.00034860,164.00000000,0
1531215616693,1531215616687,8749248,0.00034730,82.00000000,1
1531215616693,1531215616687,8749249,0.00034728,16.00000000,1
1531215616693,1531215616687,8749250,0.00034727,288.00000000,1
1531215616693,1531215616687,8749251,0.00034726,19.00000000,1
1531215616693,1531215616687,8749252,0.00034719,147.00000000,1
1531215616693,1531215616687,8749253,0.00034717,555.00000000,1
1531215616693,1531215616687,8749254,0.00034707,337.00000000,1
1531215616693,1531215616687,8749255,0.00034700,522.00000000,1
1531215617008,1531215617003,8749256,0.00034814,3.00000000,0
1531215617038,1531215617034,8749257,0.00034814,9.00000000,0
1531215618140,1531215618136,8749258,0.00034812,14.00000000,0
1531215618300,1531215618295,8749259,0.00034812,3.00000000,0
1531215618739,1531215618735,8749260,0.00034812,10.00000000,0
1531215618776,1531215618772,8749261,0.00034812,43.00000000,0
1531215620995,1531215620991,8749262,0.00034812,5.00000000,0
1531215623208,1531215623203,8749263,0.00034806,7.00000000,0
1531215623208,1531215623203,8749264,0.00034808,2.00000000,0
1531215625946,1531215625942,8749265,0.00034808,3.00000000,0
1531215626394,1531215626390,8749266,0.00034807,3.00000000,0
1531215627022,1531215627018,8749267,0.00034807,18.00000000,0
1531215630323,1531215630318,8749268,0.00034813,3.00000000,0
1531215632859,1531215632854,8749269,0.00034813,11.00000000,0
1531215632884,1531215632880,8749270,0.00034814,3.00000000,0
1531215632884,1531215632880,8749271,0.00034872,23.00000000,0
1531215632884,1531215632880,8749272,0.00034876,3.00000000,0
1531215632884,1531215632880,8749273,0.00034885,80.00000000,0
1531215634040,1531215634036,8749274,0.00034913,159.00000000,0
1531215635665,1531215635659,8749275,0.00034913,1.00000000,0
1531215635694,1531215635688,8749276,0.00034823,19.00000000,1
1531215635694,1531215635688,8749277,0.00034822,83.00000000,1
1531215635694,1531215635688,8749278,0.00034813,25.00000000,1
1531215635704,1531215635700,8749279,0.00034778,19.00000000,1
1531215635723,1531215635719,8749280,0.00034778,4.00000000,1
1531215635723,1531215635719,8749281,0.00034721,21.00000000,1
1531215636365,1531215636361,8749282,0.00034912,19.00000000,0
1531215636365,1531215636361,8749283,0.00034913,9.00000000,0
1531215636919,1531215636915,8749284,0.00034723,143.00000000,1
1531215636919,1531215636915,8749285,0.00034722,123.00000000,1
1531215648017,1531215648014,8749286,0.00034803,19.00000000,1
1531215648622,1531215648619,8749287,0.00034803,15.00000000,1
1531215651936,1531215651932,8749288,0.00034877,43.00000000,0
1531215651936,1531215651932,8749289,0.00034878,83.00000000,0
1531215651936,1531215651932,8749290,0.00034880,33.00000000,0
1531215657055,1531215657050,8749291,0.00034807,43.00000000,1
1531215657055,1531215657050,8749292,0.00034806,25.00000000,1
1531215657055,1531215657050,8749293,0.00034700,430.00000000,1
1531215662569,1531215662565,8749294,0.00034873,25.00000000,0
1531215662569,1531215662565,8749295,0.00034874,6.00000000,0
1531215662569,1531215662565,8749296,0.00034876,107.00000000,0
1531215662569,1531215662565,8749297,0.00034879,73.00000000,0
1531215668884,1531215668881,8749298,0.00034878,67.00000000,0
1531215673116,1531215673112,8749299,0.00034875,3.00000000,0
1531215674057,1531215674052,8749300,0.00034796,43.00000000,1
1531215674057,1531215674052,8749301,0.00034774,4.00000000,1
1531215674057,1531215674052,8749302,0.00034746,72.00000000,1
1531215674057,1531215674052,8749303,0.00034744,23.00000000,1
1531215674057,1531215674052,8749304,0.00034704,306.00000000,1
1531215674057,1531215674052,8749305,0.00034700,588.00000000,1
1531215693231,1531215693228,8749306,0.00034867,80.00000000,0
1531215707735,1531215707730,8749307,0.00034810,17.00000000,1
1531215710210,1531215710206,8749308,0.00034864,29.00000000,0
1531215712253,1531215712250,8749309,0.00034864,1.00000000,0
1531215727198,1531215727193,8749310,0.00034825,25.00000000,1
1531215727198,1531215727193,8749311,0.00034824,15.00000000,1
1531215727198,1531215727193,8749312,0.00034823,25.00000000,1
1531215727198,1531215727193,8749313,0.00034820,25.00000000,1
1531215727198,1531215727193,8749314,0.00034811,12.00000000,1
1531215727198,1531215727193,8749315,0.00034725,455.00000000,1
1531215727211,1531215727206,8749316,0.00034725,226.00000000,0
1531215734437,1531215734432,8749317,0.00034859,9.00000000,0
1531215736417,1531215736414,8749318,0.00034859,38.00000000,0
1531215736417,1531215736414,8749319,0.00034860,39.00000000,0
1531215751070,1531215751066,8749320,0.00034816,114.00000000,1
1531215752082,1531215752079,8749321,0.00034821,39.00000000,1
1531215754079,1531215754075,8749322,0.00034826,36.00000000,1
1531215756070,1531215756065,8749323,0.00034826,20.00000000,1
1531215764625,1531215764620,8749324,0.00034858,5.00000000,0
1531215765331,1531215765325,8749325,0.00034858,7.00000000,0
1531215787977,1531215787973,8749326,0.00034849,35.00000000,0
1531215802516,1531215802510,8749327,0.00034812,28.00000000,1
1531215802516,1531215802510,8749328,0.00034791,11.00000000,1
1531215802516,1531215802510,8749329,0.00034783,8.00000000,1
1531215811772,1531215811767,8749330,0.00034783,131.00000000,1
1531215813884,1531215813880,8749331,0.00034845,11.00000000,0
1531215816893,1531215816890,8749332,0.00034846,2.00000000,0
1531215818766,1531215818762,8749333,0.00034845,3.00000000,0
1531215819331,1531215819328,8749334,0.00034844,138.00000000,0
1531215820293,1531215820289,8749335,0.00034843,43.00000000,0
1531215820293,1531215820289,8749336,0.00034844,1266.00000000,0
1531215822388,1531215822385,8749337,0.00034844,47.00000000,0
1531215824806,1531215824803,8749338,0.00034830,565.00000000,0
1531215825526,1531215825522,8749339,0.00034809,100.00000000,1
1531215835642,1531215835639,8749340,0.00034829,15.00000000,0
1531215864379,1531215864375,8749341,0.00034819,600.00000000,0
1531215866148,1531215866145,8749342,0.00034819,775.00000000,0
1531215870336,1531215870332,8749343,0.00034819,236.00000000,1
1531215871124,1531215871119,8749344,0.00034820,13.00000000,0
1531215871201,1531215871197,8749345,0.00034820,5.00000000,0
1531215871366,1531215871363,8749346,0.00034820,5.00000000,0
1531215871650,1531215871645,8749347,0.00034820,5.00000000,0
1531215877089,1531215877086,8749348,0.00034819,427.00000000,1
1531215878774,1531215878771,8749349,0.00034818,31.00000000,0
1531215881756,1531215881752,8749350,0.00034818,1296.00000000,0
1531215886094,1531215886091,8749351,0.00034819,236.00000000,0
1531215886475,1531215886471,8749352,0.00034820,5.00000000,0
1531215888868,1531215888865,8749353,0.00034818,31.00000000,1
1531215888868,1531215888865,8749354,0.00034784,9.00000000,1
1531215894878,1531215894874,8749355,0.00034820,3.00000000,0
1531215895024,1531215895021,8749356,0.00034820,3.00000000,0
1531215895137,1531215895134,8749357,0.00034820,5.00000000,0
1531215898049,1531215898045,8749358,0.00034786,4.00000000,1
1531215909795,1531215909791,8749359,0.00034820,14.00000000,0
1531215910119,1531215910115,8749360,0.00034818,3.00000000,1
1531215910996,1531215910991,8749361,0.00034787,3.00000000,0
1531215911019,1531215911014,8749362,0.00034787,3.00000000,0
1531215911094,1531215911089,8749363,0.00034787,2.00000000,0
1531215911207,1531215911204,8749364,0.00034787,17.00000000,0
1531215911208,1531215911204,8749365,0.00034787,2.00000000,0
1531215911269,1531215911264,8749366,0.00034787,2.00000000,0
1531215911329,1531215911325,8749367,0.00034787,2.00000000,0
1531215911353,1531215911349,8749368,0.00034787,2.00000000,0
1531215911398,1531215911394,8749369,0.00034787,2.00000000,0
1531215911444,1531215911440,8749370,0.00034787,2.00000000,0
1531215911463,1531215911459,8749371,0.00034787,2.00000000,0
1531215911513,1531215911510,8749372,0.00034787,2.00000000,0
1531215911572,1531215911569,8749373,0.00034787,35.00000000,0
1531215911613,1531215911610,8749374,0.00034787,3.00000000,0
1531215911697,1531215911693,8749375,0.00034787,2.00000000,0
1531215912433,1531215912429,8749376,0.00034787,31.00000000,0
1531215913622,1531215913618,8749377,0.00034787,633.00000000,0
1531215913965,1531215913959,8749378,0.00034820,26.00000000,0
1531215915500,1531215915495,8749379,0.00034784,43.00000000,1
1531215915500,1531215915495,8749380,0.00034783,460.00000000,1
1531215916267,1531215916263,8749381,0.00034786,34.00000000,0
1531215916632,1531215916628,8749382,0.00034786,3.00000000,0
1531215918754,1531215918749,8749383,0.00034783,336.00000000,1
1531215918754,1531215918749,8749384,0.00034774,4.00000000,1
1531215918754,1531215918749,8749385,0.00034710,143.00000000,1
1531215920971,1531215920966,8749386,0.00034785,9.00000000,0
1531215920971,1531215920966,8749387,0.00034786,85.00000000,0
1531215925159,1531215925155,8749388,0.00034786,6.00000000,0
1531215926089,1531215926084,8749389,0.00034785,62.00000000,0
1531215927074,1531215927070,8749390,0.00034784,86.00000000,0
1531215927138,1531215927135,8749391,0.00034784,575.00000000,0
1531215927248,1531215927244,8749392,0.00034784,159.00000000,0
1531215927354,1531215927350,8749393,0.00034784,87.00000000,0
1531215927376,1531215927371,8749394,0.00034784,1.00000000,0
1531215927376,1531215927371,8749395,0.00034785,83.00000000,0
1531215927376,1531215927371,8749396,0.00034786,4.00000000,0
1531215927505,1531215927500,8749397,0.00034800,11.00000000,0
1531215927505,1531215927500,8749398,0.00034820,2850.00000000,0
1531215929229,1531215929225,8749399,0.00034820,1.00000000,0
1531215929229,1531215929225,8749400,0.00034828,250.00000000,0
1531215930153,1531215930148,8749401,0.00034837,1378.00000000,0
1531215932063,1531215932058,8749402,0.00034769,10.00000000,1
1531215932063,1531215932058,8749403,0.00034768,31.00000000,1
1531215932063,1531215932058,8749404,0.00034729,86.00000000,1
1531215932063,1531215932058,8749405,0.00034727,207.00000000,1
1531215932063,1531215932058,8749406,0.00034701,686.00000000,1
1531215932063,1531215932058,8749407,0.00034700,128.00000000,1
1531215933074,1531215933070,8749408,0.00034795,11.00000000,0
1531215933079,1531215933075,8749409,0.00034701,55.00000000,1
1531215934173,1531215934168,8749410,0.00034795,75.00000000,0
1531215934173,1531215934168,8749411,0.00034797,27.00000000,0
1531215934173,1531215934168,8749412,0.00034858,19.00000000,0
1531215934173,1531215934168,8749413,0.00034860,187.00000000,0
1531215947362,1531215947358,8749414,0.00034850,250.00000000,0
1531215947372,1531215947368,8749415,0.00034860,49.00000000,0
1531215947372,1531215947368,8749416,0.00034861,250.00000000,0
1531215947402,1531215947398,8749417,0.00034861,329.00000000,0
1531215947402,1531215947398,8749418,0.00034864,5.00000000,0
1531215950121,1531215950116,8749419,0.00034706,82.00000000,1
1531215950121,1531215950116,8749420,0.00034704,80.00000000,1
1531215950147,1531215950142,8749421,0.00034708,43.00000000,1
1531215950149,1531215950145,8749422,0.00034708,42.00000000,1
1531215950149,1531215950145,8749423,0.00034704,210.00000000,1
1531215950149,1531215950145,8749424,0.00034700,183.00000000,1
1531215950175,1531215950171,8749425,0.00034700,50.00000000,1
1531215950177,1531215950173,8749426,0.00034700,90.00000000,1
1531215950222,1531215950219,8749427,0.00034701,28.00000000,1
1531215950229,1531215950223,8749428,0.00034701,63.00000000,1
1531215950229,1531215950223,8749429,0.00034700,133.00000000,1
1531215950229,1531215950223,8749430,0.00034698,200.00000000,1
1531215950229,1531215950223,8749431,0.00034683,571.00000000,1
1531215950261,1531215950258,8749432,0.00034683,14.00000000,1
1531215950270,1531215950266,8749433,0.00034706,550.00000000,1
1531215950354,1531215950349,8749434,0.00034706,90.00000000,1
1531215950368,1531215950364,8749435,0.00034706,48.00000000,1
1531215950385,1531215950381,8749436,0.00034706,365.00000000,1
1531215950399,1531215950394,8749437,0.00034706,44.00000000,1
1531215950465,1531215950460,8749438,0.00034706,97.00000000,1
1531215950522,1531215950517,8749439,0.00034706,71.00000000,1
1531215950636,1531215950632,8749440,0.00034706,200.00000000,1
1531215950656,1531215950652,8749441,0.00034706,137.00000000,1
1531215950841,1531215950838,8749442,0.00034706,78.00000000,1
1531215954918,1531215954913,8749443,0.00034711,290.00000000,1
1531215954918,1531215954913,8749444,0.00034709,17.00000000,1
1531215954918,1531215954913,8749445,0.00034708,16.00000000,0
1531215967385,1531215967380,8749446,0.00034779,2.00000000,0
1531215967830,1531215967826,8749447,0.00034779,100.00000000,0
1531215969104,1531215969099,8749448,0.00034739,8.00000000,0
1531215970083,1531215970080,8749449,0.00034738,16.00000000,0
1531215974327,1531215974324,8749450,0.00034735,65.00000000,0
1531215974372,1531215974368,8749451,0.00034737,15.00000000,0
1531215974914,1531215974910,8749452,0.00034731,43.00000000,1
1531215974986,1531215974983,8749453,0.00034731,12.00000000,0
1531215974986,1531215974983,8749454,0.00034737,1.00000000,0
1531215975017,1531215975012,8749455,0.00034738,1.00000000,0
1531215975017,1531215975012,8749456,0.00034772,3.00000000,0
1531215975086,1531215975083,8749457,0.00034772,4.00000000,0
1531215975088,1531215975084,8749458,0.00034772,4.00000000,0
1531215976087,1531215976084,8749459,0.00034771,91.00000000,0
1531215977096,1531215977092,8749460,0.00034772,150.00000000,0
1531215980235,1531215980231,8749461,0.00034819,5.00000000,0
1531215980260,1531215980256,8749462,0.00034819,3.00000000,0
1531215980682,1531215980677,8749463,0.00034735,24.00000000,1
1531215980682,1531215980677,8749464,0.00034733,12.00000000,1
1531215980682,1531215980677,8749465,0.00034701,104.00000000,1
1531215993360,1531215993355,8749466,0.00034818,3.00000000,0
1531216000822,1531216000817,8749467,0.00034766,924.00000000,1
1531216000841,1531216000837,8749468,0.00034766,210.00000000,1
1531216012700,1531216012697,8749469,0.00034704,3.00000000,0
1531216016101,1531216016097,8749470,0.00034743,18.00000000,0
1531216037431,1531216037428,8749471,0.00034810,42.00000000,0
1531216037873,1531216037869,8749472,0.00034809,101.00000000,0
1531216039137,1531216039134,8749473,0.00034813,109.00000000,0
1531216042312,1531216042308,8749474,0.00034787,352.00000000,0
1531216042324,1531216042318,8749475,0.00034762,178.00000000,1
1531216051330,1531216051326,8749476,0.00034768,18.00000000,1
1531216057676,1531216057672,8749477,0.00034762,40.00000000,1
1531216065909,1531216065905,8749478,0.00034799,2.00000000,0
1531216073012,1531216073007,8749479,0.00034799,2.00000000,0
1531216073012,1531216073007,8749480,0.00034800,11.00000000,0
1531216073012,1531216073007,8749481,0.00034813,4.00000000,0
1531216077715,1531216077711,8749482,0.00034811,9.00000000,0
1531216083802,1531216083798,8749483,0.00034811,3.00000000,0
1531216087504,1531216087500,8749484,0.00034811,19.00000000,0
1531216091117,1531216091112,8749485,0.00034811,2118.00000000,0
1531216091176,1531216091171,8749486,0.00034813,254.00000000,0
1531216092109,1531216092105,8749487,0.00034810,25.00000000,0
1531216092138,1531216092133,8749488,0.00034810,65.00000000,0
1531216093504,1531216093500,8749489,0.00034813,83.00000000,0
1531216093524,1531216093520,8749490,0.00034813,151.00000000,0
1531216095099,1531216095094,8749491,0.00034820,334.00000000,0
1531216096091,1531216096087,8749492,0.00034837,23.00000000,0
1531216112045,1531216112039,8749493,0.00034796,15.00000000,1
1531216123264,1531216123261,8749494,0.00034842,27.00000000,0
1531216126075,1531216126070,8749495,0.00034842,3.00000000,0
1531216126075,1531216126070,8749496,0.00034847,15.00000000,0
1531216126121,1531216126117,8749497,0.00034893,80.00000000,0
1531216127665,1531216127662,8749498,0.00034900,44.00000000,0
1531216128699,1531216128696,8749499,0.00034901,80.00000000,0
1531216131206,1531216131202,8749500,0.00034892,80.00000000,0
1531216131648,1531216131643,8749501,0.00034908,48.00000000,0
1531216139063,1531216139060,8749502,0.00034859,3.00000000,1
1531216144670,1531216144666,8749503,0.00034900,250.00000000,0
1531216156543,1531216156539,8749504,0.00034860,14.00000000,1
1531216176022,1531216176019,8749505,0.00034863,56.00000000,1
1531216176040,1531216176036,8749506,0.00034863,29.00000000,0
1531216176041,1531216176037,8749507,0.00034863,6.00000000,0
1531216184545,1531216184540,8749508,0.00034889,1285.00000000,0
1531216184555,1531216184551,8749509,0.00034864,344.00000000,1
1531216184578,1531216184573,8749510,0.00034864,756.00000000,1
1531216196839,1531216196834,8749511,0.00034863,22.00000000,1
1531216208610,1531216208604,8749512,0.00034861,3.00000000,1
1531216208610,1531216208604,8749513,0.00034860,15.00000000,1
1531216208649,1531216208645,8749514,0.00034858,19.00000000,0
1531216208667,1531216208663,8749515,0.00034858,107.00000000,0
1531216208931,1531216208925,8749516,0.00034857,32.00000000,0
1531216208931,1531216208925,8749517,0.00034858,374.00000000,0
1531216218511,1531216218507,8749518,0.00034858,19.00000000,0
1531216230755,1531216230750,8749519,0.00034858,10.00000000,0
1531216238462,1531216238457,8749520,0.00034806,41.00000000,1
1531216244689,1531216244684,8749521,0.00034857,849.00000000,0
1531216244704,1531216244701,8749522,0.00034857,630.00000000,0
1531216252988,1531216252984,8749523,0.00034858,101.00000000,0
1531216254739,1531216254734,8749524,0.00034819,58.00000000,1
1531216257766,1531216257760,8749525,0.00034819,58.00000000,1
1531216260789,1531216260785,8749526,0.00034819,11.00000000,1
1531216263806,1531216263801,8749527,0.00034806,132.00000000,1
1531216266827,1531216266822,8749528,0.00034806,132.00000000,1
1531216269852,1531216269847,8749529,0.00034806,18.00000000,1
1531216284969,1531216284963,8749530,0.00034857,1218.00000000,0
1531216284984,1531216284980,8749531,0.00034857,240.00000000,0
1531216290115,1531216290111,8749532,0.00034819,287.00000000,1
1531216291106,1531216291101,8749533,0.00034811,4.00000000,1
1531216299273,1531216299269,8749534,0.00034811,74.00000000,0
1531216302983,1531216302978,8749535,0.00034810,31.00000000,0
1531216307571,1531216307568,8749536,0.00034810,42.00000000,0
1531216307970,1531216307966,8749537,0.00034810,62.00000000,0
1531216308030,1531216308026,8749538,0.00034811,13.00000000,0
1531216311201,1531216311197,8749539,0.00034810,14.00000000,1
1531216314516,1531216314512,8749540,0.00034789,3.00000000,1
1531216317581,1531216317576,8749541,0.00034789,30.00000000,1
1531216320611,1531216320608,8749542,0.00034774,4.00000000,1
1531216323302,1531216323299,8749543,0.00034806,23.00000000,1
1531216326657,1531216326653,8749544,0.00034759,80.00000000,1
1531216329343,1531216329339,8749545,0.00034757,23.00000000,1
1531216332669,1531216332664,8749546,0.00034760,44.00000000,1
1531216332669,1531216332664,8749547,0.00034759,80.00000000,1
1531216335387,1531216335382,8749548,0.00034754,65.00000000,1
1531216336603,1531216336597,8749549,0.00034706,244.00000000,1
1531216336603,1531216336597,8749550,0.00034704,85.00000000,1
1531216336603,1531216336597,8749551,0.00034702,192.00000000,1
1531216336603,1531216336597,8749552,0.00034701,1800.00000000,1
1531216336603,1531216336597,8749553,0.00034700,76.00000000,1
1531216338744,1531216338740,8749554,0.00034706,19.00000000,1
1531216338744,1531216338740,8749555,0.00034705,12.00000000,1
1531216340062,1531216340058,8749556,0.00034760,3.00000000,0
1531216357805,1531216357800,8749557,0.00034728,1.00000000,0
1531216357833,1531216357830,8749558,0.00034728,1.00000000,0
1531216362276,1531216362273,8749559,0.00034719,10.00000000,0
1531216363983,1531216363979,8749560,0.00034716,2.00000000,0
1531216364015,1531216364010,8749561,0.00034716,71.00000000,0
1531216364015,1531216364010,8749562,0.00034718,216.00000000,0
1531216364067,1531216364062,8749563,0.00034718,2.00000000,0
1531216364230,1531216364226,8749564,0.00034718,2.00000000,0
1531216364282,1531216364278,8749565,0.00034718,2.00000000,0
1531216365107,1531216365104,8749566,0.00034718,84.00000000,0
1531216372128,1531216372124,8749567,0.00034760,3.00000000,0
1531216372232,1531216372228,8749568,0.00034760,4.00000000,0
1531216372319,1531216372316,8749569,0.00034760,4.00000000,0
1531216372517,1531216372513,8749570,0.00034760,4.00000000,0
1531216373057,1531216373052,8749571,0.00034760,3.00000000,0
1531216375101,1531216375097,8749572,0.00034760,382.00000000,0
1531216398973,1531216398969,8749573,0.00034798,28.00000000,0
1531216429335,1531216429331,8749574,0.00034782,16.00000000,0
1531216484327,1531216484324,8749575,0.00034797,9.00000000,0
1531216498230,1531216498227,8749576,0.00034771,8.00000000,0
1531216508165,1531216508160,8749577,0.00034725,44.00000000,1
1531216508165,1531216508160,8749578,0.00034724,19.00000000,1
1531216535827,1531216535824,8749579,0.00034724,42.00000000,1
1531216557484,1531216557481,8749580,0.00034729,44.00000000,1
1531216559277,1531216559273,8749581,0.00034769,3.00000000,0
1531216562296,1531216562293,8749582,0.00034728,175.00000000,0
1531216562466,1531216562462,8749583,0.00034724,36.00000000,1
1531216570158,1531216570154,8749584,0.00034724,1000.00000000,1
1531216572389,1531216572385,8749585,0.00034728,6.00000000,0
1531216572426,1531216572422,8749586,0.00034719,28.00000000,1
1531216573424,1531216573419,8749587,0.00034718,14.00000000,1
1531216576414,1531216576410,8749588,0.00034701,75.00000000,1
1531216595731,1531216595726,8749589,0.00034713,367.00000000,0
1531216595740,1531216595736,8749590,0.00034702,469.00000000,1
1531216595758,1531216595754,8749591,0.00034702,242.00000000,1
1531216597180,1531216597174,8749592,0.00034725,76.00000000,0
1531216597180,1531216597174,8749593,0.00034728,97.00000000,0
1531216597246,1531216597242,8749594,0.00034728,20.00000000,0
1531216597812,1531216597807,8749595,0.00034725,66.00000000,1
1531216598252,1531216598248,8749596,0.00034725,2.00000000,1
1531216599145,1531216599141,8749597,0.00034725,8.00000000,1
1531216601518,1531216601513,8749598,0.00034728,330.00000000,0
1531216601586,1531216601581,8749599,0.00034728,1673.00000000,0
1531216601618,1531216601614,8749600,0.00034728,51.00000000,0
1531216606534,1531216606531,8749601,0.00034764,18.00000000,0
1531216609051,1531216609046,8749602,0.00034703,11.00000000,1
1531216611683,1531216611677,8749603,0.00034762,15.00000000,0
1531216612284,1531216612280,8749604,0.00034703,218.00000000,1
1531216612332,1531216612327,8749605,0.00034763,66.00000000,0
1531216612457,1531216612454,8749606,0.00034763,16.00000000,0
1531216613054,1531216613049,8749607,0.00034763,173.00000000,0
1531216613128,1531216613123,8749608,0.00034763,5.00000000,0
1531216613428,1531216613424,8749609,0.00034763,10.00000000,0
1531216613840,1531216613835,8749610,0.00034763,135.00000000,1
1531216613849,1531216613845,8749611,0.00034763,43.00000000,1
1531216614076,1531216614071,8749612,0.00034763,89.00000000,0
1531216616148,1531216616144,8749613,0.00034793,80.00000000,0
1531216617159,1531216617155,8749614,0.00034798,45.00000000,0
1531216628781,1531216628776,8749615,0.00034761,35.00000000,1
1531216644181,1531216644176,8749616,0.00034855,2.00000000,0
1531216665498,1531216665494,8749617,0.00034732,99.00000000,1
1531216669370,1531216669365,8749618,0.00034840,59.00000000,0
1531216690628,1531216690624,8749619,0.00034835,716.00000000,0
1531216697880,1531216697875,8749620,0.00034761,1.00000000,1
1531216717025,1531216717021,8749621,0.00034762,22.00000000,1
1531216717025,1531216717021,8749622,0.00034761,76.00000000,1
1531216756147,1531216756144,8749623,0.00034820,6.00000000,1
1531216765780,1531216765776,8749624,0.00034768,897.00000000,1
1531216765803,1531216765799,8749625,0.00034768,1207.00000000,1
1531216788305,1531216788284,8749626,0.00034835,190.00000000,0
1531216789280,1531216789276,8749627,0.00034835,368.00000000,0
1531216790387,1531216790383,8749628,0.00034835,383.00000000,0
1531216830399,1531216830395,8749629,0.00034775,25.00000000,1
1531216831257,1531216831252,8749630,0.00034776,25.00000000,1
1531216831359,1531216831355,8749631,0.00034774,4.00000000,1
1531216831359,1531216831355,8749632,0.00034761,77.00000000,1
1531216831455,1531216831451,8749633,0.00034752,27.00000000,1
1531216898398,1531216898395,8749634,0.00034831,1.00000000,0
1531216905822,1531216905817,8749635,0.00034771,40.00000000,1
1531216905822,1531216905817,8749636,0.00034760,100.00000000,1
1531216905822,1531216905817,8749637,0.00034752,112.00000000,1
1531216905822,1531216905817,8749638,0.00034750,613.00000000,1
1531216905836,1531216905832,8749639,0.00034716,11.00000000,1
1531216905836,1531216905832,8749640,0.00034710,29.00000000,1
1531216906191,1531216906186,8749641,0.00034733,7.00000000,0
1531216908248,1531216908243,8749642,0.00034736,40.00000000,0
1531216923742,1531216923738,8749643,0.00034825,2.00000000,0
1531216925273,1531216925270,8749644,0.00034743,54.00000000,1
1531216944154,1531216944151,8749645,0.00034784,399.00000000,1
1531216944281,1531216944277,8749646,0.00034819,157.00000000,0
1531216950094,1531216950090,8749647,0.00034833,2.00000000,0
1531216957926,1531216957922,8749648,0.00034778,10.00000000,1
1531216957926,1531216957922,8749649,0.00034776,27.00000000,1
1531216957926,1531216957922,8749650,0.00034775,1191.00000000,1
1531216958284,1531216958280,8749651,0.00034775,70.00000000,1
1531216958500,1531216958496,8749652,0.00034774,4.00000000,1
1531216958500,1531216958496,8749653,0.00034722,42.00000000,1
1531216971767,1531216971762,8749654,0.00034722,232.00000000,1
1531216978469,1531216978464,8749655,0.00034774,27.00000000,0
1531216978469,1531216978464,8749656,0.00034775,94.00000000,0
1531216978469,1531216978464,8749657,0.00034784,125.00000000,0
1531216978469,1531216978464,8749658,0.00034834,672.00000000,0
1531216988228,1531216988224,8749659,0.00034787,2013.00000000,0
1531216988237,1531216988233,8749660,0.00034833,846.00000000,0
1531217043412,1531217043408,8749661,0.00034734,93.00000000,1
1531217077880,1531217077875,8749662,0.00034774,892.00000000,0
1531217077899,1531217077894,8749663,0.00034729,417.00000000,1
1531217132772,1531217132768,8749664,0.00034812,50.00000000,0
1531217147735,1531217147730,8749665,0.00034814,8.00000000,0
1531217152850,1531217152846,8749666,0.00034819,10.00000000,0
1531217175410,1531217175404,8749667,0.00034819,10.00000000,0
1531217206407,1531217206401,8749668,0.00034749,21.00000000,1
1531217206407,1531217206401,8749669,0.00034748,98.00000000,1
1531217206431,1531217206427,8749670,0.00034747,128.00000000,0
1531217206457,1531217206453,8749671,0.00034747,19.00000000,0
1531217206825,1531217206821,8749672,0.00034747,129.00000000,0
1531217207205,1531217207200,8749673,0.00034747,1155.00000000,0
1531217207972,1531217207967,8749674,0.00034817,3.00000000,0
1531217211767,1531217211763,8749675,0.00034816,2.00000000,0
1531217218874,1531217218868,8749676,0.00034746,2.00000000,1
1531217224160,1531217224157,8749677,0.00034779,2507.00000000,0
1531217224176,1531217224170,8749678,0.00034746,1361.00000000,1
1531217233416,1531217233412,8749679,0.00034722,4.00000000,1
1531217233416,1531217233412,8749680,0.00034720,481.00000000,1
1531217233416,1531217233412,8749681,0.00034710,275.00000000,1
1531217235177,1531217235174,8749682,0.00034746,2.00000000,0
1531217239154,1531217239150,8749683,0.00034746,218.00000000,1
1531217250800,1531217250796,8749684,0.00034746,209.00000000,0
1531217258109,1531217258103,8749685,0.00034722,287.00000000,1
1531217258109,1531217258103,8749686,0.00034710,125.00000000,1
1531217258109,1531217258103,8749687,0.00034701,105.00000000,1
1531217258109,1531217258103,8749688,0.00034700,427.00000000,1
1531217258145,1531217258139,8749689,0.00034700,28.00000000,0
1531217258597,1531217258592,8749690,0.00034700,86.00000000,0
1531217259426,1531217259422,8749691,0.00034700,310.00000000,0
1531217260741,1531217260737,8749692,0.00034700,3.00000000,0
1531217260797,1531217260794,8749693,0.00034700,2.00000000,0
1531217260845,1531217260841,8749694,0.00034700,4.00000000,0
1531217260899,1531217260894,8749695,0.00034700,2.00000000,0
1531217260921,1531217260916,8749696,0.00034700,4.00000000,0
1531217268465,1531217268461,8749697,0.00034683,2.00000000,1
1531217270957,1531217270952,8749698,0.00034700,482.00000000,0
1531217272055,1531217272051,8749699,0.00034700,736.00000000,0
1531217276656,1531217276652,8749700,0.00034682,3.00000000,1
1531217285273,1531217285269,8749701,0.00034745,19.00000000,0
1531217285294,1531217285290,8749702,0.00034746,194.00000000,0
1531217286030,1531217286025,8749703,0.00034746,175.00000000,0
1531217286189,1531217286185,8749704,0.00034746,704.00000000,0
1531217289303,1531217289299,8749705,0.00034725,27.00000000,1
1531217300221,1531217300218,8749706,0.00034729,1029.00000000,1
1531217308330,1531217308326,8749707,0.00034718,1.00000000,1
1531217314552,1531217314548,8749708,0.00034719,44.00000000,1
1531217332582,1531217332579,8749709,0.00034729,20.00000000,0
1531217333230,1531217333226,8749710,0.00034729,17.00000000,0
1531217333230,1531217333226,8749711,0.00034746,113.00000000,0
1531217336373,1531217336370,8749712,0.00034745,1.00000000,0
1531217341482,1531217341478,8749713,0.00034745,968.00000000,0
1531217370244,1531217370240,8749714,0.00034745,5.00000000,1
1531217376717,1531217376713,8749715,0.00034745,301.00000000,0
1531217419242,1531217419238,8749716,0.00034682,24.00000000,1
1531217420246,1531217420242,8749717,0.00034681,6.00000000,1
1531217423262,1531217423256,8749718,0.00034681,9.00000000,1
1531217423262,1531217423256,8749719,0.00034680,3534.00000000,1
1531217427251,1531217427247,8749720,0.00034681,288.00000000,1
1531217428249,1531217428246,8749721,0.00034680,9.00000000,1
1531217431233,1531217431229,8749722,0.00034676,3.00000000,1
1531217432249,1531217432244,8749723,0.00034675,250.00000000,1
1531217433249,1531217433245,8749724,0.00034673,13.00000000,1
1531217435246,1531217435242,8749725,0.00034671,476.00000000,1
1531217436246,1531217436241,8749726,0.00034670,4.00000000,1
1531217436369,1531217436365,8749727,0.00034734,26.00000000,0
1531217437259,1531217437254,8749728,0.00034661,49.00000000,1
1531217439246,1531217439243,8749729,0.00034661,3.00000000,1
1531217439998,1531217439995,8749730,0.00034660,1.00000000,1
1531217445446,1531217445441,8749731,0.00034729,3.00000000,0
1531217446249,1531217446245,8749732,0.00034662,152.00000000,1
1531217447139,1531217447134,8749733,0.00034662,4.00000000,1
1531217447139,1531217447134,8749734,0.00034660,20.00000000,1
1531217449255,1531217449249,8749735,0.00034660,24.00000000,1
1531217454346,1531217454342,8749736,0.00034683,8.00000000,0
1531217454629,1531217454625,8749737,0.00034725,4.00000000,0
1531217454657,1531217454653,8749738,0.00034725,4.00000000,0
1531217454772,1531217454768,8749739,0.00034725,4.00000000,0
1531217454847,1531217454841,8749740,0.00034725,4.00000000,0
1531217454961,1531217454955,8749741,0.00034725,4.00000000,0
1531217456239,1531217456234,8749742,0.00034662,44.00000000,1
1531217456371,1531217456364,8749743,0.00034661,32.00000000,1
1531217457365,1531217457361,8749744,0.00034661,628.00000000,1
1531217458357,1531217458352,8749745,0.00034661,32.00000000,0
1531217462197,1531217462193,8749746,0.00034661,14.00000000,1
1531217466923,1531217466918,8749747,0.00034661,25.00000000,1
1531217468739,1531217468735,8749748,0.00034671,5.00000000,0
1531217469349,1531217469344,8749749,0.00034671,3.00000000,0
1531217469976,1531217469972,8749750,0.00034718,4.00000000,0
1531217470101,1531217470096,8749751,0.00034718,4.00000000,0
1531217474248,1531217474243,8749752,0.00034664,12.00000000,1
1531217476240,1531217476235,8749753,0.00034662,6.00000000,1
1531217478648,1531217478644,8749754,0.00034712,44.00000000,0
1531217478648,1531217478644,8749755,0.00034713,184.00000000,0
1531217479239,1531217479235,8749756,0.00034666,14.00000000,1
1531217480236,1531217480232,8749757,0.00034662,18.00000000,1
1531217487001,1531217486996,8749758,0.00034660,8.00000000,1
1531217488788,1531217488783,8749759,0.00034710,81.00000000,0
1531217488788,1531217488783,8749760,0.00034711,34.00000000,0
1531217488788,1531217488783,8749761,0.00034716,385.00000000,0
1531217496247,1531217496243,8749762,0.00034664,44.00000000,1
1531217503677,1531217503672,8749763,0.00034715,945.00000000,0
1531217507132,1531217507127,8749764,0.00034716,7.00000000,0
1531217526483,1531217526479,8749765,0.00034671,496.00000000,1
1531217526511,1531217526507,8749766,0.00034670,4.00000000,1
1531217542909,1531217542905,8749767,0.00034716,1.00000000,0
1531217551544,1531217551540,8749768,0.00034661,25.00000000,1
1531217551544,1531217551540,8749769,0.00034660,86.00000000,1
1531217553246,1531217553241,8749770,0.00034661,9.00000000,1
1531217568167,1531217568160,8749771,0.00034710,44.00000000,0
1531217568167,1531217568160,8749772,0.00034711,34.00000000,0
1531217568167,1531217568160,8749773,0.00034716,2516.00000000,0
1531217568167,1531217568160,8749774,0.00034733,5.00000000,0
1531217568167,1531217568160,8749775,0.00034745,4.00000000,0
1531217568167,1531217568160,8749776,0.00034746,1206.00000000,0
1531217570264,1531217570259,8749777,0.00034746,300.00000000,0
1531217577169,1531217577157,8749778,0.00034663,44.00000000,1
1531217577169,1531217577157,8749779,0.00034662,26.00000000,1
1531217577169,1531217577157,8749780,0.00034661,394.00000000,1
1531217577169,1531217577157,8749781,0.00034660,380.00000000,1
1531217577169,1531217577157,8749782,0.00034635,103.00000000,1
1531217577169,1531217577157,8749783,0.00034634,20.00000000,1
1531217577169,1531217577157,8749784,0.00034632,9.00000000,1
1531217577169,1531217577157,8749785,0.00034630,10.00000000,1
1531217577169,1531217577157,8749786,0.00034629,9.00000000,1
1531217577169,1531217577157,8749787,0.00034627,20.00000000,1
1531217577169,1531217577157,8749788,0.00034626,47.00000000,1
1531217577169,1531217577157,8749789,0.00034619,46.00000000,1
1531217577169,1531217577157,8749790,0.00034610,580.00000000,1
1531217577169,1531217577157,8749791,0.00034607,29.00000000,1
1531217577169,1531217577157,8749792,0.00034606,15.00000000,1
1531217577169,1531217577157,8749793,0.00034600,36.00000000,1
1531217577169,1531217577157,8749794,0.00034592,80.00000000,1
1531217577169,1531217577157,8749795,0.00034591,289.00000000,1
1531217577169,1531217577157,8749796,0.00034589,4.00000000,1
1531217577169,1531217577157,8749797,0.00034588,4.00000000,1
1531217577169,1531217577157,8749798,0.00034587,18.00000000,1
1531217577169,1531217577157,8749799,0.00034580,15.00000000,1
1531217577169,1531217577157,8749800,0.00034570,3.00000000,1
1531217577169,1531217577157,8749801,0.00034564,13.00000000,1
1531217577169,1531217577157,8749802,0.00034561,6.00000000,1
1531217577169,1531217577157,8749803,0.00034558,11.00000000,1
1531217577169,1531217577157,8749804,0.00034557,15.00000000,1
1531217577169,1531217577157,8749805,0.00034555,376.00000000,1
1531217577169,1531217577157,8749806,0.00034553,26.00000000,1
1531217577169,1531217577157,8749807,0.00034543,289.00000000,1
1531217577169,1531217577157,8749808,0.00034536,600.00000000,1
1531217577169,1531217577157,8749809,0.00034532,15.00000000,1
1531217577169,1531217577157,8749810,0.00034524,7.00000000,1
1531217577169,1531217577157,8749811,0.00034524,1163.00000000,1
1531217577172,1531217577157,8749812,0.00034524,665.00000000,1
1531217577172,1531217577157,8749813,0.00034515,18.00000000,1
1531217577172,1531217577157,8749814,0.00034508,5.00000000,1
1531217577172,1531217577157,8749815,0.00034507,29.00000000,1
1531217577172,1531217577157,8749816,0.00034504,7.00000000,1
1531217577172,1531217577157,8749817,0.00034503,7.00000000,1
1531217577172,1531217577157,8749818,0.00034500,847.00000000,1
1531217577172,1531217577157,8749819,0.00034500,3.00000000,1
1531217577172,1531217577157,8749820,0.00034500,66.00000000,1
1531217577174,1531217577157,8749821,0.00034500,2468.00000000,1
1531217577174,1531217577157,8749822,0.00034499,8.00000000,1
1531217577174,1531217577157,8749823,0.00034497,115.00000000,1
1531217577174,1531217577157,8749824,0.00034496,586.00000000,1
1531217577174,1531217577157,8749825,0.00034488,16.00000000,1
1531217577174,1531217577157,8749826,0.00034486,1542.00000000,1
1531217577174,1531217577157,8749827,0.00034486,113.00000000,1
1531217577174,1531217577157,8749828,0.00034485,36.00000000,1
1531217577191,1531217577187,8749829,0.00034550,20.00000000,0
1531217577205,1531217577200,8749830,0.00034550,85.00000000,0
1531217577217,1531217577214,8749831,0.00034550,32.00000000,0
1531217577218,1531217577214,8749832,0.00034550,613.00000000,0
1531217577253,1531217577247,8749833,0.00034578,53.00000000,0
1531217579126,1531217579121,8749834,0.00034624,16.00000000,0
1531217579850,1531217579846,8749835,0.00034558,1.00000000,1
1531217579890,1531217579886,8749836,0.00034558,1.00000000,1
1531217579923,1531217579918,8749837,0.00034558,1.00000000,1
1531217581951,1531217581947,8749838,0.00034566,1.00000000,1
1531217582104,1531217582099,8749839,0.00034701,29.00000000,0
1531217584062,1531217584058,8749840,0.00034578,27.00000000,0
1531217584252,1531217584247,8749841,0.00034698,3.00000000,0
1531217586183,1531217586177,8749842,0.00034665,29.00000000,0
1531217588056,1531217588052,8749843,0.00034664,5.00000000,0
1531217589460,1531217589456,8749844,0.00034628,29.00000000,0
1531217590102,1531217590098,8749845,0.00034628,78.00000000,0
1531217593500,1531217593494,8749846,0.00034660,4.00000000,0
1531217596790,1531217596786,8749847,0.00034658,2.00000000,0
1531217596814,1531217596809,8749848,0.00034658,2.00000000,0
1531217596866,1531217596862,8749849,0.00034658,5.00000000,0
1531217596894,1531217596889,8749850,0.00034658,2.00000000,0
1531217596927,1531217596923,8749851,0.00034658,2.00000000,0
1531217596956,1531217596952,8749852,0.00034658,2.00000000,0
1531217597046,1531217597042,8749853,0.00034658,2.00000000,0
1531217597146,1531217597142,8749854,0.00034658,2.00000000,0
1531217597219,1531217597215,8749855,0.00034657,2.00000000,0
1531217597257,1531217597252,8749856,0.00034657,2.00000000,0
1531217597286,1531217597282,8749857,0.00034657,2.00000000,0
1531217597363,1531217597358,8749858,0.00034657,2.00000000,0
1531217597370,1531217597365,8749859,0.00034657,2.00000000,0
1531217597410,1531217597406,8749860,0.00034657,2.00000000,0
1531217597471,1531217597465,8749861,0.00034657,2.00000000,0
1531217597508,1531217597503,8749862,0.00034657,2.00000000,0
1531217597557,1531217597553,8749863,0.00034657,2.00000000,0
1531217597680,1531217597676,8749864,0.00034657,2.00000000,0
1531217597713,1531217597709,8749865,0.00034657,2.00000000,0
1531217597773,1531217597768,8749866,0.00034657,2.00000000,0
1531217597819,1531217597815,8749867,0.00034657,2.00000000,0
1531217597851,1531217597848,8749868,0.00034657,2.00000000,0
1531217597878,1531217597874,8749869,0.00034657,2.00000000,0
1531217598035,1531217598030,8749870,0.00034657,2.00000000,0
1531217598121,1531217598117,8749871,0.00034657,2.00000000,0
1531217601671,1531217601666,8749872,0.00034657,5.00000000,0
1531217605630,1531217605626,8749873,0.00034657,9.00000000,0
1531217608742,1531217608737,8749874,0.00034598,6.00000000,1
1531217608946,1531217608940,8749875,0.00034598,7.00000000,1
1531217609905,1531217609901,8749876,0.00034599,3.00000000,1
1531217614114,1531217614109,8749877,0.00034653,1.00000000,0
1531217614167,1531217614163,8749878,0.00034653,4.00000000,0
1531217614167,1531217614163,8749879,0.00034654,3.00000000,0
1531217624549,1531217624545,8749880,0.00034591,22.00000000,1
1531217624549,1531217624545,8749881,0.00034590,2.00000000,1
1531217624946,1531217624941,8749882,0.00034590,6.00000000,1
1531217624946,1531217624941,8749883,0.00034566,4.00000000,1
1531217624946,1531217624941,8749884,0.00034558,3.00000000,1
1531217624946,1531217624941,8749885,0.00034550,12.00000000,1
1531217625799,1531217625794,8749886,0.00034647,7.00000000,0
1531217628784,1531217628780,8749887,0.00034594,3.00000000,0
1531217629097,1531217629092,8749888,0.00034645,3.00000000,0
1531217629197,1531217629193,8749889,0.00034645,3.00000000,0
1531217629394,1531217629390,8749890,0.00034594,29.00000000,0
1531217629427,1531217629422,8749891,0.00034594,23.00000000,0
1531217629585,1531217629581,8749892,0.00034594,12.00000000,0
1531217629796,1531217629790,8749893,0.00034594,6.00000000,0
1531217630168,1531217630164,8749894,0.00034594,27.00000000,0
1531217630173,1531217630168,8749895,0.00034594,6.00000000,0
1531217630799,1531217630793,8749896,0.00034594,16.00000000,0
1531217630890,1531217630885,8749897,0.00034584,9.00000000,1
1531217630937,1531217630933,8749898,0.00034584,24.00000000,0
1531217631018,1531217631014,8749899,0.00034584,180.00000000,0
1531217631036,1531217631032,8749900,0.00034584,11.00000000,0
1531217634244,1531217634239,8749901,0.00034593,174.00000000,0
1531217634513,1531217634508,8749902,0.00034593,30.00000000,0
1531217634810,1531217634805,8749903,0.00034593,19.00000000,0
1531217636032,1531217636029,8749904,0.00034593,180.00000000,0
1531217636163,1531217636158,8749905,0.00034593,180.00000000,0
1531217636246,1531217636241,8749906,0.00034593,174.00000000,0
1531217636744,1531217636739,8749907,0.00034593,72.00000000,0
1531217636756,1531217636751,8749908,0.00034593,106.00000000,0
1531217637538,1531217637534,8749909,0.00034593,1.00000000,0
1531217637576,1531217637572,8749910,0.00034593,1.00000000,0
1531217637609,1531217637604,8749911,0.00034593,1.00000000,0
1531217637671,1531217637667,8749912,0.00034593,1.00000000,0
1531217637739,1531217637733,8749913,0.00034593,3.00000000,0
1531217637852,1531217637848,8749914,0.00034593,1.00000000,0
1531217637860,1531217637856,8749915,0.00034593,1.00000000,0
1531217637905,1531217637900,8749916,0.00034593,2.00000000,0
1531217637952,1531217637947,8749917,0.00034593,26.00000000,0
1531217638113,1531217638109,8749918,0.00034593,2.00000000,0
1531217638151,1531217638148,8749919,0.00034593,2.00000000,0
1531217638180,1531217638175,8749920,0.00034593,4.00000000,0
1531217638263,1531217638259,8749921,0.00034593,2.00000000,0
1531217638484,1531217638477,8749922,0.00034593,2.00000000,0
1531217638521,1531217638517,8749923,0.00034593,3.00000000,0
1531217638628,1531217638624,8749924,0.00034593,2.00000000,0
1531217638638,1531217638633,8749925,0.00034593,2.00000000,0
1531217638808,1531217638804,8749926,0.00034593,2.00000000,0
1531217638830,1531217638826,8749927,0.00034593,45.00000000,0
1531217638840,1531217638837,8749928,0.00034593,2.00000000,0
1531217638851,1531217638847,8749929,0.00034593,2.00000000,0
1531217638852,1531217638847,8749930,0.00034593,4.00000000,0
1531217638887,1531217638883,8749931,0.00034593,2.00000000,0
1531217638983,1531217638978,8749932,0.00034593,2.00000000,0
1531217639053,1531217639049,8749933,0.00034593,2.00000000,0
1531217639074,1531217639070,8749934,0.00034593,2.00000000,0
1531217639108,1531217639103,8749935,0.00034593,2.00000000,0
1531217639166,1531217639161,8749936,0.00034593,2.00000000,0
1531217639367,1531217639363,8749937,0.00034593,2.00000000,0
1531217639435,1531217639431,8749938,0.00034593,2.00000000,0
1531217639482,1531217639478,8749939,0.00034593,2.00000000,0
1531217639511,1531217639506,8749940,0.00034593,2.00000000,0
1531217639544,1531217639538,8749941,0.00034593,2.00000000,0
1531217639554,1531217639550,8749942,0.00034593,2.00000000,0
1531217640834,1531217640830,8749943,0.00034588,562.00000000,0
1531217640844,1531217640840,8749944,0.00034593,477.00000000,0
1531217641933,1531217641927,8749945,0.00034594,2.00000000,0
1531217641933,1531217641927,8749946,0.00034643,1.00000000,0
1531217641966,1531217641961,8749947,0.00034643,2.00000000,0
1531217649206,1531217649201,8749948,0.00034641,6.00000000,0
1531217650122,1531217650116,8749949,0.00034606,11.00000000,1
1531217650993,1531217650988,8749950,0.00034606,8.00000000,1
1531217654904,1531217654899,8749951,0.00034639,274.00000000,0
1531217655282,1531217655277,8749952,0.00034606,5.00000000,1
1531217655890,1531217655886,8749953,0.00034640,131.00000000,0
1531217655897,1531217655892,8749954,0.00034640,96.00000000,0
1531217657334,1531217657330,8749955,0.00034640,2.00000000,0
1531217658860,1531217658854,8749956,0.00034607,40.00000000,1
1531217658860,1531217658854,8749957,0.00034606,64.00000000,1
1531217658860,1531217658854,8749958,0.00034594,563.00000000,1
1531217658900,1531217658894,8749959,0.00034594,330.00000000,0
1531217658902,1531217658898,8749960,0.00034594,220.00000000,0
1531217659240,1531217659237,8749961,0.00034594,1789.00000000,0
1531217660253,1531217660249,8749962,0.00034642,4.00000000,0
1531217665881,1531217665877,8749963,0.00034667,3.00000000,0
1531217665881,1531217665877,8749964,0.00034672,3.00000000,0
1531217665968,1531217665962,8749965,0.00034672,28.00000000,0
1531217665968,1531217665962,8749966,0.00034673,80.00000000,0
1531217665968,1531217665962,8749967,0.00034675,31.00000000,0
1531217665968,1531217665962,8749968,0.00034679,5.00000000,0
1531217665968,1531217665962,8749969,0.00034735,56.00000000,0
1531217671527,1531217671522,8749970,0.00034642,19.00000000,0
1531217672985,1531217672980,8749971,0.00034642,213.00000000,0
1531217673399,1531217673394,8749972,0.00034642,19.00000000,0
1531217674569,1531217674565,8749973,0.00034641,88.00000000,0
1531217678278,1531217678273,8749974,0.00034641,5.00000000,0
1531217679759,1531217679755,8749975,0.00034641,3.00000000,0
1531217684104,1531217684099,8749976,0.00034633,19.00000000,1
1531217686802,1531217686797,8749977,0.00034641,19.00000000,0
1531217700995,1531217700990,8749978,0.00034637,2347.00000000,0
1531217701002,1531217700998,8749979,0.00034634,1481.00000000,1
1531217701020,1531217701016,8749980,0.00034634,804.00000000,1
1531217702113,1531217702103,8749981,0.00034566,142.00000000,1
1531217702113,1531217702103,8749982,0.00034556,24.00000000,1
1531217702113,1531217702103,8749983,0.00034550,93.00000000,1
1531217702113,1531217702103,8749984,0.00034544,23.00000000,1
1531217702113,1531217702103,8749985,0.00034540,154.00000000,1
1531217702113,1531217702103,8749986,0.00034513,80.00000000,1
1531217702113,1531217702103,8749987,0.00034508,13.00000000,1
1531217702113,1531217702103,8749988,0.00034502,86.00000000,1
1531217702113,1531217702103,8749989,0.00034475,1173.00000000,1
1531217702113,1531217702103,8749990,0.00034466,85.00000000,1
1531217702113,1531217702103,8749991,0.00034461,3.00000000,1
1531217702113,1531217702103,8749992,0.00034457,6.00000000,1
1531217702113,1531217702103,8749993,0.00034455,48.00000000,1
1531217702113,1531217702103,8749994,0.00034450,656.00000000,1
1531217702113,1531217702103,8749995,0.00034450,450.00000000,1
1531217705464,1531217705461,8749996,0.00034482,1.00000000,1
1531217705524,1531217705521,8749997,0.00034482,1.00000000,1
1531217705541,1531217705537,8749998,0.00034482,1.00000000,1
1531217705710,1531217705706,8749999,0.00034512,6.00000000,0
1531217707352,1531217707346,8750000,0.00034615,21.00000000,0
1531217709725,1531217709719,8750001,0.00034615,3.00000000,0
1531217709725,1531217709719,8750002,0.00034616,4.00000000,0
1531217709725,1531217709719,8750003,0.00034617,19.00000000,0
1531217709725,1531217709719,8750004,0.00034673,2.00000000,0
1531217712212,1531217712206,8750005,0.00034673,159.00000000,0
1531217712212,1531217712206,8750006,0.00034682,3.00000000,0
1531217712212,1531217712206,8750007,0.00034687,80.00000000,0
1531217712212,1531217712206,8750008,0.00034698,3.00000000,0
