event_time,trade_time,trade_id,price,quantity,maker
1531210394719,1531210394716,1266170,0.00002098,91.00000000,0
1531210427214,1531210427208,1266171,0.00002097,2006.00000000,0
1531210427226,1531210427222,1266172,0.00002096,1475.00000000,1
1531210435263,1531210435257,1266173,0.00002098,359.00000000,0
1531210461046,1531210461041,1266174,0.00002096,4923.00000000,1
1531210472846,1531210472843,1266175,0.00002098,209.00000000,0
1531210477998,1531210477993,1266176,0.00002096,4503.00000000,1
1531210478009,1531210478005,1266177,0.00002096,4818.00000000,1
1531210478489,1531210478485,1266178,0.00002095,471.00000000,1
1531210500498,1531210500494,1266179,0.00002097,478.00000000,0
1531210500553,1531210500550,1266180,0.00002096,2840.00000000,1
1531210500568,1531210500564,1266181,0.00002096,269.00000000,1
1531210536945,1531210536940,1266182,0.00002096,5625.00000000,1
1531210536962,1531210536957,1266183,0.00002096,299.00000000,1
1531210567584,1531210567578,1266184,0.00002096,4797.00000000,1
1531210597846,1531210597841,1266185,0.00002096,2944.00000000,1
1531210597873,1531210597869,1266186,0.00002096,4382.00000000,1
1531210624581,1531210624576,1266187,0.00002096,7425.00000000,1
1531210624596,1531210624592,1266188,0.00002096,5305.00000000,1
1531210640451,1531210640446,1266189,0.00002096,6209.00000000,1
1531210640469,1531210640465,1266190,0.00002096,168.00000000,1
1531210662180,1531210662174,1266191,0.00002097,102.00000000,1
1531210666690,1531210666686,1266192,0.00002098,9156.00000000,0
1531210666701,1531210666696,1266193,0.00002097,6438.00000000,1
1531210701791,1531210701785,1266194,0.00002096,717.00000000,1
1531210701808,1531210701802,1266195,0.00002096,14619.00000000,0
1531210701825,1531210701821,1266196,0.00002097,102.00000000,0
1531210723306,1531210723302,1266197,0.00002096,2872.00000000,0
1531210723318,1531210723313,1266198,0.00002094,2052.00000000,1
1531210723627,1531210723627,1266199,0.00002093,28.00000000,1
1531210762416,1531210762412,1266200,0.00002094,5501.00000000,1
1531210770125,1531210770118,1266201,0.00002099,51.00000000,0
1531210779712,1531210779707,1266202,0.00002096,2770.00000000,0
1531210779728,1531210779724,1266203,0.00002094,1799.00000000,1
1531210806967,1531210806962,1266204,0.00002094,6508.00000000,1
1531210817652,1531210817648,1266205,0.00002094,5228.00000000,1
1531210817663,1531210817659,1266206,0.00002094,4545.00000000,1
1531210819208,1531210819203,1266207,0.00002099,51.00000000,0
1531210838125,1531210838119,1266208,0.00002099,42.00000000,0
1531210841191,1531210841187,1266209,0.00002099,1.00000000,0
1531210852912,1531210852908,1266210,0.00002094,78.00000000,1
1531210852936,1531210852931,1266211,0.00002094,6293.00000000,1
1531210864093,1531210864089,1266212,0.00002094,123.00000000,1
1531210864111,1531210864106,1266213,0.00002094,6659.00000000,1
1531210897359,1531210897354,1266214,0.00002094,7748.00000000,1
1531210923296,1531210923291,1266215,0.00002094,7872.00000000,1
1531210930788,1531210930785,1266216,0.00002093,69.00000000,1
1531210947135,1531210947132,1266217,0.00002093,14.00000000,0
1531210957575,1531210957570,1266218,0.00002099,111.00000000,0
1531210970516,1531210970510,1266219,0.00002096,7984.00000000,0
1531210970533,1531210970528,1266220,0.00002094,1303.00000000,1
1531210970551,1531210970547,1266221,0.00002094,5253.00000000,1
1531210979613,1531210979609,1266222,0.00002094,7987.00000000,1
1531211000708,1531211000705,1266223,0.00002099,1.00000000,0
1531211017249,1531211017245,1266224,0.00002094,3162.00000000,1
1531211017271,1531211017266,1266225,0.00002094,671.00000000,1
1531211042491,1531211042486,1266226,0.00002096,4478.00000000,0
1531211042504,1531211042499,1266227,0.00002094,1611.00000000,1
1531211060395,1531211060390,1266228,0.00002099,21.00000000,0
1531211062598,1531211062593,1266229,0.00002094,3460.00000000,1
1531211062616,1531211062611,1266230,0.00002094,5475.00000000,1
1531211084024,1531211084020,1266231,0.00002094,3404.00000000,1
1531211084133,1531211084130,1266232,0.00002094,5873.00000000,1
1531211107244,1531211107240,1266233,0.00002094,409.00000000,1
1531211115226,1531211115222,1266234,0.00002096,9787.00000000,0
1531211115239,1531211115235,1266235,0.00002094,7415.00000000,1
1531211152345,1531211152339,1266236,0.00002096,4995.00000000,0
1531211152357,1531211152353,1266237,0.00002094,4125.00000000,1
1531211152382,1531211152376,1266238,0.00002094,2191.00000000,1
1531211195731,1531211195729,1266239,0.00002097,8486.00000000,0
1531211195744,1531211195739,1266240,0.00002095,5511.00000000,1
1531211227111,1531211227104,1266241,0.00002099,603.00000000,0
1531211231658,1531211231658,1266242,0.00002099,49.00000000,0
1531211231658,1531211231658,1266243,0.00002100,3.00000000,0
1531211245651,1531211245647,1266244,0.00002096,91.00000000,0
1531211292625,1531211292621,1266245,0.00002100,104.00000000,0
1531211293873,1531211293868,1266246,0.00002095,97.00000000,1
1531211301888,1531211301883,1266247,0.00002098,6561.00000000,0
1531211301900,1531211301899,1266248,0.00002097,6075.00000000,1
1531211308587,1531211308582,1266249,0.00002098,9897.00000000,0
1531211308604,1531211308600,1266250,0.00002097,6873.00000000,1
1531211329863,1531211329858,1266251,0.00002097,3.00000000,1
1531211339576,1531211339571,1266252,0.00002100,104.00000000,0
1531211359150,1531211359145,1266253,0.00002098,5876.00000000,1
1531211359165,1531211359161,1266254,0.00002098,3991.00000000,1
1531211365165,1531211365162,1266255,0.00002100,476.00000000,0
1531211376092,1531211376087,1266256,0.00002097,7701.00000000,1
1531211376103,1531211376098,1266257,0.00002097,6155.00000000,1
1531211383476,1531211383472,1266258,0.00002100,494.00000000,0
1531211400060,1531211400054,1266259,0.00002096,1909.00000000,1
1531211437289,1531211437284,1266260,0.00002098,5838.00000000,0
1531211437302,1531211437297,1266261,0.00002097,6711.00000000,1
1531211437322,1531211437318,1266262,0.00002097,2100.00000000,1
1531211457603,1531211457599,1266263,0.00002098,7623.00000000,1
1531211500953,1531211500953,1266264,0.00002096,3.00000000,1
1531211518255,1531211518250,1266265,0.00002097,3270.00000000,1
1531211529091,1531211529087,1266266,0.00002100,684.00000000,0
1531211529091,1531211529087,1266267,0.00002107,30.00000000,0
1531211550305,1531211550301,1266268,0.00002105,7956.00000000,0
1531211550314,1531211550310,1266269,0.00002102,2782.00000000,1
1531211554300,1531211554294,1266270,0.00002101,1.00000000,1
1531211571048,1531211571044,1266271,0.00002102,535.00000000,1
1531211630761,1531211630757,1266272,0.00002102,6684.00000000,1
1531211644119,1531211644113,1266273,0.00002106,5406.00000000,0
1531211644134,1531211644129,1266274,0.00002104,3180.00000000,1
1531211660980,1531211660976,1266275,0.00002104,7795.00000000,1
1531211663921,1531211663914,1266276,0.00002108,271.00000000,0
1531211663921,1531211663914,1266277,0.00002114,4936.00000000,0
1531211663921,1531211663914,1266278,0.00002115,561.00000000,0
1531211663921,1531211663914,1266279,0.00002116,471.00000000,0
1531211663921,1531211663914,1266280,0.00002119,2764.00000000,0
1531211663921,1531211663914,1266281,0.00002120,49.00000000,0
1531211663921,1531211663914,1266282,0.00002121,442.00000000,0
1531211663921,1531211663914,1266283,0.00002129,97.00000000,0
1531211663921,1531211663914,1266284,0.00002130,853.00000000,0
1531211663921,1531211663914,1266285,0.00002131,288.00000000,0
1531211663921,1531211663914,1266286,0.00002134,127.00000000,0
1531211663921,1531211663914,1266287,0.00002137,141.00000000,0
1531211663921,1531211663914,1266288,0.00002140,99.00000000,0
1531211664324,1531211664320,1266289,0.00002140,29.00000000,0
1531211664425,1531211664420,1266290,0.00002118,154.00000000,1
1531211664450,1531211664447,1266291,0.00002108,56.00000000,1
1531211664450,1531211664447,1266292,0.00002105,62.00000000,1
1531211664627,1531211664622,1266293,0.00002110,99.00000000,0
1531211671584,1531211671580,1266294,0.00002108,154.00000000,0
1531211671584,1531211671580,1266295,0.00002109,308.00000000,0
1531211671612,1531211671609,1266296,0.00002109,598.00000000,1
1531211673352,1531211673347,1266297,0.00002109,51.00000000,1
1531211730691,1531211730686,1266298,0.00002110,55.00000000,0
1531211730691,1531211730686,1266299,0.00002117,29.00000000,0
1531211732978,1531211732973,1266300,0.00002108,433.00000000,1
1531211732978,1531211732973,1266301,0.00002107,649.00000000,1
1531211734734,1531211734729,1266302,0.00002109,471.00000000,1
1531211766259,1531211766254,1266303,0.00002113,2201.00000000,0
1531211766270,1531211766266,1266304,0.00002109,925.00000000,1
1531211779234,1531211779228,1266305,0.00002106,308.00000000,1
1531211779234,1531211779228,1266306,0.00002103,4624.00000000,1
1531211779234,1531211779228,1266307,0.00002102,1100.00000000,1
1531211779234,1531211779228,1266308,0.00002101,5087.00000000,1
1531211779800,1531211779799,1266309,0.00002100,156.00000000,0
1531211779810,1531211779806,1266310,0.00002098,28.00000000,1
1531211780029,1531211780025,1266311,0.00002100,1100.00000000,0
1531211781772,1531211781769,1266312,0.00002100,5191.00000000,0
1531211794688,1531211794684,1266313,0.00002100,51.00000000,0
1531211796222,1531211796219,1266314,0.00002097,510.00000000,1
1531211796239,1531211796234,1266315,0.00002097,4281.00000000,1
1531211807357,1531211807352,1266316,0.00002100,1071.00000000,0
1531211834924,1531211834920,1266317,0.00002100,577.00000000,0
1531211837107,1531211837102,1266318,0.00002100,51.00000000,0
1531211839751,1531211839746,1266319,0.00002100,577.00000000,0
1531211844307,1531211844304,1266320,0.00002100,577.00000000,0
1531211847160,1531211847156,1266321,0.00002100,578.00000000,0
1531211848549,1531211848545,1266322,0.00002100,577.00000000,0
1531211849510,1531211849505,1266323,0.00002099,3859.00000000,1
1531211849535,1531211849530,1266324,0.00002099,2628.00000000,1
1531211849549,1531211849544,1266325,0.00002099,2880.00000000,1
1531211853116,1531211853113,1266326,0.00002100,577.00000000,0
1531211857305,1531211857299,1266327,0.00002100,577.00000000,0
1531211862456,1531211862453,1266328,0.00002100,577.00000000,0
1531211866647,1531211866642,1266329,0.00002100,577.00000000,0
1531211870320,1531211870314,1266330,0.00002100,577.00000000,0
1531211873499,1531211873495,1266331,0.00002100,490.00000000,0
1531211886146,1531211886140,1266332,0.00002101,1859.00000000,1
1531211891941,1531211891937,1266333,0.00002101,86.00000000,1
1531211899764,1531211899761,1266334,0.00002107,50.00000000,1
1531211918076,1531211918072,1266335,0.00002100,123.00000000,1
1531211945946,1531211945943,1266336,0.00002101,5623.00000000,1
1531211960714,1531211960709,1266337,0.00002104,1974.00000000,0
1531211960730,1531211960724,1266338,0.00002101,6259.00000000,1
1531211960756,1531211960752,1266339,0.00002101,1109.00000000,1
1531211972681,1531211972676,1266340,0.00002101,4119.00000000,1
1531211972699,1531211972695,1266341,0.00002101,6804.00000000,1
1531211986014,1531211986009,1266342,0.00002101,16.00000000,1
1531212007270,1531212007266,1266343,0.00002102,5030.00000000,1
1531212007290,1531212007285,1266344,0.00002102,1603.00000000,1
1531212037131,1531212037126,1266345,0.00002108,51.00000000,0
1531212111807,1531212111802,1266346,0.00002105,4740.00000000,0
1531212111816,1531212111812,1266347,0.00002103,944.00000000,1
1531212111836,1531212111832,1266348,0.00002103,2963.00000000,1
1531212134847,1531212134842,1266349,0.00002105,2650.00000000,0
1531212134867,1531212134862,1266350,0.00002102,1425.00000000,1
1531212287991,1531212287987,1266351,0.00002106,490.00000000,1
1531212296898,1531212296892,1266352,0.00002104,8.00000000,1
1531212315015,1531212315011,1266353,0.00002106,311.00000000,0
1531212315033,1531212315028,1266354,0.00002105,251.00000000,1
1531212340770,1531212340767,1266355,0.00002104,72.00000000,1
1531212379023,1531212379019,1266356,0.00002107,225.00000000,0
1531212379028,1531212379023,1266357,0.00002107,83.00000000,0
1531212379028,1531212379023,1266358,0.00002108,105.00000000,0
1531212379028,1531212379023,1266359,0.00002109,62.00000000,0
1531212379028,1531212379023,1266360,0.00002113,471.00000000,0
1531212379028,1531212379023,1266361,0.00002114,1100.00000000,0
1531212379032,1531212379027,1266362,0.00002123,99.00000000,0
1531212379032,1531212379027,1266363,0.00002131,490.00000000,0
1531212379032,1531212379027,1266364,0.00002132,1325.00000000,0
1531212379032,1531212379027,1266365,0.00002134,89.00000000,0
1531212379032,1531212379027,1266366,0.00002135,1456.00000000,0
1531212379047,1531212379046,1266367,0.00002135,590.00000000,1
1531212379051,1531212379046,1266368,0.00002140,83.00000000,0
1531212379249,1531212379243,1266369,0.00002108,280.00000000,1
1531212379427,1531212379421,1266370,0.00002126,28.00000000,0
1531212385065,1531212385059,1266371,0.00002121,48.00000000,0
1531212400466,1531212400461,1266372,0.00002114,5089.00000000,0
1531212400477,1531212400473,1266373,0.00002111,1792.00000000,1
1531212422324,1531212422320,1266374,0.00002112,939.00000000,1
1531212427985,1531212427982,1266375,0.00002112,500.00000000,1
1531212434643,1531212434638,1266376,0.00002113,2174.00000000,1
1531212434877,1531212434875,1266377,0.00002115,316.00000000,1
1531212435130,1531212435127,1266378,0.00002115,157.00000000,1
1531212436106,1531212436102,1266379,0.00002113,183.00000000,1
1531212440402,1531212440397,1266380,0.00002112,200.00000000,1
1531212443440,1531212443436,1266381,0.00002113,822.00000000,1
1531212450855,1531212450851,1266382,0.00002113,1.00000000,1
1531212450865,1531212450862,1266383,0.00002113,1035.00000000,0
1531212450877,1531212450873,1266384,0.00002113,1.00000000,1
1531212455199,1531212455196,1266385,0.00002112,440.00000000,1
1531212459178,1531212459173,1266386,0.00002108,578.00000000,1
1531212473725,1531212473719,1266387,0.00002111,122.00000000,0
1531212475018,1531212475013,1266388,0.00002111,238.00000000,1
1531212485785,1531212485781,1266389,0.00002108,131.00000000,1
1531212488440,1531212488435,1266390,0.00002108,6257.00000000,1
1531212496805,1531212496802,1266391,0.00002111,312.00000000,1
1531212501061,1531212501055,1266392,0.00002118,1969.00000000,0
1531212506103,1531212506096,1266393,0.00002113,472.00000000,1
1531212516377,1531212516371,1266394,0.00002118,344.00000000,0
1531212525312,1531212525308,1266395,0.00002114,343.00000000,1
1531212615182,1531212615177,1266396,0.00002115,1646.00000000,1
1531212618433,1531212618431,1266397,0.00002116,50.00000000,1
1531212618545,1531212618540,1266398,0.00002116,183.00000000,1
1531212636054,1531212636049,1266399,0.00002116,1415.00000000,1
1531212637821,1531212637816,1266400,0.00002115,214.00000000,1
1531212637905,1531212637901,1266401,0.00002115,3784.00000000,1
1531212638104,1531212638098,1266402,0.00002114,299.00000000,1
1531212644291,1531212644286,1266403,0.00002107,360.00000000,1
1531212644291,1531212644286,1266404,0.00002104,2374.00000000,1
1531212644291,1531212644286,1266405,0.00002102,1100.00000000,1
1531212644291,1531212644286,1266406,0.00002101,669.00000000,1
1531212644309,1531212644304,1266407,0.00002101,44.00000000,1
1531212644325,1531212644318,1266408,0.00002100,286.00000000,1
1531212644325,1531212644318,1266409,0.00002099,289.00000000,1
1531212644325,1531212644318,1266410,0.00002098,95.00000000,1
1531212644325,1531212644318,1266411,0.00002097,423.00000000,1
1531212644332,1531212644327,1266412,0.00002097,1093.00000000,1
1531212644335,1531212644330,1266413,0.00002097,202.00000000,1
1531212644335,1531212644330,1266414,0.00002096,891.00000000,1
1531212644354,1531212644350,1266415,0.00002096,4433.00000000,1
1531212644354,1531212644350,1266416,0.00002095,6.00000000,1
1531212644416,1531212644412,1266417,0.00002101,476.00000000,0
1531212644425,1531212644419,1266418,0.00002095,1674.00000000,1
1531212644425,1531212644419,1266419,0.00002094,326.00000000,1
1531212644473,1531212644468,1266420,0.00002101,539.00000000,0
1531212644586,1531212644581,1266421,0.00002096,27.00000000,1
1531212644783,1531212644778,1266422,0.00002101,965.00000000,0
1531212645422,1531212645416,1266423,0.00002100,232.00000000,0
1531212645422,1531212645416,1266424,0.00002101,244.00000000,0
1531212645450,1531212645444,1266425,0.00002094,1165.00000000,1
1531212646286,1531212646283,1266426,0.00002094,332.00000000,1
1531212648832,1531212648828,1266427,0.00002094,344.00000000,1
1531212649515,1531212649511,1266428,0.00002099,133.00000000,0
1531212650121,1531212650117,1266429,0.00002099,51.00000000,0
1531212650142,1531212650138,1266430,0.00002099,578.00000000,0
1531212657241,1531212657236,1266431,0.00002099,748.00000000,0
1531212659534,1531212659530,1266432,0.00002094,165.00000000,1
1531212664103,1531212664100,1266433,0.00002099,476.00000000,0
1531212666467,1531212666463,1266434,0.00002096,2784.00000000,1
1531212672231,1531212672226,1266435,0.00002097,912.00000000,0
1531212682743,1531212682738,1266436,0.00002097,6887.00000000,1
1531212685378,1531212685376,1266437,0.00002098,122.00000000,0
1531212688365,1531212688362,1266438,0.00002098,69.00000000,0
1531212696239,1531212696234,1266439,0.00002100,51.00000000,0
1531212698990,1531212698985,1266440,0.00002096,97.00000000,1
1531212708994,1531212708990,1266441,0.00002097,6423.00000000,1
1531212709014,1531212709009,1266442,0.00002097,2801.00000000,1
1531212729222,1531212729216,1266443,0.00002100,2175.00000000,0
1531212729226,1531212729221,1266444,0.00002100,4949.00000000,0
1531212729226,1531212729221,1266445,0.00002101,727.00000000,0
1531212729226,1531212729221,1266446,0.00002102,269.00000000,0
1531212729226,1531212729221,1266447,0.00002103,71.00000000,0
1531212729231,1531212729222,1266448,0.00002104,95.00000000,0
1531212729231,1531212729222,1266449,0.00002107,581.00000000,0
1531212729231,1531212729222,1266450,0.00002108,147.00000000,0
1531212729231,1531212729222,1266451,0.00002109,156.00000000,0
1531212729231,1531212729222,1266452,0.00002110,286.00000000,0
1531212729231,1531212729222,1266453,0.00002111,471.00000000,0
1531212729231,1531212729222,1266454,0.00002112,190.00000000,0
1531212729231,1531212729222,1266455,0.00002114,1100.00000000,0
1531212729231,1531212729222,1266456,0.00002115,289.00000000,0
1531212729231,1531212729222,1266457,0.00002116,775.00000000,0
1531212729231,1531212729222,1266458,0.00002117,2912.00000000,0
1531212729231,1531212729222,1266459,0.00002121,8.00000000,0
1531212729231,1531212729222,1266460,0.00002132,942.00000000,0
1531212729253,1531212729249,1266461,0.00002132,328.00000000,0
1531212729595,1531212729591,1266462,0.00002132,56.00000000,0
1531212729865,1531212729862,1266463,0.00002130,28.00000000,0
1531212730094,1531212730090,1266464,0.00002109,172.00000000,1
1531212730129,1531212730104,1266465,0.00002109,1.00000000,1
1531212730129,1531212730117,1266466,0.00002109,172.00000000,0
1531212730139,1531212730135,1266467,0.00002110,696.00000000,1
1531212730157,1531212730155,1266468,0.00002104,260.00000000,1
1531212730189,1531212730184,1266469,0.00002104,260.00000000,1
1531212732193,1531212732189,1266470,0.00002106,418.00000000,1
1531212733783,1531212733778,1266471,0.00002108,51.00000000,1
1531212733939,1531212733934,1266472,0.00002108,276.00000000,1
1531212734129,1531212734121,1266473,0.00002108,1.00000000,1
1531212734129,1531212734121,1266474,0.00002107,288.00000000,1
1531212734129,1531212734121,1266475,0.00002106,923.00000000,1
1531212734129,1531212734121,1266476,0.00002104,288.00000000,1
1531212734129,1531212734121,1266477,0.00002103,1152.00000000,1
1531212734129,1531212734121,1266478,0.00002102,1152.00000000,1
1531212734422,1531212734417,1266479,0.00002101,27.00000000,1
1531212740816,1531212740812,1266480,0.00002102,6417.00000000,1
1531212740825,1531212740820,1266481,0.00002102,1026.00000000,0
1531212740842,1531212740838,1266482,0.00002102,6417.00000000,1
1531212760925,1531212760921,1266483,0.00002101,4702.00000000,1
1531212760941,1531212760936,1266484,0.00002101,4725.00000000,1
1531212763810,1531212763786,1266485,0.00002103,741.00000000,0
1531212774124,1531212774120,1266486,0.00002101,97.00000000,1
1531212780537,1531212780533,1266487,0.00002103,111.00000000,0
1531212780544,1531212780539,1266488,0.00002103,20.00000000,0
1531212781381,1531212781377,1266489,0.00002103,361.00000000,1
1531212786995,1531212786989,1266490,0.00002102,6146.00000000,1
1531212787017,1531212787011,1266491,0.00002102,1724.00000000,1
1531212811227,1531212811222,1266492,0.00002107,328.00000000,0
1531212813122,1531212813118,1266493,0.00002108,698.00000000,0
1531212816148,1531212816144,1266494,0.00002104,56.00000000,1
1531212816168,1531212816162,1266495,0.00002104,4435.00000000,1
1531212825167,1531212825163,1266496,0.00002103,51.00000000,1
1531212845529,1531212845524,1266497,0.00002104,3277.00000000,1
1531212845553,1531212845549,1266498,0.00002104,3594.00000000,1
1531212872948,1531212872944,1266499,0.00002104,3127.00000000,1
1531212890669,1531212890665,1266500,0.00002104,1877.00000000,1
1531212890687,1531212890682,1266501,0.00002104,5995.00000000,1
1531212912237,1531212912232,1266502,0.00002104,7918.00000000,1
1531212916143,1531212916138,1266503,0.00002103,51.00000000,1
1531212933984,1531212933978,1266504,0.00002104,7.00000000,1
1531212938357,1531212938352,1266505,0.00002104,3089.00000000,1
1531212938368,1531212938364,1266506,0.00002104,4807.00000000,1
1531212958349,1531212958345,1266507,0.00002104,7.00000000,0
1531212998416,1531212998411,1266508,0.00002106,5682.00000000,0
1531212998428,1531212998424,1266509,0.00002104,2044.00000000,1
1531213008932,1531213008927,1266510,0.00002104,4769.00000000,1
1531213008947,1531213008942,1266511,0.00002104,4649.00000000,1
1531213042046,1531213042041,1266512,0.00002104,6430.00000000,1
1531213051954,1531213051950,1266513,0.00002104,3198.00000000,1
1531213086721,1531213086715,1266514,0.00002104,4732.00000000,1
1531213086735,1531213086731,1266515,0.00002104,5502.00000000,1
1531213107114,1531213107110,1266516,0.00002104,7059.00000000,1
1531213145772,1531213145768,1266517,0.00002104,6588.00000000,1
1531213145790,1531213145786,1266518,0.00002104,3012.00000000,1
1531213156205,1531213156201,1266519,0.00002104,3844.00000000,1
1531213156223,1531213156218,1266520,0.00002104,5036.00000000,1
1531213157026,1531213157022,1266521,0.00002106,51.00000000,1
1531213178192,1531213178186,1266522,0.00002104,3372.00000000,1
1531213178211,1531213178208,1266523,0.00002104,2783.00000000,1
1531213197915,1531213197910,1266524,0.00002106,4417.00000000,0
1531213197924,1531213197920,1266525,0.00002104,2375.00000000,1
1531213236696,1531213236692,1266526,0.00002104,742.00000000,1
1531213246345,1531213246339,1266527,0.00002104,1805.00000000,1
1531213246376,1531213246370,1266528,0.00002104,7121.00000000,1
1531213281679,1531213281674,1266529,0.00002105,7075.00000000,1
1531213281708,1531213281703,1266530,0.00002105,3283.00000000,1
1531213294137,1531213294133,1266531,0.00002109,382.00000000,0
1531213307944,1531213307938,1266532,0.00002109,5.00000000,1
1531213330406,1531213330402,1266533,0.00002109,4.00000000,1
1531213449191,1531213449187,1266534,0.00002109,13.00000000,1
1531213472164,1531213472159,1266535,0.00002104,48.00000000,1
1531213490220,1531213490216,1266536,0.00002107,7057.00000000,0
1531213490229,1531213490225,1266537,0.00002105,4010.00000000,1
1531213518987,1531213518981,1266538,0.00002105,6869.00000000,1
1531213519009,1531213519004,1266539,0.00002105,2762.00000000,1
1531213536960,1531213536956,1266540,0.00002105,4385.00000000,1
1531213536977,1531213536973,1266541,0.00002105,4141.00000000,1
1531213538083,1531213538077,1266542,0.00002105,615.00000000,1
1531213545086,1531213545081,1266543,0.00002105,1377.00000000,0
1531213567311,1531213567307,1266544,0.00002105,6571.00000000,1
1531213567983,1531213567978,1266545,0.00002105,1037.00000000,1
1531213570079,1531213570075,1266546,0.00002104,137.00000000,1
1531213575299,1531213575296,1266547,0.00002105,2488.00000000,0
1531213590561,1531213590556,1266548,0.00002105,577.00000000,0
1531213594494,1531213594491,1266549,0.00002103,2.00000000,1
1531213598399,1531213598393,1266550,0.00002105,7206.00000000,0
1531213598419,1531213598415,1266551,0.00002105,2886.00000000,0
1531213621833,1531213621828,1266552,0.00002105,577.00000000,1
1531213653464,1531213653458,1266553,0.00002104,51.00000000,0
1531213656168,1531213656163,1266554,0.00002103,247.00000000,1
1531213656183,1531213656177,1266555,0.00002103,6584.00000000,0
1531213656195,1531213656191,1266556,0.00002104,3875.00000000,0
1531213656206,1531213656201,1266557,0.00002105,2886.00000000,0
1531213656255,1531213656251,1266558,0.00002105,247.00000000,1
1531213666991,1531213666987,1266559,0.00002105,330.00000000,1
1531213679928,1531213679923,1266560,0.00002103,1237.00000000,0
1531213679943,1531213679939,1266561,0.00002105,7805.00000000,0
1531213679958,1531213679955,1266562,0.00002105,1926.00000000,0
1531213701747,1531213701742,1266563,0.00002105,7219.00000000,0
1531213726199,1531213726195,1266564,0.00002103,5754.00000000,0
1531213726207,1531213726202,1266565,0.00002105,1445.00000000,0
1531213726221,1531213726218,1266566,0.00002105,3773.00000000,0
1531213762516,1531213762510,1266567,0.00002102,7043.00000000,1
1531213770321,1531213770318,1266568,0.00002104,1766.00000000,0
1531213770330,1531213770327,1266569,0.00002102,1523.00000000,1
1531213784119,1531213784115,1266570,0.00002106,51.00000000,0
1531213792444,1531213792439,1266571,0.00002102,322.00000000,1
1531213825092,1531213825087,1266572,0.00002102,4616.00000000,1
1531213826096,1531213826092,1266573,0.00002106,847.00000000,0
1531213826781,1531213826774,1266574,0.00002106,475.00000000,0
1531213852117,1531213852111,1266575,0.00002102,51.00000000,1
1531213852398,1531213852394,1266576,0.00002102,3045.00000000,1
1531213869752,1531213869746,1266577,0.00002101,192.00000000,1
1531213869768,1531213869764,1266578,0.00002101,6755.00000000,0
1531213869779,1531213869773,1266579,0.00002102,51.00000000,0
1531213897079,1531213897075,1266580,0.00002103,7682.00000000,1
1531213897101,1531213897095,1266581,0.00002102,3045.00000000,1
1531213897121,1531213897117,1266582,0.00002101,192.00000000,1
1531213897292,1531213897287,1266583,0.00002101,1428.00000000,0
1531213897303,1531213897299,1266584,0.00002101,1428.00000000,0
1531213900137,1531213900132,1266585,0.00002101,1428.00000000,0
1531213901187,1531213901182,1266586,0.00002101,476.00000000,0
1531213903143,1531213903138,1266587,0.00002101,476.00000000,0
1531213906145,1531213906140,1266588,0.00002101,476.00000000,0
1531213906510,1531213906507,1266589,0.00002101,476.00000000,0
1531213919859,1531213919855,1266590,0.00002100,448.00000000,1
1531213919892,1531213919889,1266591,0.00002101,567.00000000,0
1531213941671,1531213941665,1266592,0.00002104,2732.00000000,0
1531213941686,1531213941680,1266593,0.00002102,396.00000000,1
1531213941699,1531213941695,1266594,0.00002102,2009.00000000,1
1531213941714,1531213941710,1266595,0.00002101,6380.00000000,1
1531213941728,1531213941724,1266596,0.00002100,448.00000000,1
1531213963526,1531213963520,1266597,0.00002100,533.00000000,1
1531213963545,1531213963541,1266598,0.00002100,4650.00000000,0
1531213963553,1531213963549,1266599,0.00002101,567.00000000,0
1531213971111,1531213971105,1266600,0.00002101,936.00000000,1
1531213982637,1531213982631,1266601,0.00002102,476.00000000,1
1531213986379,1531213986375,1266602,0.00002104,1592.00000000,0
1531213986392,1531213986387,1266603,0.00002102,3757.00000000,1
1531213986414,1531213986409,1266604,0.00002102,1116.00000000,1
1531213986434,1531213986430,1266605,0.00002101,5444.00000000,1
1531213986452,1531213986448,1266606,0.00002100,533.00000000,1
1531213992061,1531213992058,1266607,0.00002100,250.00000000,0
1531213998296,1531213998291,1266608,0.00002099,200.00000000,1
1531213998314,1531213998310,1266609,0.00002099,2878.00000000,0
1531213998324,1531213998320,1266610,0.00002100,4400.00000000,0
1531214003432,1531214003428,1266611,0.00002100,124.00000000,1
1531214008183,1531214008179,1266612,0.00002100,4.00000000,1
1531214016284,1531214016280,1266613,0.00002103,123.00000000,0
1531214016296,1531214016290,1266614,0.00002101,48.00000000,1
1531214016312,1531214016307,1266615,0.00002100,655.00000000,1
1531214016332,1531214016328,1266616,0.00002099,200.00000000,1
1531214046352,1531214046348,1266617,0.00002098,2859.00000000,1
1531214046366,1531214046363,1266618,0.00002098,1335.00000000,0
1531214046380,1531214046376,1266619,0.00002098,476.00000000,1
1531214046398,1531214046394,1266620,0.00002098,2383.00000000,1
1531214046416,1531214046412,1266621,0.00002099,2878.00000000,0
1531214046438,1531214046434,1266622,0.00002100,4528.00000000,0
1531214049021,1531214049018,1266623,0.00002100,655.00000000,1
1531214078017,1531214078012,1266624,0.00002099,7248.00000000,1
1531214078028,1531214078024,1266625,0.00002099,1213.00000000,1
1531214100649,1531214100644,1266626,0.00002100,1489.00000000,1
1531214105115,1531214105111,1266627,0.00002100,496.00000000,1
1531214107325,1531214107320,1266628,0.00002100,5647.00000000,1
1531214107352,1531214107347,1266629,0.00002100,2777.00000000,1
1531214132063,1531214132059,1266630,0.00002097,4580.00000000,1
1531214132087,1531214132083,1266631,0.00002097,2072.00000000,1
1531214132112,1531214132108,1266632,0.00002100,1985.00000000,0
1531214150747,1531214150743,1266633,0.00002103,4510.00000000,0
1531214150760,1531214150755,1266634,0.00002101,2563.00000000,1
1531214150771,1531214150768,1266635,0.00002100,2777.00000000,1
1531214167599,1531214167595,1266636,0.00002097,7859.00000000,1
1531214167621,1531214167617,1266637,0.00002097,3616.00000000,1
1531214195858,1531214195854,1266638,0.00002097,4834.00000000,1
1531214219017,1531214219012,1266639,0.00002097,3266.00000000,1
1531214220112,1531214220108,1266640,0.00002096,3.00000000,1
1531214258397,1531214258393,1266641,0.00002098,419.00000000,0
1531214258405,1531214258400,1266642,0.00002097,323.00000000,1
1531214283757,1531214283752,1266643,0.00002097,7791.00000000,1
1531214315913,1531214315909,1266644,0.00002098,4848.00000000,0
1531214315931,1531214315928,1266645,0.00002097,427.00000000,1
1531214315951,1531214315947,1266646,0.00002097,1909.00000000,1
1531214329550,1531214329546,1266647,0.00002098,2448.00000000,1
1531214329563,1531214329558,1266648,0.00002098,4464.00000000,1
1531214346533,1531214346530,1266649,0.00002098,1857.00000000,1
1531214346546,1531214346542,1266650,0.00002098,3015.00000000,1
1531214359150,1531214359147,1266651,0.00002098,51.00000000,0
1531214410665,1531214410662,1266652,0.00002098,1000.00000000,0
1531214424234,1531214424228,1266653,0.00002097,93.00000000,1
1531214424234,1531214424228,1266654,0.00002095,469.00000000,1
1531214424234,1531214424228,1266655,0.00002094,45.00000000,1
1531214452086,1531214452081,1266656,0.00002095,4651.00000000,1
1531214452099,1531214452096,1266657,0.00002095,6753.00000000,1
1531214479286,1531214479282,1266658,0.00002095,982.00000000,1
1531214479286,1531214479282,1266659,0.00002095,554.00000000,0
1531214479286,1531214479282,1266660,0.00002097,1272.00000000,0
1531214488856,1531214488853,1266661,0.00002094,3036.00000000,1
1531214497609,1531214497605,1266662,0.00002094,1084.00000000,1
1531214497609,1531214497605,1266663,0.00002093,465.00000000,1
1531214512308,1531214512304,1266664,0.00002094,4254.00000000,1
1531214512321,1531214512316,1266665,0.00002094,6040.00000000,0
1531214512335,1531214512331,1266666,0.00002094,4254.00000000,1
1531214512352,1531214512348,1266667,0.00002095,982.00000000,0
1531214512368,1531214512364,1266668,0.00002097,554.00000000,0
1531214514358,1531214514352,1266669,0.00002097,1272.00000000,1
1531214514358,1531214514352,1266670,0.00002093,1286.00000000,1
1531214514358,1531214514352,1266671,0.00002092,9469.00000000,1
1531214535842,1531214535840,1266672,0.00002092,6344.00000000,1
1531214538266,1531214538261,1266673,0.00002092,50.00000000,0
1531214539570,1531214539566,1266674,0.00002091,97.00000000,1
1531214540112,1531214540108,1266675,0.00002092,586.00000000,0
1531214544051,1531214544048,1266676,0.00002091,1335.00000000,1
1531214545291,1531214545287,1266677,0.00002090,80.00000000,1
1531214551064,1531214551060,1266678,0.00002090,1408.00000000,1
1531214566198,1531214566193,1266679,0.00002088,1553.00000000,1
1531214572628,1531214572623,1266680,0.00002088,1856.00000000,0
1531214572644,1531214572640,1266681,0.00002091,4072.00000000,0
1531214574006,1531214574002,1266682,0.00002086,58.00000000,1
1531214574825,1531214574820,1266683,0.00002086,998.00000000,1
1531214574825,1531214574820,1266684,0.00002085,2604.00000000,1
1531214599496,1531214599493,1266685,0.00002085,58.00000000,1
1531214600126,1531214600121,1266686,0.00002085,51.00000000,1
1531214605699,1531214605695,1266687,0.00002092,1460.00000000,0
1531214619254,1531214619250,1266688,0.00002086,146.00000000,1
1531214630282,1531214630277,1266689,0.00002089,2397.00000000,0
1531214630299,1531214630294,1266690,0.00002086,1061.00000000,1
1531214633838,1531214633834,1266691,0.00002085,18.00000000,1
1531214664891,1531214664886,1266692,0.00002087,52.00000000,1
1531214687120,1531214687117,1266693,0.00002087,8.00000000,1
1531214689116,1531214689112,1266694,0.00002086,240.00000000,1
1531214689116,1531214689112,1266695,0.00002085,1200.00000000,1
1531214708135,1531214708130,1266696,0.00002085,955.00000000,1
1531214710124,1531214710120,1266697,0.00002085,370.00000000,1
1531214710773,1531214710769,1266698,0.00002085,52.00000000,1
1531214732639,1531214732634,1266699,0.00002086,480.00000000,1
1531214735750,1531214735746,1266700,0.00002086,2694.00000000,1
1531214735769,1531214735766,1266701,0.00002086,1983.00000000,1
1531214741089,1531214741084,1266702,0.00002085,480.00000000,1
1531214744039,1531214744035,1266703,0.00002086,276.00000000,0
1531214751117,1531214751111,1266704,0.00002086,204.00000000,0
1531214752137,1531214752132,1266705,0.00002086,1440.00000000,1
1531214754905,1531214754902,1266706,0.00002090,110.00000000,0
1531214757477,1531214757473,1266707,0.00002086,480.00000000,1
1531214777833,1531214777827,1266708,0.00002086,480.00000000,1
1531214781153,1531214781149,1266709,0.00002086,480.00000000,1
1531214791620,1531214791616,1266710,0.00002086,36.00000000,1
1531214794438,1531214794434,1266711,0.00002086,655.00000000,1
1531214794438,1531214794434,1266712,0.00002085,476.00000000,1
1531214797919,1531214797916,1266713,0.00002086,1440.00000000,1
1531214802838,1531214802833,1266714,0.00002086,2084.00000000,1
1531214811201,1531214811197,1266715,0.00002085,1500.00000000,1
1531214811207,1531214811202,1266716,0.00002085,1500.00000000,1
1531214814061,1531214814057,1266717,0.00002085,1500.00000000,1
1531214817032,1531214817028,1266718,0.00002085,500.00000000,1
1531214820165,1531214820161,1266719,0.00002085,500.00000000,1
1531214826001,1531214825997,1266720,0.00002085,1456.00000000,1
1531214826032,1531214826027,1266721,0.00002086,1440.00000000,0
1531214826212,1531214826208,1266722,0.00002086,480.00000000,1
1531214828500,1531214828496,1266723,0.00002086,480.00000000,1
1531214833769,1531214833766,1266724,0.00002086,1124.00000000,1
1531214848705,1531214848702,1266725,0.00002085,480.00000000,1
1531214851269,1531214851265,1266726,0.00002085,482.00000000,1
1531214864920,1531214864914,1266727,0.00002086,2641.00000000,0
1531214872001,1531214871996,1266728,0.00002085,480.00000000,1
1531214874822,1531214874818,1266729,0.00002085,480.00000000,1
1531214875992,1531214875988,1266730,0.00002086,200.00000000,0
1531214907927,1531214907922,1266731,0.00002085,53.00000000,1
1531214923292,1531214923288,1266732,0.00002086,39.00000000,0
1531214926683,1531214926679,1266733,0.00002086,6.00000000,1
1531214927726,1531214927723,1266734,0.00002086,53.00000000,1
1531214934567,1531214934563,1266735,0.00002087,480.00000000,1
1531214934568,1531214934564,1266736,0.00002087,480.00000000,1
1531214942309,1531214942306,1266737,0.00002087,3766.00000000,1
1531214942329,1531214942324,1266738,0.00002087,1847.00000000,1
1531214948417,1531214948414,1266739,0.00002086,310.00000000,1
1531214977146,1531214977142,1266740,0.00002086,3950.00000000,1
1531214987171,1531214987166,1266741,0.00002090,3264.00000000,0
1531215020346,1531215020340,1266742,0.00002086,100.00000000,0
1531215020634,1531215020630,1266743,0.00002090,6423.00000000,0
1531215025097,1531215025092,1266744,0.00002086,100.00000000,0
1531215038031,1531215038027,1266745,0.00002090,6232.00000000,0
1531215038049,1531215038045,1266746,0.00002090,191.00000000,0
1531215053133,1531215053127,1266747,0.00002088,918.00000000,0
1531215053150,1531215053146,1266748,0.00002090,5505.00000000,0
1531215080520,1531215080515,1266749,0.00002090,4807.00000000,0
1531215097395,1531215097391,1266750,0.00002088,951.00000000,0
1531215097407,1531215097403,1266751,0.00002090,5472.00000000,0
1531215128437,1531215128432,1266752,0.00002090,5080.00000000,0
1531215128463,1531215128456,1266753,0.00002090,1343.00000000,0
1531215142410,1531215142406,1266754,0.00002087,2.00000000,1
1531215158276,1531215158272,1266755,0.00002087,2037.00000000,0
1531215158290,1531215158286,1266756,0.00002090,802.00000000,0
1531215176289,1531215176284,1266757,0.00002090,3694.00000000,0
1531215176316,1531215176312,1266758,0.00002090,2729.00000000,0
1531215200388,1531215200384,1266759,0.00002090,743.00000000,0
1531215200412,1531215200409,1266760,0.00002090,5680.00000000,0
1531215231690,1531215231685,1266761,0.00002090,1459.00000000,0
1531215231708,1531215231704,1266762,0.00002090,4964.00000000,0
1531215264389,1531215264384,1266763,0.00002087,1440.00000000,1
1531215264401,1531215264398,1266764,0.00002087,1440.00000000,1
1531215269847,1531215269843,1266765,0.00002087,105.00000000,1
1531215280099,1531215280093,1266766,0.00002086,300.00000000,1
1531215280099,1531215280093,1266767,0.00002085,180.00000000,1
1531215317580,1531215317574,1266768,0.00002090,2865.00000000,0
1531215317597,1531215317594,1266769,0.00002090,682.00000000,0
1531215335475,1531215335471,1266770,0.00002092,3543.00000000,0
1531215366004,1531215365999,1266771,0.00002090,3547.00000000,0
1531215400806,1531215400800,1266772,0.00002092,3543.00000000,0
1531215445815,1531215445811,1266773,0.00002090,3547.00000000,0
1531215473047,1531215473044,1266774,0.00002092,3543.00000000,0
1531215492786,1531215492782,1266775,0.00002092,2392.00000000,0
1531215492801,1531215492797,1266776,0.00002092,1151.00000000,0
1531215517965,1531215517961,1266777,0.00002092,2149.00000000,0
1531215577567,1531215577562,1266778,0.00002092,3543.00000000,0
1531215581513,1531215581509,1266779,0.00002093,36.00000000,0
1531215595994,1531215595989,1266780,0.00002088,1503.00000000,0
1531215596004,1531215595999,1266781,0.00002092,950.00000000,0
1531215596026,1531215596023,1266782,0.00002092,1093.00000000,0
1531215611860,1531215611855,1266783,0.00002085,34740.00000000,1
1531215618736,1531215618732,1266784,0.00002085,172.00000000,1
1531215618736,1531215618732,1266785,0.00002084,1512.00000000,1
1531215618736,1531215618732,1266786,0.00002081,11247.00000000,1
1531215618736,1531215618732,1266787,0.00002080,13330.00000000,1
1531215619530,1531215619526,1266788,0.00002085,232.00000000,0
1531215619905,1531215619901,1266789,0.00002085,288.00000000,0
1531215622011,1531215622008,1266790,0.00002080,12600.00000000,1
1531215624861,1531215624856,1266791,0.00002080,288.00000000,1
1531215624929,1531215624925,1266792,0.00002080,288.00000000,1
1531215625449,1531215625444,1266793,0.00002080,288.00000000,1
1531215625649,1531215625645,1266794,0.00002080,288.00000000,1
1531215625742,1531215625738,1266795,0.00002080,288.00000000,1
1531215625984,1531215625981,1266796,0.00002080,84422.00000000,1
1531215626003,1531215625999,1266797,0.00002080,288.00000000,1
1531215626389,1531215626385,1266798,0.00002080,288.00000000,1
1531215628033,1531215628031,1266799,0.00002080,3895.00000000,1
1531215629512,1531215629509,1266800,0.00002080,288.00000000,1
1531215629656,1531215629653,1266801,0.00002080,288.00000000,1
1531215632074,1531215632070,1266802,0.00002080,1211.00000000,1
1531215641584,1531215641580,1266803,0.00002081,1482.00000000,1
1531215641584,1531215641580,1266804,0.00002080,2956.00000000,1
1531215647327,1531215647322,1266805,0.00002080,172.00000000,1
1531215652940,1531215652937,1266806,0.00002089,23.00000000,0
1531215678208,1531215678204,1266807,0.00002081,252.00000000,1
1531215680092,1531215680087,1266808,0.00002081,481.00000000,0
1531215680166,1531215680162,1266809,0.00002080,1482.00000000,1
1531215687197,1531215687194,1266810,0.00002081,51.00000000,0
1531215689306,1531215689303,1266811,0.00002081,730.00000000,0
1531215710919,1531215710916,1266812,0.00002090,3547.00000000,0
1531215727255,1531215727250,1266813,0.00002087,1345.00000000,0
1531215729151,1531215729148,1266814,0.00002084,80.00000000,0
1531215729165,1531215729161,1266815,0.00002088,3470.00000000,0
1531215753308,1531215753304,1266816,0.00002086,51.00000000,0
1531215757045,1531215757041,1266817,0.00002086,3503.00000000,0
1531215765910,1531215765905,1266818,0.00002083,182.00000000,1
1531215765910,1531215765905,1266819,0.00002082,2132.00000000,1
1531215765910,1531215765905,1266820,0.00002080,76119.00000000,1
1531215766160,1531215766156,1266821,0.00002078,1010.00000000,1
1531215766191,1531215766188,1266822,0.00002080,309.00000000,0
1531215767841,1531215767836,1266823,0.00002079,594.00000000,0
1531215769171,1531215769168,1266824,0.00002079,1443.00000000,0
1531215769439,1531215769435,1266825,0.00002079,305.00000000,0
1531215769938,1531215769934,1266826,0.00002078,1248.00000000,0
1531215770156,1531215770152,1266827,0.00002077,64.00000000,1
1531215771188,1531215771184,1266828,0.00002078,577.00000000,0
1531215771856,1531215771852,1266829,0.00002077,130.00000000,0
1531215772113,1531215772110,1266830,0.00002077,177.00000000,0
1531215772113,1531215772110,1266831,0.00002078,1.00000000,0
1531215772187,1531215772183,1266832,0.00002079,1443.00000000,0
1531215775148,1531215775145,1266833,0.00002077,177.00000000,1
1531215776397,1531215776394,1266834,0.00002079,1443.00000000,0
1531215779100,1531215779096,1266835,0.00002079,1443.00000000,0
1531215780125,1531215780121,1266836,0.00002079,1442.00000000,0
1531215786570,1531215786567,1266837,0.00002078,441.00000000,0
1531215787933,1531215787926,1266838,0.00002075,58.00000000,1
1531215787933,1531215787926,1266839,0.00002075,93.00000000,1
1531215789401,1531215789397,1266840,0.00002078,481.00000000,0
1531215795469,1531215795465,1266841,0.00002077,1444.00000000,0
1531215795630,1531215795627,1266842,0.00002077,1444.00000000,0
1531215798131,1531215798127,1266843,0.00002077,481.00000000,0
1531215800253,1531215800250,1266844,0.00002077,3872.00000000,0
1531215801242,1531215801239,1266845,0.00002077,94.00000000,1
1531215802846,1531215802840,1266846,0.00002077,1275.00000000,1
1531215817675,1531215817672,1266847,0.00002076,593.00000000,0
1531215819401,1531215819398,1266848,0.00002076,1782.00000000,0
1531215819462,1531215819459,1266849,0.00002076,100.00000000,0
1531215819489,1531215819485,1266850,0.00002076,99.00000000,0
1531215823590,1531215823587,1266851,0.00002076,6671.00000000,0
1531215824171,1531215824166,1266852,0.00002077,506.00000000,0
1531215835611,1531215835608,1266853,0.00002078,66.00000000,0
1531215835709,1531215835704,1266854,0.00002078,186.00000000,0
1531215835709,1531215835704,1266855,0.00002079,105.00000000,0
1531215839458,1531215839454,1266856,0.00002079,54.00000000,0
1531215860785,1531215860781,1266857,0.00002076,912.00000000,1
1531215860805,1531215860800,1266858,0.00002076,3095.00000000,0
1531215860817,1531215860813,1266859,0.00002076,912.00000000,1
1531215863213,1531215863208,1266860,0.00002076,482.00000000,0
1531215863805,1531215863802,1266861,0.00002075,44.00000000,1
1531215863821,1531215863816,1266862,0.00002076,482.00000000,0
1531215867851,1531215867847,1266863,0.00002070,295.00000000,1
1531215867881,1531215867878,1266864,0.00002070,317.00000000,1
1531215867904,1531215867900,1266865,0.00002070,295.00000000,1
1531215868123,1531215868118,1266866,0.00002070,2256.00000000,1
1531215869089,1531215869086,1266867,0.00002070,145.00000000,1
1531215869168,1531215869164,1266868,0.00002070,145.00000000,1
1531215871302,1531215871297,1266869,0.00002076,596.00000000,0
1531215881195,1531215881192,1266870,0.00002076,51.00000000,0
1531215885649,1531215885643,1266871,0.00002076,440.00000000,0
1531215886054,1531215886050,1266872,0.00002076,514.00000000,0
1531215892017,1531215892014,1266873,0.00002071,6539.00000000,1
1531215905087,1531215905082,1266874,0.00002075,210.00000000,0
1531215912920,1531215912916,1266875,0.00002070,242.00000000,1
1531215920794,1531215920789,1266876,0.00002072,38.00000000,0
1531215921242,1531215921238,1266877,0.00002071,2653.00000000,1
1531215921274,1531215921269,1266878,0.00002071,5571.00000000,1
1531215921294,1531215921289,1266879,0.00002071,1070.00000000,1
1531215926141,1531215926138,1266880,0.00002072,51.00000000,0
1531215935511,1531215935505,1266881,0.00002072,56.00000000,0
1531215937415,1531215937412,1266882,0.00002071,3892.00000000,1
1531215937434,1531215937430,1266883,0.00002071,7158.00000000,1
1531215942565,1531215942561,1266884,0.00002077,48.00000000,0
1531215942637,1531215942634,1266885,0.00002077,33.00000000,0
1531215942687,1531215942683,1266886,0.00002077,14.00000000,0
1531215951477,1531215951473,1266887,0.00002070,49.00000000,1
1531215983013,1531215983010,1266888,0.00002071,362.00000000,1
1531215983035,1531215983031,1266889,0.00002071,4306.00000000,1
1531216026627,1531216026621,1266890,0.00002074,6952.00000000,0
1531216026643,1531216026638,1266891,0.00002071,3950.00000000,1
1531216055246,1531216055242,1266892,0.00002071,4693.00000000,1
1531216055262,1531216055257,1266893,0.00002071,2669.00000000,1
1531216094072,1531216094066,1266894,0.00002071,3056.00000000,1
1531216094072,1531216094066,1266895,0.00002070,1470.00000000,1
1531216094072,1531216094066,1266896,0.00002069,867.00000000,1
1531216094086,1531216094083,1266897,0.00002069,5393.00000000,1
1531216131105,1531216131099,1266898,0.00002077,4697.00000000,0
1531216131115,1531216131109,1266899,0.00002074,2581.00000000,1
1531216252678,1531216252675,1266900,0.00002077,3446.00000000,0
1531216252692,1531216252687,1266901,0.00002074,5170.00000000,1
1531216252714,1531216252711,1266902,0.00002074,2209.00000000,1
1531216292688,1531216292683,1266903,0.00002072,51.00000000,1
1531216311352,1531216311349,1266904,0.00002070,7909.00000000,1
1531216330603,1531216330598,1266905,0.00002074,2961.00000000,0
1531216330619,1531216330616,1266906,0.00002070,2915.00000000,1
1531216330629,1531216330624,1266907,0.00002070,2001.00000000,1
1531216357369,1531216357364,1266908,0.00002073,2992.00000000,0
1531216357381,1531216357378,1266909,0.00002070,1160.00000000,1
1531216374802,1531216374798,1266910,0.00002071,7150.00000000,1
1531216374808,1531216374803,1266911,0.00002073,317.00000000,0
1531216374814,1531216374811,1266912,0.00002073,1144.00000000,0
1531216374817,1531216374814,1266913,0.00002071,5984.00000000,1
1531216374853,1531216374849,1266914,0.00002073,2303.00000000,0
1531216416741,1531216416737,1266915,0.00002073,1710.00000000,0
1531216416755,1531216416751,1266916,0.00002071,950.00000000,1
1531216438284,1531216438280,1266917,0.00002073,3987.00000000,0
1531216438301,1531216438295,1266918,0.00002071,6257.00000000,1
1531216438319,1531216438315,1266919,0.00002071,1846.00000000,1
1531216443944,1531216443937,1266920,0.00002076,51.00000000,0
1531216443944,1531216443937,1266921,0.00002077,728.00000000,0
1531216450393,1531216450389,1266922,0.00002070,193.00000000,1
1531216451169,1531216451165,1266923,0.00002069,428.00000000,1
1531216477848,1531216477842,1266924,0.00002073,4656.00000000,0
1531216477859,1531216477856,1266925,0.00002070,3279.00000000,1
1531216503958,1531216503954,1266926,0.00002073,6853.00000000,0
1531216503971,1531216503968,1266927,0.00002070,5439.00000000,1
1531216522328,1531216522325,1266928,0.00002070,6232.00000000,1
1531216522348,1531216522345,1266929,0.00002070,2032.00000000,1
1531216549016,1531216549012,1266930,0.00002073,8815.00000000,0
1531216549027,1531216549024,1266931,0.00002070,6011.00000000,1
1531216549051,1531216549046,1266932,0.00002070,3314.00000000,1
1531216582932,1531216582927,1266933,0.00002070,5212.00000000,1
1531216610413,1531216610409,1266934,0.00002073,1789.00000000,0
1531216610428,1531216610424,1266935,0.00002070,5307.00000000,1
1531216610445,1531216610440,1266936,0.00002070,613.00000000,1
1531216625788,1531216625784,1266937,0.00002073,9167.00000000,0
1531216625803,1531216625799,1266938,0.00002070,4929.00000000,1
1531216647802,1531216647798,1266939,0.00002070,26.00000000,1
1531216651259,1531216651256,1266940,0.00002070,2608.00000000,1
1531216651284,1531216651281,1266941,0.00002070,5754.00000000,1
1531216667112,1531216667108,1266942,0.00002070,26.00000000,0
1531216670654,1531216670650,1266943,0.00002076,1.00000000,0
1531216672172,1531216672168,1266944,0.00002076,54.00000000,0
1531216700201,1531216700197,1266945,0.00002070,4327.00000000,1
1531216700216,1531216700211,1266946,0.00002070,3962.00000000,1
1531216715560,1531216715556,1266947,0.00002073,5467.00000000,0
1531216715572,1531216715567,1266948,0.00002070,5257.00000000,1
1531216728130,1531216728124,1266949,0.00002074,200.00000000,1
1531216728130,1531216728124,1266950,0.00002069,636.00000000,1
1531216728130,1531216728124,1266951,0.00002067,4175.00000000,1
1531216729972,1531216729968,1266952,0.00002073,105.00000000,0
1531216730065,1531216730061,1266953,0.00002071,56.00000000,0
1531216730065,1531216730061,1266954,0.00002073,693.00000000,0
1531216733310,1531216733307,1266955,0.00002072,105.00000000,0
1531216741474,1531216741470,1266956,0.00002070,146.00000000,0
1531216741488,1531216741483,1266957,0.00002068,4799.00000000,1
1531216741510,1531216741506,1266958,0.00002068,122.00000000,1
1531216743350,1531216743344,1266959,0.00002067,690.00000000,1
1531216754394,1531216754390,1266960,0.00002068,350.00000000,0
1531216758060,1531216758055,1266961,0.00002067,95.00000000,1
1531216780027,1531216780024,1266962,0.00002067,147.00000000,1
1531216782234,1531216782229,1266963,0.00002068,366.00000000,0
1531216789255,1531216789251,1266964,0.00002070,9093.00000000,0
1531216789269,1531216789264,1266965,0.00002068,2891.00000000,1
1531216789297,1531216789291,1266966,0.00002068,6144.00000000,1
1531216796355,1531216796349,1266967,0.00002067,268.00000000,1
1531216815401,1531216815398,1266968,0.00002069,242.00000000,0
1531216817139,1531216817135,1266969,0.00002070,483.00000000,0
1531216822946,1531216822941,1266970,0.00002069,11669.00000000,0
1531216822957,1531216822953,1266971,0.00002068,455.00000000,1
1531216822984,1531216822979,1266972,0.00002068,4228.00000000,1
1531216843582,1531216843578,1266973,0.00002068,4854.00000000,1
1531216843599,1531216843596,1266974,0.00002068,4299.00000000,1
1531216882087,1531216882083,1266975,0.00002069,2131.00000000,0
1531216882106,1531216882101,1266976,0.00002068,7408.00000000,1
1531216882127,1531216882124,1266977,0.00002068,1225.00000000,1
1531216889889,1531216889884,1266978,0.00002068,6657.00000000,1
1531216927170,1531216927167,1266979,0.00002069,4395.00000000,0
1531216927187,1531216927183,1266980,0.00002068,3375.00000000,1
1531216927289,1531216927286,1266981,0.00002068,2648.00000000,1
1531216952150,1531216952147,1266982,0.00002068,6306.00000000,1
1531216971207,1531216971204,1266983,0.00002068,6167.00000000,1
1531216999955,1531216999951,1266984,0.00002069,4377.00000000,1
1531217002799,1531217002794,1266985,0.00002069,6870.00000000,1
1531217016481,1531217016477,1266986,0.00002069,3.00000000,0
1531217029649,1531217029645,1266987,0.00002069,5.00000000,0
1531217046737,1531217046732,1266988,0.00002068,500.00000000,1
1531217046755,1531217046751,1266989,0.00002068,8073.00000000,0
1531217046769,1531217046765,1266990,0.00002069,99.00000000,0
1531217054070,1531217054066,1266991,0.00002069,6878.00000000,1
1531217054089,1531217054086,1266992,0.00002069,478.00000000,0
1531217054109,1531217054103,1266993,0.00002069,6878.00000000,1
1531217054124,1531217054120,1266994,0.00002068,500.00000000,1
1531217058629,1531217058624,1266995,0.00002068,1796.00000000,0
1531217062212,1531217062208,1266996,0.00002068,1796.00000000,0
1531217062767,1531217062763,1266997,0.00002068,484.00000000,0
1531217066531,1531217066526,1266998,0.00002068,1796.00000000,0
1531217070991,1531217070986,1266999,0.00002068,484.00000000,0
1531217076845,1531217076840,1267000,0.00002068,2486.00000000,0
1531217084559,1531217084555,1267001,0.00002075,22.00000000,0
1531217107434,1531217107429,1267002,0.00002072,6348.00000000,0
1531217107445,1531217107441,1267003,0.00002069,3607.00000000,1
1531217107468,1531217107464,1267004,0.00002068,7218.00000000,1
1531217107658,1531217107654,1267005,0.00002068,484.00000000,0
1531217107660,1531217107655,1267006,0.00002068,484.00000000,0
1531217108249,1531217108244,1267007,0.00002068,387.00000000,0
1531217118956,1531217118953,1267008,0.00002068,113.00000000,1
1531217118956,1531217118953,1267009,0.00002067,887.00000000,1
1531217136399,1531217136396,1267010,0.00002069,5987.00000000,1
1531217136412,1531217136407,1267011,0.00002069,4410.00000000,1
1531217162958,1531217162953,1267012,0.00002072,3102.00000000,0
1531217162972,1531217162969,1267013,0.00002069,1231.00000000,1
1531217181010,1531217181006,1267014,0.00002069,3909.00000000,1
1531217181032,1531217181026,1267015,0.00002069,1712.00000000,1
1531217201766,1531217201761,1267016,0.00002069,6723.00000000,1
1531217201777,1531217201773,1267017,0.00002069,6918.00000000,1
1531217240610,1531217240605,1267018,0.00002072,7679.00000000,0
1531217240622,1531217240618,1267019,0.00002069,3339.00000000,1
1531217249712,1531217249708,1267020,0.00002076,1.00000000,0
1531217265288,1531217265284,1267021,0.00002072,10999.00000000,0
1531217265302,1531217265296,1267022,0.00002069,4044.00000000,1
1531217302796,1531217302793,1267023,0.00002069,7529.00000000,1
1531217302813,1531217302810,1267024,0.00002069,7675.00000000,1
1531217321883,1531217321879,1267025,0.00002068,175.00000000,1
1531217333111,1531217333105,1267026,0.00002069,2832.00000000,1
1531217345713,1531217345710,1267027,0.00002075,3.00000000,0
1531217362307,1531217362304,1267028,0.00002069,6692.00000000,1
1531217369980,1531217369976,1267029,0.00002072,1119.00000000,0
1531217370002,1531217369996,1267030,0.00002072,191.00000000,1
1531217370002,1531217369996,1267031,0.00002069,243.00000000,1
1531217390836,1531217390831,1267032,0.00002072,5147.00000000,0
1531217390856,1531217390852,1267033,0.00002069,5158.00000000,1
1531217390871,1531217390867,1267034,0.00002069,2892.00000000,1
1531217420304,1531217420300,1267035,0.00002072,3088.00000000,0
1531217420319,1531217420315,1267036,0.00002070,1592.00000000,1
1531217437855,1531217437851,1267037,0.00002071,8127.00000000,0
1531217437871,1531217437866,1267038,0.00002070,3304.00000000,1
1531217467913,1531217467909,1267039,0.00002070,7994.00000000,1
1531217467928,1531217467924,1267040,0.00002070,7787.00000000,1
1531217468070,1531217468067,1267041,0.00002069,1517.00000000,1
1531217479369,1531217479364,1267042,0.00002073,388.00000000,0
1531217479369,1531217479364,1267043,0.00002074,386.00000000,0
1531217479757,1531217479752,1267044,0.00002069,300.00000000,1
1531217484103,1531217484098,1267045,0.00002076,431.00000000,0
1531217484103,1531217484098,1267046,0.00002077,1013.00000000,0
1531217484313,1531217484309,1267047,0.00002077,431.00000000,0
1531217500893,1531217500888,1267048,0.00002072,8540.00000000,1
1531217500893,1531217500888,1267049,0.00002071,472.00000000,1
1531217500944,1531217500938,1267050,0.00002069,33.00000000,1
1531217501067,1531217501062,1267051,0.00002070,483.00000000,0
1531217501272,1531217501267,1267052,0.00002070,719.00000000,0
1531217501272,1531217501267,1267053,0.00002077,232.00000000,0
1531217501395,1531217501391,1267054,0.00002069,48.00000000,1
1531217502059,1531217502054,1267055,0.00002069,24.00000000,1
1531217503241,1531217503237,1267056,0.00002077,1776.00000000,0
1531217541200,1531217541196,1267057,0.00002069,7025.00000000,1
1531217541217,1531217541213,1267058,0.00002069,286.00000000,1
1531217556728,1531217556724,1267059,0.00002070,7494.00000000,1
1531217556751,1531217556746,1267060,0.00002070,2916.00000000,1
1531217600629,1531217600625,1267061,0.00002071,2501.00000000,1
1531217614360,1531217614356,1267062,0.00002075,104.00000000,0
1531217614360,1531217614356,1267063,0.00002076,377.00000000,0
1531217618467,1531217618462,1267064,0.00002071,1197.00000000,1
1531217618487,1531217618483,1267065,0.00002071,5983.00000000,1
1531217632521,1531217632516,1267066,0.00002071,1944.00000000,1
1531217632547,1531217632543,1267067,0.00002071,5731.00000000,1
1531217660690,1531217660685,1267068,0.00002077,1.00000000,0
1531217660928,1531217660923,1267069,0.00002077,2320.00000000,0
1531217661408,1531217661404,1267070,0.00002076,8356.00000000,0
1531217661418,1531217661413,1267071,0.00002071,4445.00000000,1
1531217699096,1531217699092,1267072,0.00002082,145.00000000,0
1531217699096,1531217699092,1267073,0.00002083,103.00000000,0
1531217699096,1531217699092,1267074,0.00002084,232.00000000,0
1531217727215,1531217727211,1267075,0.00002087,96.00000000,0
1531217781820,1531217781816,1267076,0.00002080,5705.00000000,1
1531217803065,1531217803060,1267077,0.00002077,3093.00000000,0
1531217803077,1531217803073,1267078,0.00002074,2242.00000000,1
1531217814311,1531217814307,1267079,0.00002075,304.00000000,1
1531217815315,1531217815311,1267080,0.00002074,181.00000000,0
1531217815389,1531217815384,1267081,0.00002086,181.00000000,0
1531217859708,1531217859704,1267082,0.00002082,258.00000000,0
1531217861780,1531217861776,1267083,0.00002074,3370.00000000,1
1531217869140,1531217869135,1267084,0.00002071,46.00000000,1
1531217892261,1531217892257,1267085,0.00002084,1.00000000,0
1531217910389,1531217910386,1267086,0.00002084,300.00000000,0
1531217935197,1531217935191,1267087,0.00002084,3686.00000000,0
1531217935197,1531217935191,1267088,0.00002085,547.00000000,0
1531217958738,1531217958735,1267089,0.00002084,3412.00000000,0
1531217958748,1531217958744,1267090,0.00002082,1146.00000000,1
1531217958763,1531217958760,1267091,0.00002082,2942.00000000,1
1531217982981,1531217982977,1267092,0.00002084,479.00000000,0
1531217991902,1531217991899,1267093,0.00002077,7414.00000000,1
1531217991924,1531217991920,1267094,0.00002077,3974.00000000,1
1531218034264,1531218034260,1267095,0.00002084,6.00000000,0
1531218039426,1531218039419,1267096,0.00002084,270.00000000,1
1531218050546,1531218050542,1267097,0.00002086,50.00000000,0
1531218069581,1531218069577,1267098,0.00002086,37.00000000,0
1531218104671,1531218104667,1267099,0.00002082,1170.00000000,0
1531218104688,1531218104684,1267100,0.00002079,900.00000000,1
1531218118784,1531218118780,1267101,0.00002086,1.00000000,0
1531218144864,1531218144859,1267102,0.00002086,1319.00000000,0
1531218160164,1531218160157,1267103,0.00002086,2654.00000000,0
1531218160173,1531218160168,1267104,0.00002086,1679.00000000,0
1531218160184,1531218160180,1267105,0.00002086,1960.00000000,0
1531218163419,1531218163415,1267106,0.00002077,1679.00000000,1
1531218163887,1531218163883,1267107,0.00002085,1549.00000000,0
1531218227870,1531218227864,1267108,0.00002077,6330.00000000,1
1531218276518,1531218276514,1267109,0.00002077,7342.00000000,1
1531218324484,1531218324479,1267110,0.00002077,191.00000000,1
1531218351239,1531218351233,1267111,0.00002083,2658.00000000,0
1531218351251,1531218351247,1267112,0.00002081,1621.00000000,1
1531218355927,1531218355922,1267113,0.00002080,347.00000000,1
1531218380792,1531218380788,1267114,0.00002083,974.00000000,0
1531218380805,1531218380800,1267115,0.00002081,7820.00000000,1
1531218380825,1531218380820,1267116,0.00002081,343.00000000,1
1531218397454,1531218397449,1267117,0.00002081,2998.00000000,1
1531218397470,1531218397466,1267118,0.00002081,2041.00000000,1
1531218409447,1531218409443,1267119,0.00002080,3.00000000,1
1531218423066,1531218423063,1267120,0.00002081,6706.00000000,1
1531218423087,1531218423081,1267121,0.00002081,2423.00000000,1
1531218440921,1531218440917,1267122,0.00002081,4164.00000000,1
1531218441585,1531218441579,1267123,0.00002085,1.00000000,0
1531218463887,1531218463881,1267124,0.00002081,4675.00000000,1
1531218463904,1531218463898,1267125,0.00002081,4804.00000000,1
1531218486394,1531218486389,1267126,0.00002083,1129.00000000,0
1531218486413,1531218486409,1267127,0.00002081,431.00000000,1
1531218512049,1531218512043,1267128,0.00002081,2638.00000000,1
1531218512067,1531218512063,1267129,0.00002081,6586.00000000,1
1531218548387,1531218548383,1267130,0.00002081,6914.00000000,1
1531218574577,1531218574572,1267131,0.00002083,6655.00000000,0
1531218574589,1531218574584,1267132,0.00002081,2820.00000000,1
1531218590327,1531218590321,1267133,0.00002081,1170.00000000,1
1531218607495,1531218607491,1267134,0.00002081,2040.00000000,1
1531218607521,1531218607518,1267135,0.00002081,7257.00000000,1
1531218609186,1531218609180,1267136,0.00002085,107.00000000,0
1531218615488,1531218615482,1267137,0.00002080,2.00000000,1
1531218638496,1531218638490,1267138,0.00002083,876.00000000,0
1531218638505,1531218638501,1267139,0.00002081,6874.00000000,1
1531218638532,1531218638526,1267140,0.00002081,378.00000000,1
1531218648004,1531218648000,1267141,0.00002081,5313.00000000,1
1531218665604,1531218665599,1267142,0.00002081,3722.00000000,1
1531218694207,1531218694201,1267143,0.00002083,3842.00000000,0
1531218694219,1531218694213,1267144,0.00002081,3228.00000000,1
1531218694234,1531218694230,1267145,0.00002081,3202.00000000,1
1531218711037,1531218711034,1267146,0.00002081,7490.00000000,1
1531218711048,1531218711043,1267147,0.00002081,3050.00000000,1
1531218740569,1531218740564,1267148,0.00002081,7.00000000,1
1531218744014,1531218744010,1267149,0.00002081,7790.00000000,1
1531218744038,1531218744032,1267150,0.00002081,2798.00000000,1
1531218747335,1531218747329,1267151,0.00002080,1.00000000,1
1531218772045,1531218772039,1267152,0.00002081,7.00000000,0
1531218772045,1531218772039,1267153,0.00002085,303.00000000,0
1531218772449,1531218772445,1267154,0.00002085,258.00000000,1
1531218782846,1531218782840,1267155,0.00002081,2185.00000000,1
1531218782865,1531218782861,1267156,0.00002081,2753.00000000,1
1531218801224,1531218801219,1267157,0.00002081,3201.00000000,1
1531218834407,1531218834403,1267158,0.00002081,7145.00000000,1
1531218834430,1531218834425,1267159,0.00002081,3154.00000000,1
1531218846609,1531218846606,1267160,0.00002081,135.00000000,0
1531218860739,1531218860734,1267161,0.00002081,3623.00000000,1
1531218860755,1531218860752,1267162,0.00002081,7088.00000000,1
1531218875134,1531218875129,1267163,0.00002080,1200.00000000,1
1531218883931,1531218883925,1267164,0.00002081,7855.00000000,1
1531218907507,1531218907503,1267165,0.00002084,801.00000000,0
1531218907519,1531218907513,1267166,0.00002081,514.00000000,1
1531218938855,1531218938850,1267167,0.00002084,432.00000000,0
1531218938947,1531218938942,1267168,0.00002081,7583.00000000,1
1531218938965,1531218938960,1267169,0.00002081,158.00000000,1
1531218966692,1531218966686,1267170,0.00002081,2205.00000000,1
1531218989867,1531218989863,1267171,0.00002081,2134.00000000,1
1531218989897,1531218989892,1267172,0.00002081,1103.00000000,1
1531218991632,1531218991626,1267173,0.00002087,12937.00000000,0
1531218994050,1531218994045,1267174,0.00002087,4312.00000000,0
1531218999453,1531218999449,1267175,0.00002087,4312.00000000,0
1531219006901,1531219006896,1267176,0.00002087,17479.00000000,0
1531219008447,1531219008442,1267177,0.00002088,144.00000000,0
1531219009550,1531219009545,1267178,0.00002091,252.00000000,0
1531219022768,1531219022763,1267179,0.00002093,151.00000000,0
1531219028464,1531219028460,1267180,0.00002094,144.00000000,0
1531219029604,1531219029598,1267181,0.00002087,113.00000000,0
1531219041689,1531219041685,1267182,0.00002095,81.00000000,0
1531219043602,1531219043597,1267183,0.00002097,1100.00000000,0
1531219049704,1531219049699,1267184,0.00002100,902.00000000,0
1531219051229,1531219051225,1267185,0.00002101,124.00000000,0
1531219054197,1531219054193,1267186,0.00002092,51.00000000,1
1531219056350,1531219056344,1267187,0.00002093,428.00000000,1
1531219056562,1531219056557,1267188,0.00002093,2009.00000000,0
1531219069615,1531219069609,1267189,0.00002098,122.00000000,0
1531219070619,1531219070614,1267190,0.00002099,357.00000000,0
1531219082806,1531219082803,1267191,0.00002103,143.00000000,0
1531219082847,1531219082841,1267192,0.00002103,317.00000000,1
1531219082957,1531219082951,1267193,0.00002103,96.00000000,1
1531219086508,1531219086504,1267194,0.00002103,200.00000000,1
1531219094363,1531219094357,1267195,0.00002103,725.00000000,1
1531219094725,1531219094721,1267196,0.00002103,725.00000000,1
1531219095219,1531219095214,1267197,0.00002104,4888.00000000,1
1531219095391,1531219095385,1267198,0.00002104,5449.00000000,1
1531219095459,1531219095456,1267199,0.00002106,506.00000000,0
1531219095586,1531219095582,1267200,0.00002104,1213.00000000,1
1531219104601,1531219104597,1267201,0.00002103,97.00000000,1
1531219131718,1531219131714,1267202,0.00002107,601.00000000,0
1531219143609,1531219143603,1267203,0.00002108,48.00000000,0
1531219146612,1531219146608,1267204,0.00002109,143.00000000,0
1531219152462,1531219152456,1267205,0.00002110,239.00000000,0
1531219154450,1531219154445,1267206,0.00002110,476.00000000,0
1531219155595,1531219155590,1267207,0.00002110,600.00000000,0
1531219163543,1531219163539,1267208,0.00002111,1488.00000000,0
1531219166312,1531219166306,1267209,0.00002112,679.00000000,0
1531219171691,1531219171687,1267210,0.00002113,142.00000000,0
1531219173699,1531219173695,1267211,0.00002114,158.00000000,0
1531219179204,1531219179200,1267212,0.00002106,50.00000000,1
1531219185433,1531219185428,1267213,0.00002105,52.00000000,1
1531219185433,1531219185428,1267214,0.00002103,442.00000000,1
1531219189619,1531219189615,1267215,0.00002111,50.00000000,0
1531219190467,1531219190460,1267216,0.00002112,52.00000000,0
1531219217668,1531219217662,1267217,0.00002106,329.00000000,1
1531219243884,1531219243879,1267218,0.00002103,866.00000000,1
1531219243884,1531219243879,1267219,0.00002101,874.00000000,1
1531219243884,1531219243879,1267220,0.00002100,12002.00000000,1
1531219246610,1531219246606,1267221,0.00002100,44.00000000,1
1531219247415,1531219247411,1267222,0.00002100,200.00000000,1
1531219328652,1531219328647,1267223,0.00002104,1532.00000000,0
1531219330831,1531219330826,1267224,0.00002096,331.00000000,1
1531219330831,1531219330826,1267225,0.00002095,5773.00000000,1
1531219331725,1531219331720,1267226,0.00002104,331.00000000,0
1531219331725,1531219331720,1267227,0.00002105,543.00000000,0
1531219357536,1531219357531,1267228,0.00002096,332.00000000,1
1531219357536,1531219357531,1267229,0.00002095,331.00000000,1
1531219357536,1531219357531,1267230,0.00002094,1197.00000000,1
1531219357660,1531219357656,1267231,0.00002094,478.00000000,0
1531219357676,1531219357673,1267232,0.00002094,478.00000000,0
1531219358474,1531219358468,1267233,0.00002094,1100.00000000,0
1531219358483,1531219358476,1267234,0.00002094,12621.00000000,0
1531219481089,1531219481084,1267235,0.00002104,464.00000000,0
1531219481168,1531219481160,1267236,0.00002104,199.00000000,0
1531219481168,1531219481160,1267237,0.00002105,1226.00000000,0
1531219481169,1531219481163,1267238,0.00002105,1179.00000000,0
1531219481593,1531219481588,1267239,0.00002105,246.00000000,1
1531219483640,1531219483636,1267240,0.00002106,200.00000000,1
1531219508301,1531219508295,1267241,0.00002095,97.00000000,1
1531219509601,1531219509596,1267242,0.00002093,165.00000000,1
1531219522809,1531219522804,1267243,0.00002095,229.00000000,0
1531219522822,1531219522817,1267244,0.00002100,4593.00000000,0
1531219598015,1531219598011,1267245,0.00002101,225.00000000,1
1531219626974,1531219626969,1267246,0.00002101,1784.00000000,1
1531219641508,1531219641504,1267247,0.00002102,3553.00000000,1
1531219641523,1531219641519,1267248,0.00002102,564.00000000,1
1531219654647,1531219654641,1267249,0.00002103,1868.00000000,0
1531219685322,1531219685317,1267250,0.00002101,1149.00000000,1
1531219685329,1531219685324,1267251,0.00002101,318.00000000,1
1531219685356,1531219685352,1267252,0.00002101,3.00000000,1
1531219685487,1531219685483,1267253,0.00002101,588.00000000,0
1531219685494,1531219685492,1267254,0.00002101,558.00000000,0
1531219685982,1531219685976,1267255,0.00002107,4528.00000000,0
1531219716838,1531219716834,1267256,0.00002107,1508.00000000,0
1531219716863,1531219716858,1267257,0.00002107,3298.00000000,0
1531219747219,1531219747213,1267258,0.00002107,4806.00000000,0
1531219757326,1531219757321,1267259,0.00002101,36.00000000,1
1531219762421,1531219762417,1267260,0.00002107,3646.00000000,0
1531219792613,1531219792607,1267261,0.00002107,110.00000000,0
1531219792632,1531219792627,1267262,0.00002107,4696.00000000,0
1531219822115,1531219822110,1267263,0.00002107,4806.00000000,0
1531219824641,1531219824636,1267264,0.00002108,289.00000000,0
1531219824641,1531219824636,1267265,0.00002113,185.00000000,0
1531219853398,1531219853393,1267266,0.00002107,1636.00000000,0
1531219853407,1531219853402,1267267,0.00002112,593.00000000,0
1531219865571,1531219865566,1267268,0.00002112,4794.00000000,0
1531219927867,1531219927862,1267269,0.00002109,2298.00000000,0
1531219927881,1531219927876,1267270,0.00002113,2498.00000000,0
1531219957462,1531219957458,1267271,0.00002109,1109.00000000,0
1531219957473,1531219957469,1267272,0.00002113,3685.00000000,0
1531219988146,1531219988141,1267273,0.00002113,4792.00000000,0
1531219990142,1531219990136,1267274,0.00002106,304.00000000,1
1531219990142,1531219990136,1267275,0.00002105,232.00000000,1
1531219990142,1531219990136,1267276,0.00002102,2616.00000000,1
1531219990142,1531219990136,1267277,0.00002101,1100.00000000,1
1531219990142,1531219990136,1267278,0.00002100,13981.00000000,1
1531220038679,1531220038672,1267279,0.00002100,1.00000000,1
1531220095109,1531220095103,1267280,0.00002109,586.00000000,0
1531220114753,1531220114749,1267281,0.00002111,861.00000000,0
1531220124307,1531220124302,1267282,0.00002111,352.00000000,0
1531220232959,1531220232955,1267283,0.00002111,1207.00000000,1
1531220233025,1531220233021,1267284,0.00002111,588.00000000,1
1531220246182,1531220246177,1267285,0.00002101,2.00000000,1
1531220247718,1531220247714,1267286,0.00002101,2.00000000,1
1531220284556,1531220284551,1267287,0.00002105,301.00000000,0
1531220327207,1531220327203,1267288,0.00002104,280.00000000,0
1531220331511,1531220331506,1267289,0.00002104,4533.00000000,0
1531220354048,1531220354042,1267290,0.00002106,2047.00000000,0
1531220354063,1531220354058,1267291,0.00002104,280.00000000,1
1531220354637,1531220354635,1267292,0.00002104,4533.00000000,0
1531220358704,1531220358698,1267293,0.00002107,48.00000000,1
1531220373232,1531220373226,1267294,0.00002108,1.00000000,0
1531220392639,1531220392634,1267295,0.00002101,7429.00000000,1
1531220422706,1531220422704,1267296,0.00002102,6429.00000000,1
1531220452234,1531220452229,1267297,0.00002102,7614.00000000,1
1531220473088,1531220473084,1267298,0.00002101,477.00000000,1
1531220474401,1531220474396,1267299,0.00002109,4753.00000000,0
1531220485082,1531220485078,1267300,0.00002102,590.00000000,1
1531220485426,1531220485420,1267301,0.00002102,2377.00000000,1
1531220490071,1531220490065,1267302,0.00002101,202.00000000,1
1531220490071,1531220490065,1267303,0.00002100,303.00000000,1
1531220490071,1531220490065,1267304,0.00002096,2913.00000000,1
1531220490071,1531220490065,1267305,0.00002095,878.00000000,1
1531220490084,1531220490078,1267306,0.00002095,4305.00000000,1
1531220507214,1531220507210,1267307,0.00002095,9136.00000000,1
1531220510640,1531220510635,1267308,0.00002092,48.00000000,1
1531220510640,1531220510635,1267309,0.00002091,852.00000000,1
1531220523254,1531220523250,1267310,0.00002096,526.00000000,0
1531220523266,1531220523263,1267311,0.00002091,365.00000000,1
1531220523280,1531220523274,1267312,0.00002091,418.00000000,1
1531220537653,1531220537649,1267313,0.00002098,318.00000000,0
1531220558501,1531220558497,1267314,0.00002096,2903.00000000,0
1531220558511,1531220558506,1267315,0.00002092,1332.00000000,1
1531220570709,1531220570705,1267316,0.00002092,1338.00000000,1
1531220570726,1531220570722,1267317,0.00002092,7048.00000000,1
1531220605209,1531220605204,1267318,0.00002092,590.00000000,0
1531220614042,1531220614041,1267319,0.00002092,1873.00000000,0
1531220616405,1531220616400,1267320,0.00002090,6604.00000000,1
1531220627037,1531220627032,1267321,0.00002089,225.00000000,1
1531220627462,1531220627459,1267322,0.00002086,13.00000000,1
1531220637534,1531220637530,1267323,0.00002087,320.00000000,0
1531220637534,1531220637530,1267324,0.00002088,1208.00000000,0
1531220646427,1531220646421,1267325,0.00002087,6086.00000000,1
1531220678467,1531220678463,1267326,0.00002087,5506.00000000,1
1531220688580,1531220688575,1267327,0.00002087,97.00000000,0
1531220688606,1531220688600,1267328,0.00002090,914.00000000,0
1531220688826,1531220688820,1267329,0.00002090,1.00000000,0
1531220688826,1531220688820,1267330,0.00002092,4760.00000000,0
1531220688836,1531220688831,1267331,0.00002092,1974.00000000,0
1531220688875,1531220688869,1267332,0.00002092,198.00000000,0
1531220689378,1531220689372,1267333,0.00002092,1093.00000000,0
1531220708839,1531220708835,1267334,0.00002094,198.00000000,1
1531220727307,1531220727302,1267335,0.00002097,4.00000000,1
1531220729112,1531220729106,1267336,0.00002094,4.00000000,1
1531220732982,1531220732977,1267337,0.00002095,2.00000000,1
1531220749416,1531220749410,1267338,0.00002105,6486.00000000,0
1531220749429,1531220749425,1267339,0.00002105,2546.00000000,0
1531220833312,1531220833307,1267340,0.00002097,3.00000000,1
1531220835010,1531220835006,1267341,0.00002093,3.00000000,1
1531220878595,1531220878588,1267342,0.00002100,61.00000000,1
1531220885714,1531220885709,1267343,0.00002099,1103.00000000,0
1531220885726,1531220885721,1267344,0.00002104,431.00000000,0
1531220903040,1531220903035,1267345,0.00002097,47.00000000,1
1531220917923,1531220917917,1267346,0.00002104,2654.00000000,0
1531220925259,1531220925253,1267347,0.00002092,2.00000000,1
1531220929913,1531220929908,1267348,0.00002103,121.00000000,0
1531220965136,1531220965131,1267349,0.00002094,323.00000000,1
1531220965136,1531220965131,1267350,0.00002091,156.00000000,1
1531220970586,1531220970582,1267351,0.00002092,51.00000000,1
1531220970617,1531220970613,1267352,0.00002092,479.00000000,1
1531220975821,1531220975816,1267353,0.00002092,592.00000000,1
1531220990971,1531220990967,1267354,0.00002091,63.00000000,1
1531220990988,1531220990983,1267355,0.00002091,8497.00000000,0
1531220991007,1531220991001,1267356,0.00002092,530.00000000,0
1531221013922,1531221013917,1267357,0.00002093,1040.00000000,1
1531221013939,1531221013935,1267358,0.00002092,592.00000000,1
1531221013957,1531221013951,1267359,0.00002091,63.00000000,1
1531221032675,1531221032672,1267360,0.00002091,8497.00000000,0
1531221049621,1531221049614,1267361,0.00002092,530.00000000,0
1531221049621,1531221049614,1267362,0.00002098,350.00000000,0
1531221049621,1531221049614,1267363,0.00002099,1100.00000000,0
1531221049621,1531221049614,1267364,0.00002104,323.00000000,0
1531221049621,1531221049614,1267365,0.00002107,61.00000000,0
1531221049621,1531221049614,1267366,0.00002108,129.00000000,0
1531221049621,1531221049614,1267367,0.00002110,207.00000000,0
1531221055424,1531221055420,1267368,0.00002107,362.00000000,0
1531221096675,1531221096669,1267369,0.00002098,7196.00000000,1
1531221096690,1531221096686,1267370,0.00002098,7288.00000000,1
1531221128095,1531221128088,1267371,0.00002096,2112.00000000,1
1531221128095,1531221128088,1267372,0.00002091,472.00000000,1
1531221128095,1531221128088,1267373,0.00002090,1100.00000000,1
1531221128095,1531221128088,1267374,0.00002089,1478.00000000,1
1531221128095,1531221128088,1267375,0.00002088,450.00000000,1
1531221128095,1531221128088,1267376,0.00002087,2451.00000000,1
1531221128340,1531221128334,1267377,0.00002087,2000.00000000,1
1531221128386,1531221128381,1267378,0.00002096,329.00000000,0
1531221131279,1531221131274,1267379,0.00002086,164.00000000,1
1531221131279,1531221131274,1267380,0.00002085,29.00000000,1
1531221141441,1531221141435,1267381,0.00002086,4181.00000000,1
1531221142206,1531221142201,1267382,0.00002086,242.00000000,1
1531221142222,1531221142217,1267383,0.00002086,12142.00000000,0
1531221142239,1531221142235,1267384,0.00002086,242.00000000,1
1531221144306,1531221144301,1267385,0.00002086,51.00000000,0
1531221144831,1531221144825,1267386,0.00002086,594.00000000,0
1531221147489,1531221147485,1267387,0.00002085,197.00000000,1
1531221148503,1531221148499,1267388,0.00002086,594.00000000,0
1531221170725,1531221170721,1267389,0.00002085,86.00000000,0
1531221172431,1531221172425,1267390,0.00002084,4072.00000000,1
1531221172447,1531221172442,1267391,0.00002084,795.00000000,0
1531221172462,1531221172457,1267392,0.00002084,1510.00000000,1
1531221172485,1531221172479,1267393,0.00002084,2562.00000000,1
1531221172575,1531221172569,1267394,0.00002085,86.00000000,0
1531221173625,1531221173619,1267395,0.00002084,319.00000000,1
1531221202202,1531221202198,1267396,0.00002084,1350.00000000,1
1531221224932,1531221224925,1267397,0.00002085,3324.00000000,0
1531221225625,1531221225620,1267398,0.00002085,217.00000000,0
1531221226975,1531221226971,1267399,0.00002083,97.00000000,1
1531221232283,1531221232279,1267400,0.00002084,6076.00000000,1
1531221241104,1531221241099,1267401,0.00002086,51.00000000,0
1531221262556,1531221262551,1267402,0.00002084,5884.00000000,1
1531221262576,1531221262572,1267403,0.00002084,7386.00000000,1
1531221291188,1531221291183,1267404,0.00002087,2848.00000000,0
1531221291202,1531221291198,1267405,0.00002084,2297.00000000,1
1531221306144,1531221306139,1267406,0.00002084,2450.00000000,1
1531221336418,1531221336412,1267407,0.00002084,2172.00000000,1
1531221367727,1531221367723,1267408,0.00002084,2447.00000000,1
1531221367749,1531221367744,1267409,0.00002084,4200.00000000,1
1531221394048,1531221394043,1267410,0.00002084,4216.00000000,1
1531221396209,1531221396204,1267411,0.00002084,974.00000000,1
1531221398557,1531221398552,1267412,0.00002084,1702.00000000,0
1531221419715,1531221419710,1267413,0.00002083,357.00000000,1
1531221425957,1531221425952,1267414,0.00002083,5322.00000000,0
1531221425977,1531221425971,1267415,0.00002082,4511.00000000,1
1531221425997,1531221425993,1267416,0.00002084,2514.00000000,0
1531221438615,1531221438611,1267417,0.00002085,200.00000000,0
1531221438860,1531221438854,1267418,0.00002085,512.00000000,0
1531221438860,1531221438854,1267419,0.00002094,1337.00000000,0
1531221438860,1531221438854,1267420,0.00002095,472.00000000,0
1531221438860,1531221438854,1267421,0.00002096,1566.00000000,0
1531221438982,1531221438977,1267422,0.00002096,199.00000000,1
1531221454646,1531221454641,1267423,0.00002097,480.00000000,0
1531221454646,1531221454641,1267424,0.00002099,213.00000000,0
1531221454646,1531221454641,1267425,0.00002101,1100.00000000,0
1531221454646,1531221454641,1267426,0.00002102,1284.00000000,0
1531221461157,1531221461152,1267427,0.00002096,1.00000000,1
1531221469805,1531221469800,1267428,0.00002096,97.00000000,0
1531221484957,1531221484952,1267429,0.00002094,342.00000000,1
1531221484957,1531221484952,1267430,0.00002088,3.00000000,1
1531221495785,1531221495780,1267431,0.00002090,4.00000000,1
1531221501429,1531221501424,1267432,0.00002097,342.00000000,0
1531221501429,1531221501424,1267433,0.00002098,195.00000000,0
1531221501429,1531221501424,1267434,0.00002101,1100.00000000,0
1531221501482,1531221501477,1267435,0.00002101,1433.00000000,1
1531221501485,1531221501481,1267436,0.00002101,1776.00000000,1
1531221501595,1531221501591,1267437,0.00002101,2197.00000000,1
1531221502154,1531221502150,1267438,0.00002101,2177.00000000,1
1531221502197,1531221502192,1267439,0.00002101,3778.00000000,1
1531221503509,1531221503504,1267440,0.00002101,195.00000000,1
1531221504132,1531221504128,1267441,0.00002101,1774.00000000,1
1531221512035,1531221512029,1267442,0.00002101,721.00000000,1
1531221513674,1531221513669,1267443,0.00002101,228.00000000,1
1531221530642,1531221530638,1267444,0.00002102,143.00000000,0
1531221546349,1531221546344,1267445,0.00002103,462.00000000,0
1531221546366,1531221546361,1267446,0.00002102,2876.00000000,1
1531221546393,1531221546388,1267447,0.00002102,212.00000000,1
1531221575115,1531221575109,1267448,0.00002104,51.00000000,0
1531221575200,1531221575198,1267449,0.00002104,78.00000000,0
1531221578874,1531221578857,1267450,0.00002102,6998.00000000,1
1531221588687,1531221588683,1267451,0.00002101,92.00000000,1
1531221596305,1531221596299,1267452,0.00002109,1100.00000000,0
1531221596305,1531221596299,1267453,0.00002111,620.00000000,0
1531221596305,1531221596299,1267454,0.00002115,90.00000000,0
1531221596305,1531221596299,1267455,0.00002118,96.00000000,0
1531221596305,1531221596299,1267456,0.00002119,173.00000000,0
1531221596305,1531221596299,1267457,0.00002121,236.00000000,0
1531221609144,1531221609139,1267458,0.00002104,298.00000000,1
1531221609144,1531221609139,1267459,0.00002103,292.00000000,1
1531221623555,1531221623547,1267460,0.00002101,200.00000000,1
1531221646172,1531221646168,1267461,0.00002111,1635.00000000,0
1531221678590,1531221678585,1267462,0.00002107,298.00000000,0
1531221678590,1531221678585,1267463,0.00002109,10068.00000000,0
1531221711627,1531221711623,1267464,0.00002103,5511.00000000,1
1531221711650,1531221711646,1267465,0.00002103,2939.00000000,1
1531221765614,1531221765608,1267466,0.00002104,590.00000000,1
1531221768005,1531221768002,1267467,0.00002105,4.00000000,1
1531221768376,1531221768370,1267468,0.00002106,309.00000000,1
1531221768376,1531221768370,1267469,0.00002105,281.00000000,1
1531221773312,1531221773308,1267470,0.00002104,4015.00000000,1
1531221786627,1531221786622,1267471,0.00002102,1402.00000000,0
1531221786641,1531221786637,1267472,0.00002102,338.00000000,1
1531221786641,1531221786637,1267473,0.00002100,242.00000000,1
1531221786659,1531221786654,1267474,0.00002100,1047.00000000,1
1531221786674,1531221786671,1267475,0.00002104,590.00000000,0
1531221787206,1531221787203,1267476,0.00002104,51.00000000,1
1531221796981,1531221796977,1267477,0.00002105,52.00000000,1
1531221797610,1531221797605,1267478,0.00002105,77.00000000,1
1531221799417,1531221799413,1267479,0.00002105,52.00000000,1
1531221800907,1531221800902,1267480,0.00002105,90.00000000,1
1531221800907,1531221800902,1267481,0.00002104,910.00000000,1
1531221804172,1531221804168,1267482,0.00002104,1490.00000000,1
1531221805194,1531221805191,1267483,0.00002104,1490.00000000,1
1531221808807,1531221808801,1267484,0.00002107,996.00000000,0
1531221808822,1531221808817,1267485,0.00002104,74.00000000,1
1531221816642,1531221816639,1267486,0.00002103,228.00000000,0
1531221825281,1531221825278,1267487,0.00002102,1716.00000000,0
1531221826423,1531221826418,1267488,0.00002102,3241.00000000,0
1531221826682,1531221826676,1267489,0.00002101,308.00000000,0
1531221828440,1531221828436,1267490,0.00002096,1.00000000,1
1531221829088,1531221829084,1267491,0.00002102,1716.00000000,0
1531221830903,1531221830898,1267492,0.00002102,1274.00000000,0
1531221830917,1531221830913,1267493,0.00002104,4531.00000000,0
1531221860710,1531221860705,1267494,0.00002106,2514.00000000,0
1531221860724,1531221860719,1267495,0.00002103,1505.00000000,1
1531221860743,1531221860739,1267496,0.00002103,1143.00000000,1
1531221906584,1531221906580,1267497,0.00002105,51.00000000,1
1531221932098,1531221932078,1267498,0.00002103,476.00000000,1
1531221932198,1531221932193,1267499,0.00002103,72.00000000,1
1531221940235,1531221940229,1267500,0.00002104,476.00000000,1
1531221942359,1531221942354,1267501,0.00002105,476.00000000,1
1531221943082,1531221943078,1267502,0.00002105,476.00000000,1
1531221945557,1531221945553,1267503,0.00002106,1696.00000000,1
1531221948508,1531221948505,1267504,0.00002106,476.00000000,1
1531221951831,1531221951827,1267505,0.00002108,3779.00000000,0
1531221951845,1531221951842,1267506,0.00002106,251.00000000,1
1531221953944,1531221953940,1267507,0.00002103,476.00000000,1
1531221960156,1531221960151,1267508,0.00002103,476.00000000,1
1531221960157,1531221960153,1267509,0.00002103,476.00000000,1
1531221992225,1531221992221,1267510,0.00002103,395.00000000,1
1531221996079,1531221996075,1267511,0.00002100,477.00000000,1
1531221996095,1531221996090,1267512,0.00002100,477.00000000,1
1531221997839,1531221997835,1267513,0.00002100,46.00000000,1
1531221999796,1531221999791,1267514,0.00002099,476.00000000,0
1531222000613,1531222000610,1267515,0.00002096,5.00000000,1
1531222002756,1531222002752,1267516,0.00002102,193.00000000,1
1531222002756,1531222002752,1267517,0.00002101,212.00000000,1
1531222002756,1531222002752,1267518,0.00002100,72.00000000,1
1531222005090,1531222005086,1267519,0.00002101,331.00000000,1
1531222005090,1531222005086,1267520,0.00002100,88.00000000,1
1531222005137,1531222005132,1267521,0.00002100,180.00000000,1
1531222005137,1531222005132,1267522,0.00002099,298.00000000,1
1531222005349,1531222005343,1267523,0.00002100,1725.00000000,1
1531222006724,1531222006719,1267524,0.00002101,294.00000000,1
1531222006724,1531222006719,1267525,0.00002100,1138.00000000,1
1531222007076,1531222007071,1267526,0.00002100,4455.00000000,1
1531222022814,1531222022810,1267527,0.00002097,147.00000000,0
1531222023210,1531222023205,1267528,0.00002097,1785.00000000,0
1531222023509,1531222023505,1267529,0.00002096,149.00000000,1
1531222024357,1531222024352,1267530,0.00002097,313.00000000,0
1531222029405,1531222029401,1267531,0.00002097,3047.00000000,0
1531222032664,1531222032659,1267532,0.00002097,331.00000000,1
1531222036654,1531222036650,1267533,0.00002097,1767.00000000,1
1531222038190,1531222038186,1267534,0.00002098,1008.00000000,0
1531222083617,1531222083612,1267535,0.00002105,5125.00000000,0
1531222105300,1531222105295,1267536,0.00002096,6.00000000,1
1531222117305,1531222117301,1267537,0.00002102,5132.00000000,0
1531222125657,1531222125652,1267538,0.00002097,971.00000000,1
1531222128111,1531222128106,1267539,0.00002099,51.00000000,0
1531222161324,1531222161318,1267540,0.00002097,328.00000000,0
1531222161327,1531222161322,1267541,0.00002097,327.00000000,0
1531222212686,1531222212681,1267542,0.00002097,1198.00000000,0
1531222213690,1531222213686,1267543,0.00002097,575.00000000,0
1531222215662,1531222215659,1267544,0.00002097,1085.00000000,1
1531222266017,1531222266012,1267545,0.00002097,51.00000000,1
1531222266667,1531222266663,1267546,0.00002097,3207.00000000,1
1531222305187,1531222305183,1267547,0.00002096,18.00000000,1
1531222326748,1531222326743,1267548,0.00002096,8.00000000,1
1531222326778,1531222326772,1267549,0.00002096,3056.00000000,0
1531222326865,1531222326860,1267550,0.00002096,573.00000000,0
1531222327558,1531222327554,1267551,0.00002096,318.00000000,0
1531222327572,1531222327567,1267552,0.00002096,6699.00000000,0
1531222329564,1531222329559,1267553,0.00002096,127.00000000,0
1531222340340,1531222340335,1267554,0.00002095,2088.00000000,0
1531222340362,1531222340357,1267555,0.00002099,2085.00000000,0
1531222353823,1531222353818,1267556,0.00002093,315.00000000,1
1531222355661,1531222355657,1267557,0.00002092,143.00000000,1
1531222357470,1531222357466,1267558,0.00002089,1.00000000,1
1531222358496,1531222358493,1267559,0.00002099,2616.00000000,0
1531222383685,1531222383681,1267560,0.00002091,189.00000000,1
1531222386315,1531222386311,1267561,0.00002095,191.00000000,0
1531222391311,1531222391305,1267562,0.00002094,124.00000000,0
1531222394689,1531222394685,1267563,0.00002089,103.00000000,1
1531222401965,1531222401961,1267564,0.00002095,189.00000000,0
1531222412691,1531222412686,1267565,0.00002089,319.00000000,1
1531222414473,1531222414468,1267566,0.00002095,318.00000000,0
1531222418397,1531222418393,1267567,0.00002091,1371.00000000,0
1531222418405,1531222418401,1267568,0.00002088,251.00000000,1
1531222418406,1531222418401,1267569,0.00002095,1.00000000,0
1531222418406,1531222418401,1267570,0.00002096,144.00000000,0
1531222418406,1531222418401,1267571,0.00002100,983.00000000,0
1531222418418,1531222418414,1267572,0.00002091,1128.00000000,1
1531222418418,1531222418414,1267573,0.00002088,191.00000000,1
1531222418606,1531222418601,1267574,0.00002084,833.00000000,1
1531222418606,1531222418601,1267575,0.00002083,295.00000000,1
1531222423792,1531222423788,1267576,0.00002089,175.00000000,1
1531222423792,1531222423788,1267577,0.00002088,2118.00000000,1
1531222425674,1531222425669,1267578,0.00002089,320.00000000,1
1531222442661,1531222442656,1267579,0.00002082,87.00000000,1
1531222442898,1531222442893,1267580,0.00002082,1098.00000000,1
1531222443174,1531222443170,1267581,0.00002082,95.00000000,0
1531222445786,1531222445780,1267582,0.00002081,2118.00000000,1
1531222447686,1531222447682,1267583,0.00002080,5486.00000000,1
1531222458656,1531222458651,1267584,0.00002080,88.00000000,0
1531222460669,1531222460665,1267585,0.00002080,202.00000000,1
1531222485017,1531222485012,1267586,0.00002084,144.00000000,0
1531222495617,1531222495613,1267587,0.00002084,58.00000000,0
1531222496679,1531222496675,1267588,0.00002084,878.00000000,1
1531222499466,1531222499461,1267589,0.00002080,79.00000000,1
1531222499466,1531222499461,1267590,0.00002079,19.00000000,1
1531222499686,1531222499680,1267591,0.00002079,560.00000000,1
1531222520655,1531222520650,1267592,0.00002079,1326.00000000,0
1531222520677,1531222520673,1267593,0.00002078,1157.00000000,1
1531222520690,1531222520686,1267594,0.00002078,670.00000000,1
1531222522146,1531222522142,1267595,0.00002080,79.00000000,0
1531222528560,1531222528555,1267596,0.00002075,665.00000000,1
1531222529484,1531222529480,1267597,0.00002079,192.00000000,0
1531222540100,1531222540096,1267598,0.00002075,132.00000000,1
1531222551279,1531222551274,1267599,0.00002074,71.00000000,0
1531222551279,1531222551274,1267600,0.00002075,225.00000000,0
1531222551637,1531222551632,1267601,0.00002077,1446.00000000,0
1531222551897,1531222551894,1267602,0.00002073,1173.00000000,1
1531222552503,1531222552499,1267603,0.00002074,3126.00000000,0
1531222552520,1531222552516,1267604,0.00002077,533.00000000,0
1531222556778,1531222556775,1267605,0.00002077,1446.00000000,1
1531222559826,1531222559824,1267606,0.00002073,49.00000000,0
1531222561570,1531222561566,1267607,0.00002073,145.00000000,1
1531222561830,1531222561825,1267608,0.00002072,2.00000000,0
1531222564678,1531222564674,1267609,0.00002072,1696.00000000,1
1531222570185,1531222570180,1267610,0.00002078,54.00000000,0
1531222577646,1531222577643,1267611,0.00002070,1591.00000000,1
1531222577683,1531222577679,1267612,0.00002070,231.00000000,0
1531222578773,1531222578768,1267613,0.00002071,1696.00000000,1
1531222579702,1531222579698,1267614,0.00002077,479.00000000,0
1531222582542,1531222582539,1267615,0.00002077,4870.00000000,0
1531222582689,1531222582686,1267616,0.00002077,479.00000000,1
1531222586520,1531222586515,1267617,0.00002077,2146.00000000,0
1531222590174,1531222590170,1267618,0.00002071,1696.00000000,1
1531222591102,1531222591098,1267619,0.00002077,4.00000000,0
1531222591873,1531222591871,1267620,0.00002077,66.00000000,1
1531222593782,1531222593778,1267621,0.00002078,72.00000000,0
1531222602146,1531222602142,1267622,0.00002073,2619.00000000,1
1531222602801,1531222602798,1267623,0.00002073,3300.00000000,1
1531222604978,1531222604974,1267624,0.00002073,500.00000000,1
1531222605612,1531222605608,1267625,0.00002073,242.00000000,1
1531222605899,1531222605894,1267626,0.00002073,1877.00000000,1
1531222607019,1531222607015,1267627,0.00002073,63.00000000,1
1531222609848,1531222609843,1267628,0.00002073,2619.00000000,1
1531222614905,1531222614901,1267629,0.00002071,3846.00000000,1
1531222627123,1531222627118,1267630,0.00002069,2037.00000000,1
1531222627762,1531222627758,1267631,0.00002077,4241.00000000,0
1531222639186,1531222639176,1267632,0.00002069,346.00000000,1
1531222641857,1531222641854,1267633,0.00002068,3362.00000000,1
1531222643019,1531222643014,1267634,0.00002067,2442.00000000,1
1531222644884,1531222644880,1267635,0.00002066,1628.00000000,1
1531222646323,1531222646319,1267636,0.00002074,41.00000000,0
1531222647883,1531222647880,1267637,0.00002066,3859.00000000,1
1531222648708,1531222648706,1267638,0.00002065,6450.00000000,1
1531222649731,1531222649725,1267639,0.00002064,79.00000000,1
1531222651097,1531222651093,1267640,0.00002064,1021.00000000,1
1531222653710,1531222653707,1267641,0.00002064,1100.00000000,1
1531222655650,1531222655647,1267642,0.00002072,200.00000000,0
1531222655800,1531222655797,1267643,0.00002064,1384.00000000,1
1531222663447,1531222663444,1267644,0.00002066,256.00000000,1
1531222675606,1531222675604,1267645,0.00002064,519.00000000,1
1531222684357,1531222684353,1267646,0.00002065,51.00000000,0
1531222687358,1531222687355,1267647,0.00002063,1451.00000000,1
1531222699950,1531222699947,1267648,0.00002061,8225.00000000,1
1531222702093,1531222702089,1267649,0.00002060,167.00000000,1
1531222711290,1531222711286,1267650,0.00002063,85.00000000,0
1531222712871,1531222712867,1267651,0.00002060,5931.00000000,1
1531222716052,1531222716049,1267652,0.00002058,72.00000000,1
1531222724845,1531222724843,1267653,0.00002058,220.00000000,1
1531222731093,1531222731090,1267654,0.00002058,247.00000000,0
1531222731093,1531222731090,1267655,0.00002062,238.00000000,0
1531222731706,1531222731705,1267656,0.00002057,5966.00000000,1
1531222731881,1531222731876,1267657,0.00002059,1457.00000000,0
1531222735460,1531222735455,1267658,0.00002057,146.00000000,1
1531222736874,1531222736872,1267659,0.00002057,519.00000000,1
1531222736932,1531222736929,1267660,0.00002057,3693.00000000,1
1531222740023,1531222740019,1267661,0.00002057,2880.00000000,1
1531222742226,1531222742221,1267662,0.00002056,547.00000000,1
1531222743807,1531222743804,1267663,0.00002055,98.00000000,1
1531222745022,1531222745018,1267664,0.00002055,146.00000000,0
1531222745022,1531222745018,1267665,0.00002056,79.00000000,0
1531222762261,1531222762255,1267666,0.00002053,61.00000000,1
1531222762261,1531222762255,1267667,0.00002052,401.00000000,1
1531222762261,1531222762255,1267668,0.00002051,1000.00000000,1
1531222762261,1531222762255,1267669,0.00002050,127.00000000,1
1531222762261,1531222762255,1267670,0.00002049,59.00000000,1
1531222762261,1531222762255,1267671,0.00002047,1100.00000000,1
1531222762261,1531222762255,1267672,0.00002046,1723.00000000,1
1531222765316,1531222765313,1267673,0.00002051,292.00000000,0
1531222766282,1531222766278,1267674,0.00002050,586.00000000,0
1531222766337,1531222766333,1267675,0.00002050,687.00000000,0
1531222766801,1531222766796,1267676,0.00002050,450.00000000,0
1531222773492,1531222773487,1267677,0.00002049,41.00000000,0
1531222777644,1531222777639,1267678,0.00002046,61.00000000,1
1531222777660,1531222777657,1267679,0.00002046,2774.00000000,1
1531222778622,1531222778617,1267680,0.00002045,1105.00000000,1
1531222778622,1531222778617,1267681,0.00002043,1111.00000000,1
1531222785474,1531222785470,1267682,0.00002049,419.00000000,0
1531222789963,1531222789959,1267683,0.00002048,575.00000000,0
1531222795605,1531222795601,1267684,0.00002043,59.00000000,1
1531222799244,1531222799240,1267685,0.00002045,6175.00000000,1
1531222800667,1531222800662,1267686,0.00002047,776.00000000,0
1531222800749,1531222800745,1267687,0.00002047,1846.00000000,0
1531222801607,1531222801603,1267688,0.00002045,50.00000000,1
1531222801834,1531222801830,1267689,0.00002047,615.00000000,0
1531222802031,1531222802027,1267690,0.00002045,121.00000000,1
1531222802031,1531222802027,1267691,0.00002043,28.00000000,1
1531222802519,1531222802516,1267692,0.00002043,99.00000000,1
1531222802928,1531222802924,1267693,0.00002043,149.00000000,1
1531222803193,1531222803189,1267694,0.00002047,1544.00000000,0
1531222803193,1531222803189,1267695,0.00002049,2848.00000000,0
1531222810273,1531222810270,1267696,0.00002043,175.00000000,1
1531222810450,1531222810446,1267697,0.00002043,49.00000000,0
1531222811543,1531222811540,1267698,0.00002043,215.00000000,0
1531222816104,1531222816100,1267699,0.00002045,6374.00000000,1
1531222816104,1531222816100,1267700,0.00002042,4142.00000000,1
1531222818356,1531222818353,1267701,0.00002048,290.00000000,1
1531222823018,1531222823014,1267702,0.00002049,147.00000000,0
1531222823018,1531222823014,1267703,0.00002059,53.00000000,0
1531222823747,1531222823741,1267704,0.00002043,610.00000000,1
1531222823747,1531222823741,1267705,0.00002041,5562.00000000,1
1531222823747,1531222823741,1267706,0.00002040,242.00000000,1
1531222823747,1531222823741,1267707,0.00002039,294.00000000,1
1531222823747,1531222823741,1267708,0.00002037,352.00000000,1
1531222823747,1531222823741,1267709,0.00002036,1184.00000000,1
1531222829930,1531222829926,1267710,0.00002044,2447.00000000,1
1531222829930,1531222829926,1267711,0.00002036,1091.00000000,1
1531222829930,1531222829926,1267712,0.00002035,1681.00000000,1
1531222829930,1531222829926,1267713,0.00002033,11447.00000000,1
1531222830686,1531222830681,1267714,0.00002047,338.00000000,0
1531222831828,1531222831827,1267715,0.00002047,142.00000000,0
1531222834684,1531222834681,1267716,0.00002047,1100.00000000,1
1531222840588,1531222840584,1267717,0.00002047,177.00000000,1
1531222847217,1531222847215,1267718,0.00002047,208.00000000,1
1531222850913,1531222850908,1267719,0.00002042,6661.00000000,0
1531222850923,1531222850920,1267720,0.00002048,2914.00000000,0
1531222867267,1531222867263,1267721,0.00002046,6239.00000000,1
1531222877533,1531222877529,1267722,0.00002046,103.00000000,1
1531222877533,1531222877529,1267723,0.00002036,1100.00000000,1
1531222877533,1531222877529,1267724,0.00002033,2889.00000000,1
1531222881587,1531222881583,1267725,0.00002046,2749.00000000,0
1531222893921,1531222893918,1267726,0.00002044,256.00000000,1
1531222898152,1531222898147,1267727,0.00002044,1468.00000000,1
1531222900129,1531222900126,1267728,0.00002046,70.00000000,0
1531222900336,1531222900333,1267729,0.00002046,1.00000000,0
1531222902761,1531222902758,1267730,0.00002046,96.00000000,1
1531222905674,1531222905670,1267731,0.00002042,857.00000000,1
1531222910077,1531222910074,1267732,0.00002042,2627.00000000,1
1531222915113,1531222915110,1267733,0.00002042,1914.00000000,1
1531222922576,1531222922573,1267734,0.00002044,1100.00000000,1
1531222925570,1531222925566,1267735,0.00002044,1100.00000000,1
1531222933783,1531222933780,1267736,0.00002045,2051.00000000,0
1531222933798,1531222933795,1267737,0.00002045,3051.00000000,0
1531222937431,1531222937429,1267738,0.00002044,490.00000000,1
1531222951022,1531222951017,1267739,0.00002045,98.00000000,0
1531222957429,1531222957425,1267740,0.00002040,3616.00000000,0
1531222957440,1531222957437,1267741,0.00002045,2967.00000000,0
1531222959530,1531222959526,1267742,0.00002045,98.00000000,1
1531222959530,1531222959526,1267743,0.00002044,161.00000000,1
1531222980192,1531222980188,1267744,0.00002045,52.00000000,1
1531222981030,1531222981027,1267745,0.00002045,6689.00000000,1
1531222988842,1531222988838,1267746,0.00002045,52.00000000,0
1531222988842,1531222988838,1267747,0.00002046,148.00000000,0
1531222990460,1531222990457,1267748,0.00002042,245.00000000,1
1531223012702,1531223012699,1267749,0.00002042,491.00000000,1
1531223015062,1531223015059,1267750,0.00002043,302.00000000,0
1531223022888,1531223022885,1267751,0.00002045,553.00000000,1
1531223043151,1531223043147,1267752,0.00002046,194.00000000,0
1531223043151,1531223043147,1267753,0.00002050,242.00000000,0
1531223043151,1531223043147,1267754,0.00002051,176.00000000,0
1531223043189,1531223043185,1267755,0.00002051,113.00000000,0
1531223043189,1531223043185,1267756,0.00002052,374.00000000,0
1531223044633,1531223044629,1267757,0.00002052,24.00000000,0
1531223044798,1531223044794,1267758,0.00002052,48.00000000,0
1531223044856,1531223044852,1267759,0.00002052,33.00000000,0
1531223047367,1531223047364,1267760,0.00002044,7880.00000000,1
1531223051757,1531223051753,1267761,0.00002048,258.00000000,0
1531223052180,1531223052178,1267762,0.00002048,528.00000000,0
1531223054767,1531223054764,1267763,0.00002048,4785.00000000,0
1531223064132,1531223064129,1267764,0.00002048,488.00000000,0
1531223064142,1531223064138,1267765,0.00002048,488.00000000,0
1531223065892,1531223065889,1267766,0.00002048,3011.00000000,0
1531223105222,1531223105219,1267767,0.00002048,490.00000000,1
1531223106390,1531223106387,1267768,0.00002048,695.00000000,1
1531223106668,1531223106665,1267769,0.00002050,8674.00000000,0
1531223106684,1531223106681,1267770,0.00002048,2755.00000000,1
1531223106699,1531223106695,1267771,0.00002048,1958.00000000,1
1531223129021,1531223129017,1267772,0.00002044,1075.00000000,0
1531223129037,1531223129033,1267773,0.00002041,448.00000000,1
1531223129047,1531223129044,1267774,0.00002048,1185.00000000,0
