event_time,trade_time,trade_id,price,quantity,maker
1531210526205,1531210526200,1603410,0.00006906,6.00000000,1
1531210526634,1531210526628,1603411,0.00006906,3.00000000,1
1531210527322,1531210527318,1603412,0.00006906,6.00000000,1
1531210793209,1531210793206,1603413,0.00006941,1.00000000,0
1531211055361,1531211055355,1603414,0.00006910,15.00000000,1
1531211439298,1531211439293,1603415,0.00006935,1.00000000,0
1531211467160,1531211467156,1603416,0.00006903,15.00000000,1
1531211476258,1531211476255,1603417,0.00006903,101.00000000,1
1531211486878,1531211486872,1603418,0.00006903,4.00000000,0
1531211511858,1531211511853,1603419,0.00006904,40.00000000,1
1531211536116,1531211536110,1603420,0.00006900,14.00000000,1
1531211724738,1531211724736,1603421,0.00006900,6.00000000,1
1531211731318,1531211731314,1603422,0.00006900,52.00000000,1
1531212001096,1531212001092,1603423,0.00006864,1.00000000,1
1531212256309,1531212256305,1603424,0.00006914,55.00000000,0
1531212273701,1531212273696,1603425,0.00006914,144.00000000,0
1531212316491,1531212316487,1603426,0.00006914,242.00000000,0
1531212316715,1531212316714,1603427,0.00006914,44.00000000,0
1531212316748,1531212316747,1603428,0.00006914,91.00000000,1
1531212316817,1531212316812,1603429,0.00006914,15.00000000,1
1531212317067,1531212317062,1603430,0.00006914,20.00000000,1
1531212317520,1531212317514,1603431,0.00006914,72.00000000,1
1531212319982,1531212319980,1603432,0.00006915,97.00000000,0
1531212320951,1531212320946,1603433,0.00006915,18.00000000,0
1531212320951,1531212320946,1603434,0.00006928,223.00000000,0
1531212336350,1531212336345,1603435,0.00006926,15.00000000,0
1531212414798,1531212414792,1603436,0.00006883,8.00000000,1
1531213172964,1531213172958,1603437,0.00006865,3.00000000,1
1531213179077,1531213179073,1603438,0.00006895,23.00000000,0
1531213242296,1531213242292,1603439,0.00006895,11.00000000,0
1531213242296,1531213242292,1603440,0.00006897,9.00000000,0
1531213266572,1531213266567,1603441,0.00006897,107.00000000,0
1531213284912,1531213284908,1603442,0.00006878,3.00000000,1
1531213341074,1531213341068,1603443,0.00006912,1.00000000,0
1531213835678,1531213835673,1603444,0.00006912,114.00000000,0
1531213835678,1531213835673,1603445,0.00006926,63.00000000,0
1531213835678,1531213835673,1603446,0.00006929,23.00000000,0
1531214060401,1531214060397,1603447,0.00006888,50.00000000,1
1531214060433,1531214060429,1603448,0.00006888,20.00000000,1
1531214073477,1531214073473,1603449,0.00006923,114.00000000,0
1531214361496,1531214361492,1603450,0.00006922,234.00000000,0
1531214362289,1531214362284,1603451,0.00006922,110.00000000,0
1531214362309,1531214362304,1603452,0.00006922,91.00000000,1
1531214362344,1531214362341,1603453,0.00006922,19.00000000,1
1531214370995,1531214370990,1603454,0.00006922,14.00000000,1
1531214540480,1531214540474,1603455,0.00006908,8.00000000,1
1531214714346,1531214714342,1603456,0.00006908,90.00000000,1
1531214734945,1531214734941,1603457,0.00006908,17.00000000,1
1531214734985,1531214734982,1603458,0.00006900,40.00000000,0
1531214735000,1531214734996,1603459,0.00006900,112.00000000,0
1531214735024,1531214735021,1603460,0.00006900,99.00000000,0
1531214735032,1531214735029,1603461,0.00006900,180.00000000,0
1531214735061,1531214735057,1603462,0.00006900,91.00000000,0
1531214735218,1531214735213,1603463,0.00006900,95.00000000,0
1531214735416,1531214735411,1603464,0.00006900,225.00000000,0
1531214735503,1531214735498,1603465,0.00006900,68.00000000,0
1531214750671,1531214750667,1603466,0.00006900,157.00000000,1
1531214756402,1531214756397,1603467,0.00006890,3.00000000,1
1531214766541,1531214766537,1603468,0.00006890,15.00000000,1
1531214766541,1531214766537,1603469,0.00006889,84.00000000,1
1531214788463,1531214788459,1603470,0.00006889,32.00000000,1
1531214788463,1531214788459,1603471,0.00006880,61.00000000,1
1531214788463,1531214788459,1603472,0.00006879,701.00000000,1
1531214788463,1531214788459,1603473,0.00006878,730.00000000,1
1531214788463,1531214788459,1603474,0.00006864,60.00000000,1
1531214788482,1531214788477,1603475,0.00006864,168.00000000,0
1531214788488,1531214788484,1603476,0.00006864,168.00000000,0
1531214788502,1531214788498,1603477,0.00006864,275.00000000,0
1531214788517,1531214788514,1603478,0.00006864,79.00000000,0
1531214788523,1531214788520,1603479,0.00006864,90.00000000,0
1531214788541,1531214788537,1603480,0.00006864,168.00000000,0
1531214788550,1531214788545,1603481,0.00006864,68.00000000,0
1531214792451,1531214792445,1603482,0.00006860,3.00000000,1
1531214794114,1531214794109,1603483,0.00006863,743.00000000,0
1531214795009,1531214795005,1603484,0.00006864,184.00000000,0
1531214809757,1531214809751,1603485,0.00006864,969.00000000,0
1531214812715,1531214812711,1603486,0.00006864,100.00000000,0
1531214812799,1531214812794,1603487,0.00006864,230.00000000,0
1531214820785,1531214820780,1603488,0.00006860,15.00000000,1
1531214833805,1531214833802,1603489,0.00006864,116.00000000,0
1531214844881,1531214844878,1603490,0.00006864,316.00000000,0
1531214852346,1531214852341,1603491,0.00006860,26.00000000,1
1531214853237,1531214853233,1603492,0.00006860,11.00000000,0
1531214853237,1531214853233,1603493,0.00006864,96.00000000,0
1531214856283,1531214856278,1603494,0.00006844,3.00000000,1
1531214860285,1531214860280,1603495,0.00006844,3.00000000,1
1531214864745,1531214864741,1603496,0.00006844,3.00000000,1
1531214869617,1531214869612,1603497,0.00006844,3.00000000,1
1531214871682,1531214871678,1603498,0.00006864,56.00000000,0
1531214872672,1531214872666,1603499,0.00006864,82.00000000,0
1531214874335,1531214874331,1603500,0.00006844,3.00000000,1
1531214879015,1531214879010,1603501,0.00006844,3.00000000,1
1531214884602,1531214884598,1603502,0.00006844,3.00000000,1
1531214884983,1531214884978,1603503,0.00006844,94.00000000,1
1531214889445,1531214889442,1603504,0.00006863,61.00000000,0
1531214889445,1531214889442,1603505,0.00006864,972.00000000,0
1531214891303,1531214891299,1603506,0.00006844,3.00000000,1
1531214892863,1531214892859,1603507,0.00006844,3.00000000,1
1531214936155,1531214936151,1603508,0.00006864,22.00000000,0
1531214940861,1531214940857,1603509,0.00006864,111.00000000,0
1531214942172,1531214942168,1603510,0.00006864,115.00000000,0
1531215008080,1531215008075,1603511,0.00006864,16.00000000,0
1531215049482,1531215049478,1603512,0.00006864,1.00000000,0
1531215155757,1531215155753,1603513,0.00006864,389.00000000,0
1531215273914,1531215273909,1603514,0.00006864,1.00000000,0
1531215368383,1531215368378,1603515,0.00006864,1.00000000,0
1531215437610,1531215437607,1603516,0.00006864,33.00000000,0
1531215612108,1531215612103,1603517,0.00006871,24.00000000,0
1531215630168,1531215630162,1603518,0.00006871,32.00000000,0
1531215656649,1531215656645,1603519,0.00006871,20.00000000,0
1531215659662,1531215659659,1603520,0.00006871,1.00000000,0
1531215684250,1531215684247,1603521,0.00006844,137.00000000,1
1531215684266,1531215684262,1603522,0.00006844,35.00000000,1
1531215684266,1531215684262,1603523,0.00006839,2.00000000,1
1531215684659,1531215684655,1603524,0.00006839,28.00000000,1
1531215684659,1531215684655,1603525,0.00006813,644.00000000,1
1531215687132,1531215687129,1603526,0.00006815,3.00000000,1
1531215692304,1531215692300,1603527,0.00006827,59.00000000,1
1531215695597,1531215695593,1603528,0.00006827,72.00000000,0
1531215695597,1531215695593,1603529,0.00006828,49.00000000,0
1531215701495,1531215701490,1603530,0.00006860,25.00000000,0
1531215705954,1531215705950,1603531,0.00006826,117.00000000,1
1531215705954,1531215705950,1603532,0.00006812,7.00000000,1
1531215706667,1531215706663,1603533,0.00006812,131.00000000,1
1531215716324,1531215716320,1603534,0.00006814,3.00000000,1
1531215728382,1531215728376,1603535,0.00006835,68.00000000,0
1531215729659,1531215729656,1603536,0.00006828,16.00000000,1
1531215729659,1531215729656,1603537,0.00006812,71.00000000,1
1531215737621,1531215737618,1603538,0.00006814,358.00000000,1
1531215739457,1531215739452,1603539,0.00006842,105.00000000,0
1531215757046,1531215757042,1603540,0.00006814,3.00000000,1
1531215769791,1531215769788,1603541,0.00006815,15.00000000,1
1531215815843,1531215815839,1603542,0.00006842,12.00000000,0
1531215815843,1531215815839,1603543,0.00006870,17.00000000,0
1531215816336,1531215816332,1603544,0.00006815,3.00000000,1
1531215816799,1531215816793,1603545,0.00006870,1.00000000,0
1531215862636,1531215862632,1603546,0.00006824,3.00000000,1
1531215862969,1531215862964,1603547,0.00006858,6.00000000,0
1531215863233,1531215863228,1603548,0.00006858,6.00000000,0
1531215863247,1531215863243,1603549,0.00006858,3.00000000,0
1531215863387,1531215863382,1603550,0.00006858,23.00000000,0
1531215874049,1531215874044,1603551,0.00006824,3.00000000,1
1531215883916,1531215883912,1603552,0.00006824,3.00000000,1
1531215898087,1531215898083,1603553,0.00006824,3.00000000,1
1531215901711,1531215901707,1603554,0.00006824,3.00000000,1
1531215908414,1531215908410,1603555,0.00006824,3.00000000,1
1531215917037,1531215917034,1603556,0.00006858,26.00000000,0
1531215919806,1531215919802,1603557,0.00006858,23.00000000,0
1531215925475,1531215925469,1603558,0.00006858,26.00000000,0
1531215971578,1531215971574,1603559,0.00006858,3.00000000,0
1531215971578,1531215971574,1603560,0.00006870,125.00000000,0
1531215986936,1531215986932,1603561,0.00006870,501.00000000,0
1531215987133,1531215987129,1603562,0.00006880,15.00000000,0
1531215987133,1531215987129,1603563,0.00006884,15.00000000,0
1531215987133,1531215987129,1603564,0.00006897,86.00000000,0
1531215987133,1531215987129,1603565,0.00006898,65.00000000,0
1531215987133,1531215987129,1603566,0.00006961,97.00000000,0
1531215987373,1531215987369,1603567,0.00006915,394.00000000,1
1531215988286,1531215988282,1603568,0.00006885,72.00000000,1
1531216004251,1531216004247,1603569,0.00006885,162.00000000,1
1531216008623,1531216008618,1603570,0.00006885,99.00000000,1
1531216009126,1531216009122,1603571,0.00006885,32.00000000,1
1531216009918,1531216009914,1603572,0.00006885,31.00000000,1
1531216010029,1531216010025,1603573,0.00006885,210.00000000,1
1531216050320,1531216050316,1603574,0.00006900,15.00000000,0
1531216051192,1531216051188,1603575,0.00006901,158.00000000,1
1531216053613,1531216053610,1603576,0.00006914,163.00000000,0
1531216057427,1531216057423,1603577,0.00006885,6.00000000,1
1531216058043,1531216058038,1603578,0.00006885,3.00000000,1
1531216058580,1531216058576,1603579,0.00006885,6.00000000,1
1531216073326,1531216073323,1603580,0.00006901,11.00000000,0
1531216200757,1531216200754,1603581,0.00006884,2.00000000,1
1531216205370,1531216205366,1603582,0.00006884,145.00000000,1
1531216207531,1531216207527,1603583,0.00006884,137.00000000,1
1531216208471,1531216208468,1603584,0.00006884,135.00000000,1
1531216209184,1531216209181,1603585,0.00006884,2.00000000,1
1531216284775,1531216284772,1603586,0.00006884,103.00000000,1
1531216300970,1531216300966,1603587,0.00006884,7.00000000,1
1531216300970,1531216300966,1603588,0.00006883,116.00000000,1
1531216595250,1531216595245,1603589,0.00006870,8.00000000,1
1531216638719,1531216638715,1603590,0.00006870,22.00000000,1
1531216854482,1531216854478,1603591,0.00006870,436.00000000,1
1531216963001,1531216962997,1603592,0.00006870,4.00000000,1
1531217075669,1531217075666,1603593,0.00006900,84.00000000,0
1531217108844,1531217108839,1603594,0.00006900,222.00000000,0
1531217146207,1531217146203,1603595,0.00006900,98.00000000,0
1531217146207,1531217146203,1603596,0.00006901,7.00000000,0
1531217311635,1531217311630,1603597,0.00006871,25.00000000,1
1531217407299,1531217407294,1603598,0.00006870,31.00000000,1
1531217407299,1531217407294,1603599,0.00006868,116.00000000,1
1531217407299,1531217407294,1603600,0.00006844,45.00000000,1
1531217407299,1531217407294,1603601,0.00006831,9.00000000,1
1531217417332,1531217417328,1603602,0.00006833,3.00000000,1
1531217446786,1531217446781,1603603,0.00006837,15.00000000,1
1531217478675,1531217478670,1603604,0.00006857,15.00000000,0
1531217526625,1531217526621,1603605,0.00006860,15.00000000,0
1531217526625,1531217526621,1603606,0.00006861,59.00000000,0
1531217537258,1531217537253,1603607,0.00006861,48.00000000,0
1531217591953,1531217591947,1603608,0.00006861,1571.00000000,0
1531217657080,1531217657075,1603609,0.00006861,112.00000000,0
1531218097505,1531218097500,1603610,0.00006861,202.00000000,0
1531218198276,1531218198271,1603611,0.00006861,2.00000000,0
1531218337495,1531218337491,1603612,0.00006861,112.00000000,0
1531218515952,1531218515947,1603613,0.00006835,173.00000000,1
1531218538621,1531218538617,1603614,0.00006835,83.00000000,1
1531218646289,1531218646283,1603615,0.00006840,8.00000000,1
1531218677577,1531218677572,1603616,0.00006861,128.00000000,0
1531218749814,1531218749809,1603617,0.00006861,118.00000000,0
1531219038298,1531219038292,1603618,0.00006856,25.00000000,0
1531219040286,1531219040283,1603619,0.00006855,74.00000000,0
1531219045702,1531219045697,1603620,0.00006855,145.00000000,0
1531219045744,1531219045739,1603621,0.00006855,36.00000000,0
1531219046709,1531219046705,1603622,0.00006855,145.00000000,0
1531219047692,1531219047689,1603623,0.00006855,98.00000000,0
1531219127202,1531219127198,1603624,0.00006855,101.00000000,0
1531219127435,1531219127430,1603625,0.00006855,57.00000000,0
1531219128098,1531219128093,1603626,0.00006855,30.00000000,0
1531219356337,1531219356333,1603627,0.00006855,33.00000000,0
1531219569672,1531219569668,1603628,0.00006855,816.00000000,0
1531219707708,1531219707702,1603629,0.00006855,296.00000000,0
1531219802268,1531219802263,1603630,0.00006855,200.00000000,0
1531219802462,1531219802458,1603631,0.00006830,73.00000000,1
1531219820248,1531219820244,1603632,0.00006855,236.00000000,0
1531219823044,1531219823039,1603633,0.00006855,1.00000000,0
1531219923746,1531219923741,1603634,0.00006855,62.00000000,0
1531220057675,1531220057670,1603635,0.00006855,62.00000000,0
1531220057864,1531220057857,1603636,0.00006855,1.00000000,0
1531220081329,1531220081323,1603637,0.00006830,44.00000000,1
1531220081329,1531220081323,1603638,0.00006821,159.00000000,1
1531220087829,1531220087824,1603639,0.00006826,3.00000000,1
1531220154582,1531220154580,1603640,0.00006847,45.00000000,0
1531220190069,1531220190064,1603641,0.00006819,3.00000000,1
1531220239410,1531220239405,1603642,0.00006843,87.00000000,0
1531220252199,1531220252196,1603643,0.00006843,85.00000000,0
1531220252199,1531220252196,1603644,0.00006848,300.00000000,0
1531220262731,1531220262727,1603645,0.00006849,15.00000000,0
1531220356163,1531220356155,1603646,0.00006849,15.00000000,0
1531220413465,1531220413463,1603647,0.00006849,15.00000000,0
1531220512462,1531220512456,1603648,0.00006849,20.00000000,0
1531220522681,1531220522676,1603649,0.00006849,51.00000000,0
1531220522681,1531220522676,1603650,0.00006855,29.00000000,0
1531220605117,1531220605113,1603651,0.00006855,2.00000000,0
1531220621552,1531220621549,1603652,0.00006825,8.00000000,1
1531220654570,1531220654568,1603653,0.00006854,1.00000000,0
1531220692637,1531220692631,1603654,0.00006854,34.00000000,0
1531220692637,1531220692631,1603655,0.00006855,82.00000000,0
1531220795991,1531220795985,1603656,0.00006855,15.00000000,0
1531220918822,1531220918816,1603657,0.00006829,91.00000000,1
1531220918822,1531220918816,1603658,0.00006822,19.00000000,1
1531221021894,1531221021889,1603659,0.00006850,15.00000000,0
1531221182206,1531221182202,1603660,0.00006850,15.00000000,0
1531221185067,1531221185062,1603661,0.00006850,61.00000000,0
1531221185067,1531221185062,1603662,0.00006851,72.00000000,0
1531221185067,1531221185062,1603663,0.00006855,12.00000000,0
1531221204891,1531221204886,1603664,0.00006855,1.00000000,0
1531221337109,1531221337103,1603665,0.00006855,129.00000000,0
1531221418096,1531221418090,1603666,0.00006855,129.00000000,0
1531221419171,1531221419167,1603667,0.00006855,57.00000000,0
1531221420400,1531221420395,1603668,0.00006855,13.00000000,0
1531221433845,1531221433840,1603669,0.00006855,472.00000000,0
1531221436716,1531221436712,1603670,0.00006855,73.00000000,0
1531221529328,1531221529323,1603671,0.00006855,15.00000000,0
1531221655387,1531221655383,1603672,0.00006855,15.00000000,0
1531221787606,1531221787601,1603673,0.00006855,86.00000000,0
1531221787635,1531221787630,1603674,0.00006855,40.00000000,0
1531221826377,1531221826373,1603675,0.00006855,15.00000000,0
1531221828106,1531221828101,1603676,0.00006855,121.00000000,0
1531221828267,1531221828263,1603677,0.00006855,26.00000000,0
1531221829702,1531221829698,1603678,0.00006855,151.00000000,0
1531221861030,1531221861025,1603679,0.00006855,296.00000000,0
1531221915314,1531221915310,1603680,0.00006855,145.00000000,0
1531222560042,1531222560038,1603681,0.00006855,37.00000000,0
1531222573105,1531222573100,1603682,0.00006855,160.00000000,0
1531222631125,1531222631122,1603683,0.00006855,40.00000000,0
1531222631125,1531222631122,1603684,0.00006856,81.00000000,0
1531222636463,1531222636460,1603685,0.00006856,137.00000000,0
1531222642221,1531222642220,1603686,0.00006856,460.00000000,0
1531222645285,1531222645282,1603687,0.00006861,20.00000000,0
1531222648361,1531222648357,1603688,0.00006861,151.00000000,0
1531222678063,1531222678059,1603689,0.00006861,112.00000000,0
1531222678121,1531222678117,1603690,0.00006861,110.00000000,0
1531222678143,1531222678140,1603691,0.00006861,210.00000000,0
1531222678447,1531222678444,1603692,0.00006861,263.00000000,0
1531222681366,1531222681361,1603693,0.00006861,185.00000000,0
1531222686711,1531222686708,1603694,0.00006861,130.00000000,0
1531222705222,1531222705218,1603695,0.00006861,329.00000000,0
1531222721291,1531222721287,1603696,0.00006861,20.00000000,0
1531222744424,1531222744421,1603697,0.00006857,26.00000000,1
1531222745662,1531222745659,1603698,0.00006857,8.00000000,1
1531222751009,1531222751006,1603699,0.00006857,56.00000000,1
1531222751399,1531222751395,1603700,0.00006857,14.00000000,1
1531222768022,1531222768019,1603701,0.00006861,30.00000000,0
1531222768781,1531222768776,1603702,0.00006857,333.00000000,1
1531222768781,1531222768776,1603703,0.00006854,127.00000000,1
1531222798502,1531222798498,1603704,0.00006854,36.00000000,1
1531222798502,1531222798498,1603705,0.00006840,185.00000000,1
1531222798502,1531222798498,1603706,0.00006837,117.00000000,1
1531222798502,1531222798498,1603707,0.00006817,20.00000000,1
1531222798574,1531222798572,1603708,0.00006817,1722.00000000,0
1531222800158,1531222800153,1603709,0.00006817,420.00000000,0
1531222803688,1531222803687,1603710,0.00006817,11.00000000,0
1531222808674,1531222808670,1603711,0.00006816,3.00000000,1
1531222886564,1531222886560,1603712,0.00006855,4.00000000,0
1531222924560,1531222924556,1603713,0.00006812,21.00000000,1
1531222924965,1531222924961,1603714,0.00006812,3.00000000,1
1531222932688,1531222932684,1603715,0.00006855,43.00000000,0
1531222959548,1531222959545,1603716,0.00006813,138.00000000,1
1531222999131,1531222999127,1603717,0.00006816,94.00000000,1
1531222999131,1531222999127,1603718,0.00006812,42.00000000,1
1531223005347,1531223005344,1603719,0.00006814,21.00000000,1
1531223224807,1531223224804,1603720,0.00006812,2.00000000,1
1531223275521,1531223275517,1603721,0.00006854,138.00000000,0
1531223275521,1531223275517,1603722,0.00006855,7.00000000,0
1531223427847,1531223427843,1603723,0.00006855,62.00000000,0
1531223427847,1531223427843,1603724,0.00006861,7240.00000000,0
1531223431590,1531223431586,1603725,0.00006871,45.00000000,0
1531223438108,1531223438104,1603726,0.00006877,15.00000000,0
1531223440146,1531223440143,1603727,0.00006878,155.00000000,1
1531223440990,1531223440987,1603728,0.00006878,150.00000000,1
1531223443244,1531223443240,1603729,0.00006878,130.00000000,1
1531223447858,1531223447855,1603730,0.00006880,20.00000000,0
1531223447858,1531223447855,1603731,0.00006896,116.00000000,0
1531223447858,1531223447855,1603732,0.00006901,9.00000000,0
1531223452568,1531223452565,1603733,0.00006901,85.00000000,0
1531223454529,1531223454524,1603734,0.00006901,3.00000000,1
1531223462716,1531223462714,1603735,0.00006891,7.00000000,1
1531223463603,1531223463598,1603736,0.00006891,7.00000000,1
1531223464145,1531223464142,1603737,0.00006891,45.00000000,1
1531223464206,1531223464204,1603738,0.00006891,7.00000000,1
1531223464833,1531223464830,1603739,0.00006891,7.00000000,1
1531223465556,1531223465553,1603740,0.00006891,7.00000000,1
1531223466217,1531223466214,1603741,0.00006891,7.00000000,1
1531223466796,1531223466791,1603742,0.00006891,8.00000000,1
1531223467609,1531223467607,1603743,0.00006891,7.00000000,1
1531223468657,1531223468653,1603744,0.00006827,7.00000000,1
1531223469486,1531223469482,1603745,0.00006877,7.00000000,1
1531223470124,1531223470119,1603746,0.00006877,7.00000000,1
1531223470530,1531223470526,1603747,0.00006877,8.00000000,1
1531223471084,1531223471079,1603748,0.00006877,7.00000000,1
1531223471701,1531223471698,1603749,0.00006877,7.00000000,1
1531223472360,1531223472356,1603750,0.00006877,7.00000000,1
1531223472972,1531223472968,1603751,0.00006877,7.00000000,1
1531223473694,1531223473690,1603752,0.00006877,8.00000000,1
1531223503931,1531223503928,1603753,0.00006897,15.00000000,0
1531223544650,1531223544647,1603754,0.00006915,184.00000000,0
1531223544650,1531223544647,1603755,0.00006917,15.00000000,0
1531223544722,1531223544719,1603756,0.00006917,209.00000000,1
1531223545155,1531223545151,1603757,0.00006918,198.00000000,1
1531223545482,1531223545477,1603758,0.00006918,96.00000000,1
1531223545482,1531223545477,1603759,0.00006917,9.00000000,1
1531223545517,1531223545511,1603760,0.00006917,105.00000000,1
1531223554504,1531223554500,1603761,0.00006897,5.00000000,1
1531223584196,1531223584191,1603762,0.00006897,5.00000000,1
1531223588564,1531223588564,1603763,0.00006897,98.00000000,1
1531223593175,1531223593170,1603764,0.00006897,104.00000000,1
1531223665744,1531223665742,1603765,0.00006862,2.00000000,1
1531223707899,1531223707895,1603766,0.00006884,16.00000000,1
1531223837470,1531223837466,1603767,0.00006884,168.00000000,0
1531223837489,1531223837486,1603768,0.00006937,15.00000000,0
1531223837489,1531223837486,1603769,0.00006947,153.00000000,0
1531224073464,1531224073460,1603770,0.00006900,380.00000000,1
1531224073488,1531224073484,1603771,0.00006883,379.00000000,0
1531224076609,1531224076605,1603772,0.00006862,90.00000000,1
1531224076609,1531224076605,1603773,0.00006860,27.00000000,1
1531224076609,1531224076605,1603774,0.00006840,94.00000000,1
1531224111793,1531224111789,1603775,0.00006835,1.00000000,1
1531224117069,1531224117065,1603776,0.00006835,15.00000000,1
1531224215129,1531224215126,1603777,0.00006853,115.00000000,0
1531224217871,1531224217868,1603778,0.00006853,26.00000000,0
1531224218070,1531224218067,1603779,0.00006854,149.00000000,0
1531224218070,1531224218067,1603780,0.00006855,15.00000000,0
1531224218070,1531224218067,1603781,0.00006864,72.00000000,0
1531224218277,1531224218272,1603782,0.00006864,44.00000000,0
1531224218277,1531224218272,1603783,0.00006896,94.00000000,0
1531224218313,1531224218310,1603784,0.00006900,21.00000000,1
1531224218354,1531224218349,1603785,0.00006900,115.00000000,1
1531224218430,1531224218426,1603786,0.00006900,42.00000000,1
1531224238637,1531224238633,1603787,0.00006898,19.00000000,0
1531224238637,1531224238633,1603788,0.00006899,25.00000000,0
1531224402245,1531224402240,1603789,0.00006875,15.00000000,0
1531224402245,1531224402240,1603790,0.00006899,101.00000000,0
1531224402245,1531224402240,1603791,0.00006945,688.00000000,0
1531224402245,1531224402240,1603792,0.00006946,419.00000000,0
1531224402245,1531224402240,1603793,0.00006947,56.00000000,0
1531224402245,1531224402240,1603794,0.00006949,1569.00000000,0
1531224420092,1531224420088,1603795,0.00006909,332.00000000,1
1531224428104,1531224428102,1603796,0.00006909,15.00000000,1
1531224470877,1531224470873,1603797,0.00006919,15.00000000,1
1531224494006,1531224494007,1603798,0.00006921,73.00000000,1
1531224527388,1531224527385,1603799,0.00006923,143.00000000,1
1531224543916,1531224543913,1603800,0.00006923,48.00000000,1
1531224784614,1531224784617,1603801,0.00006931,144.00000000,0
1531224869409,1531224869411,1603802,0.00006902,8.00000000,1
1531224871094,1531224871094,1603803,0.00006880,8.00000000,1
1531224872612,1531224872610,1603804,0.00006880,3.00000000,1
1531224959860,1531224959857,1603805,0.00006866,3.00000000,1
1531224996219,1531224996218,1603806,0.00006869,1.00000000,1
1531225062794,1531225062796,1603807,0.00006882,47.00000000,1
1531225235953,1531225235951,1603808,0.00006915,21.00000000,0
1531225252890,1531225252887,1603809,0.00006915,39.00000000,0
1531225298960,1531225298957,1603810,0.00006901,2.00000000,1
1531225310290,1531225310286,1603811,0.00006902,95.00000000,1
1531225310908,1531225310903,1603812,0.00006902,47.00000000,1
1531225497129,1531225497125,1603813,0.00006906,117.00000000,1
1531225583312,1531225583309,1603814,0.00006926,75.00000000,0
1531225619984,1531225619986,1603815,0.00006907,197.00000000,1
1531225619984,1531225619986,1603816,0.00006904,12.00000000,1
1531225735428,1531225735425,1603817,0.00006927,255.00000000,0
1531225758318,1531225758315,1603818,0.00006930,101.00000000,0
1531225759300,1531225759297,1603819,0.00006930,16.00000000,0
1531225759300,1531225759297,1603820,0.00006932,616.00000000,0
1531225768259,1531225768255,1603821,0.00006930,216.00000000,1
1531225772132,1531225772129,1603822,0.00006929,60.00000000,1
1531225782151,1531225782147,1603823,0.00006931,5.00000000,1
1531225825427,1531225825424,1603824,0.00006929,3.00000000,1
1531225856762,1531225856758,1603825,0.00006913,115.00000000,1
1531225856762,1531225856758,1603826,0.00006906,367.00000000,1
1531225939446,1531225939442,1603827,0.00006906,43.00000000,1
1531226056901,1531226056899,1603828,0.00006924,72.00000000,0
1531226056901,1531226056899,1603829,0.00006932,383.00000000,0
1531226057111,1531226057112,1603830,0.00006933,194.00000000,1
1531226059671,1531226059667,1603831,0.00006935,15.00000000,0
1531226064530,1531226064529,1603832,0.00006935,7.00000000,1
1531226070963,1531226070960,1603833,0.00006951,115.00000000,0
1531226070978,1531226070978,1603834,0.00006962,315.00000000,1
1531226070989,1531226070990,1603835,0.00006962,255.00000000,1
1531226071007,1531226071004,1603836,0.00006962,63.00000000,1
1531226071015,1531226071011,1603837,0.00006962,34.00000000,1
1531226071138,1531226071130,1603838,0.00006962,272.00000000,1
1531226071277,1531226071274,1603839,0.00006962,252.00000000,1
1531226087743,1531226087738,1603840,0.00006935,18.00000000,1
1531226265548,1531226265544,1603841,0.00006916,1.00000000,1
1531226329404,1531226329399,1603842,0.00006916,524.00000000,0
1531226329987,1531226329983,1603843,0.00006916,81.00000000,0
1531226418327,1531226418323,1603844,0.00006916,181.00000000,0
1531226419738,1531226419735,1603845,0.00006916,85.00000000,0
1531226460220,1531226460217,1603846,0.00006906,2.00000000,1
1531226481626,1531226481622,1603847,0.00006906,640.00000000,1
1531226617786,1531226617783,1603848,0.00006907,38.00000000,1
1531226667018,1531226667015,1603849,0.00006907,99.00000000,1
1531226942518,1531226942515,1603850,0.00006928,40.00000000,0
1531226990055,1531226990053,1603851,0.00006907,1.00000000,1
1531226995675,1531226995672,1603852,0.00006928,28.00000000,0
1531227009927,1531227009923,1603853,0.00006907,8.00000000,1
1531227161397,1531227161394,1603854,0.00006907,17.00000000,1
1531227693141,1531227693136,1603855,0.00006924,15.00000000,0
1531227762821,1531227762818,1603856,0.00006907,2.00000000,1
1531228249388,1531228249383,1603857,0.00006924,521.00000000,0
1531228249583,1531228249580,1603858,0.00006924,80.00000000,0
1531228294201,1531228294197,1603859,0.00006924,151.00000000,0
1531228656499,1531228656495,1603860,0.00006924,911.00000000,0
1531229056499,1531229056493,1603861,0.00006925,2.00000000,1
1531229058519,1531229058515,1603862,0.00006925,2.00000000,1
1531229185316,1531229185313,1603863,0.00006925,6.00000000,1
1531229211000,1531229210995,1603864,0.00006945,15.00000000,0
1531229216373,1531229216368,1603865,0.00006945,143.00000000,1
1531229225800,1531229225797,1603866,0.00006954,15.00000000,0
1531229230723,1531229230720,1603867,0.00006955,7.00000000,1
1531229242396,1531229242392,1603868,0.00006955,15.00000000,1
1531229242396,1531229242392,1603869,0.00006954,60.00000000,1
1531229242396,1531229242392,1603870,0.00006932,114.00000000,1
1531229245919,1531229245914,1603871,0.00006960,76.00000000,0
1531229460721,1531229460717,1603872,0.00006931,175.00000000,1
1531229633350,1531229633346,1603873,0.00006961,16.00000000,0
1531229954423,1531229954419,1603874,0.00006909,2.00000000,1
1531230017588,1531230017583,1603875,0.00006951,30.00000000,0
1531230059832,1531230059828,1603876,0.00006951,9.00000000,0
1531230158555,1531230158551,1603877,0.00006920,31.00000000,1
1531230195536,1531230195532,1603878,0.00006920,169.00000000,1
1531230195562,1531230195558,1603879,0.00006920,77.00000000,0
1531230603503,1531230603498,1603880,0.00006950,1.00000000,0
1531230774395,1531230774391,1603881,0.00006950,158.00000000,0
1531230776174,1531230776172,1603882,0.00006950,139.00000000,1
1531230812114,1531230812109,1603883,0.00006950,139.00000000,1
1531230860768,1531230860763,1603884,0.00006951,252.00000000,0
1531230906976,1531230906971,1603885,0.00006960,19.00000000,0
1531230973049,1531230973044,1603886,0.00006962,7.00000000,0
1531231048628,1531231048623,1603887,0.00006950,69.00000000,1
1531231413490,1531231413486,1603888,0.00006950,2.00000000,0
1531231436265,1531231436260,1603889,0.00006950,204.00000000,0
1531231448839,1531231448832,1603890,0.00006924,72.00000000,1
1531232027960,1531232027956,1603891,0.00006920,433.00000000,1
1531232074054,1531232074049,1603892,0.00006919,765.00000000,1
1531232074054,1531232074049,1603893,0.00006918,124.00000000,1
1531232089252,1531232089248,1603894,0.00006918,397.00000000,1
1531232113413,1531232113409,1603895,0.00006916,492.00000000,1
1531232161447,1531232161442,1603896,0.00006916,8.00000000,1
1531232230999,1531232230994,1603897,0.00006916,34.00000000,0
1531232495284,1531232495281,1603898,0.00006916,201.00000000,0
1531232495916,1531232495912,1603899,0.00006916,36.00000000,0
1531232525291,1531232525286,1603900,0.00006930,212.00000000,0
1531232531232,1531232531228,1603901,0.00006930,172.00000000,0
1531232560620,1531232560616,1603902,0.00006930,22.00000000,0
1531233062746,1531233062739,1603903,0.00006930,1.00000000,0
1531233628543,1531233628538,1603904,0.00006909,18.00000000,1
1531233632771,1531233632767,1603905,0.00006927,837.00000000,0
1531233632771,1531233632767,1603906,0.00006929,631.00000000,0
1531233632771,1531233632767,1603907,0.00006930,1333.00000000,0
1531233666341,1531233666338,1603908,0.00006920,1000.00000000,0
1531233706679,1531233706675,1603909,0.00006920,60.00000000,1
1531233710802,1531233710799,1603910,0.00006920,11.00000000,1
1531233783948,1531233783943,1603911,0.00006909,13.00000000,1
1531233848110,1531233848107,1603912,0.00006930,97.00000000,1
1531233886675,1531233886671,1603913,0.00006936,18.00000000,0
1531234003808,1531234003804,1603914,0.00006936,109.00000000,0
1531234872226,1531234872225,1603915,0.00006946,29.00000000,0
1531235053459,1531235053456,1603916,0.00006913,766.00000000,1
1531235054377,1531235054374,1603917,0.00006913,520.00000000,0
1531235054967,1531235054966,1603918,0.00006913,80.00000000,0
1531235064199,1531235064198,1603919,0.00006913,34.00000000,0
1531235086785,1531235086787,1603920,0.00006913,5351.00000000,0
1531235086792,1531235086790,1603921,0.00006913,4285.00000000,0
1531235087029,1531235087028,1603922,0.00006913,547.00000000,0
1531235145826,1531235145825,1603923,0.00006912,86.00000000,1
1531235186003,1531235186001,1603924,0.00006914,62.00000000,1
1531235186003,1531235186001,1603925,0.00006913,22.00000000,1
1531235696910,1531235696909,1603926,0.00006913,216.00000000,1
1531235984528,1531235984527,1603927,0.00006940,4.00000000,0
1531236011831,1531236011831,1603928,0.00006936,274.00000000,0
1531236017611,1531236017611,1603929,0.00006938,141.00000000,1
1531236360346,1531236360346,1603930,0.00006924,43.00000000,1
1531236431314,1531236431313,1603931,0.00006948,94.00000000,0
1531236431314,1531236431313,1603932,0.00006949,323.00000000,0
1531236432075,1531236432075,1603933,0.00006958,108.00000000,0
1531236432075,1531236432075,1603934,0.00006962,413.00000000,0
1531236478169,1531236478170,1603935,0.00006972,44.00000000,0
1531236517206,1531236517204,1603936,0.00006972,20.00000000,0
1531236517206,1531236517204,1603937,0.00006973,108.00000000,0
1531236517206,1531236517204,1603938,0.00006986,15.00000000,0
1531236518987,1531236518987,1603939,0.00006951,108.00000000,1
1531236519021,1531236519020,1603940,0.00006939,86.00000000,1
1531236519021,1531236519020,1603941,0.00006927,22.00000000,1
1531236523443,1531236523442,1603942,0.00006939,108.00000000,1
1531236523443,1531236523442,1603943,0.00006928,5243.00000000,1
1531236768714,1531236768714,1603944,0.00006927,22.00000000,1
1531236768714,1531236768714,1603945,0.00006922,467.00000000,1
1531237128977,1531237128976,1603946,0.00006967,86.00000000,0
1531237128977,1531237128976,1603947,0.00006968,108.00000000,0
1531237182407,1531237182406,1603948,0.00006974,4.00000000,0
1531237270827,1531237270827,1603949,0.00006950,144.00000000,1
1531237444270,1531237444271,1603950,0.00006930,206.00000000,1
1531237869257,1531237869256,1603951,0.00006933,103.00000000,1
1531237869257,1531237869256,1603952,0.00006930,2.00000000,1
1531237869257,1531237869256,1603953,0.00006927,106.00000000,1
1531238140025,1531238140024,1603954,0.00006973,5.00000000,0
1531238167589,1531238167588,1603955,0.00006927,3.00000000,1
1531238168798,1531238168797,1603956,0.00006927,997.00000000,0
1531238173979,1531238173977,1603957,0.00006967,98.00000000,0
1531238173979,1531238173977,1603958,0.00006968,108.00000000,0
1531238242128,1531238242127,1603959,0.00006924,156.00000000,1
1531238242665,1531238242663,1603960,0.00006923,1021.00000000,0
1531238427286,1531238427284,1603961,0.00006929,102.00000000,1
1531238427286,1531238427284,1603962,0.00006928,34.00000000,1
1531238442221,1531238442219,1603963,0.00006928,9.00000000,1
1531238486159,1531238486130,1603964,0.00006969,102.00000000,0
1531238486175,1531238486173,1603965,0.00006969,18.00000000,1
1531238552355,1531238552353,1603966,0.00006930,97.00000000,1
1531238552355,1531238552353,1603967,0.00006929,59.00000000,1
1531238564657,1531238564655,1603968,0.00006929,5.00000000,1
1531238564657,1531238564655,1603969,0.00006928,7.00000000,1
1531238567158,1531238567156,1603970,0.00006967,97.00000000,0
1531238567158,1531238567156,1603971,0.00006968,64.00000000,0
1531238787297,1531238787295,1603972,0.00006928,59.00000000,1
1531238787297,1531238787295,1603973,0.00006922,15.00000000,1
1531238787297,1531238787295,1603974,0.00006920,67.00000000,1
1531238789930,1531238789930,1603975,0.00006967,64.00000000,0
1531238789931,1531238789930,1603976,0.00006968,96.00000000,0
1531238975772,1531238975762,1603977,0.00006970,143.00000000,0
1531239173917,1531239173915,1603978,0.00006922,1.00000000,1
1531239175133,1531239175130,1603979,0.00006921,1.00000000,1
1531239240236,1531239240232,1603980,0.00006921,52.00000000,1
1531239429807,1531239429804,1603981,0.00006921,15.00000000,0
1531239751670,1531239751666,1603982,0.00006932,98.00000000,1
1531239791099,1531239791094,1603983,0.00006961,15.00000000,0
1531239793059,1531239793054,1603984,0.00006943,44.00000000,1
1531239810759,1531239810754,1603985,0.00006942,15.00000000,1
1531239815515,1531239815512,1603986,0.00006939,15.00000000,0
1531239829615,1531239829610,1603987,0.00006941,15.00000000,1
1531239842288,1531239842285,1603988,0.00006939,25.00000000,1
1531239877086,1531239877081,1603989,0.00006930,231.00000000,1
1531239945294,1531239945289,1603990,0.00006929,20.00000000,1
1531240009766,1531240009762,1603991,0.00006961,32.00000000,0
1531240012608,1531240012604,1603992,0.00006961,32.00000000,0
1531240013743,1531240013738,1603993,0.00006961,19.00000000,0
1531240013743,1531240013738,1603994,0.00006968,13.00000000,0
1531240014830,1531240014824,1603995,0.00006968,32.00000000,0
1531240015860,1531240015856,1603996,0.00006968,32.00000000,0
1531240016849,1531240016842,1603997,0.00006968,32.00000000,0
1531240018015,1531240018010,1603998,0.00006968,32.00000000,0
1531240018969,1531240018965,1603999,0.00006968,32.00000000,0
1531240020106,1531240020103,1604000,0.00006968,32.00000000,0
1531240022256,1531240022252,1604001,0.00006968,29.00000000,0
1531240022256,1531240022252,1604002,0.00006969,3.00000000,0
1531240023509,1531240023504,1604003,0.00006969,32.00000000,0
1531240024513,1531240024508,1604004,0.00006969,18.00000000,0
1531240024513,1531240024508,1604005,0.00006972,14.00000000,0
1531240025526,1531240025523,1604006,0.00006972,32.00000000,0
1531240026691,1531240026686,1604007,0.00006972,32.00000000,0
1531240027861,1531240027857,1604008,0.00006972,30.00000000,0
1531240027861,1531240027857,1604009,0.00006974,2.00000000,0
1531240028881,1531240028878,1604010,0.00006974,32.00000000,0
1531240030002,1531240029998,1604011,0.00006974,32.00000000,0
1531240031176,1531240031172,1604012,0.00006974,18.00000000,0
1531240031176,1531240031172,1604013,0.00006981,14.00000000,0
1531240032315,1531240032311,1604014,0.00006981,32.00000000,0
1531240033426,1531240033421,1604015,0.00006981,32.00000000,0
1531240034452,1531240034448,1604016,0.00006981,32.00000000,0
1531240035615,1531240035612,1604017,0.00006981,32.00000000,0
1531240036772,1531240036766,1604018,0.00006981,17.00000000,0
1531240036772,1531240036766,1604019,0.00007007,15.00000000,0
1531240037895,1531240037890,1604020,0.00007007,32.00000000,0
1531240039001,1531240038996,1604021,0.00007003,32.00000000,0
1531240040097,1531240040092,1604022,0.00007003,32.00000000,0
1531240041359,1531240041354,1604023,0.00007003,32.00000000,0
1531240042552,1531240042548,1604024,0.00007003,32.00000000,0
1531240043619,1531240043615,1604025,0.00007003,32.00000000,0
1531240044674,1531240044669,1604026,0.00007003,32.00000000,0
1531240045731,1531240045727,1604027,0.00006989,32.00000000,0
1531240046746,1531240046743,1604028,0.00006989,32.00000000,0
1531240047754,1531240047749,1604029,0.00006989,32.00000000,0
1531240048613,1531240048610,1604030,0.00006989,32.00000000,0
1531240049360,1531240049357,1604031,0.00006989,32.00000000,0
1531240050308,1531240050303,1604032,0.00006989,18.00000000,0
1531240050348,1531240050343,1604033,0.00007000,14.00000000,1
1531240051474,1531240051470,1604034,0.00007000,32.00000000,1
1531240052349,1531240052345,1604035,0.00007000,32.00000000,1
1531240053194,1531240053189,1604036,0.00006999,32.00000000,0
1531240053918,1531240053913,1604037,0.00006992,32.00000000,0
1531240086233,1531240086225,1604038,0.00006945,41.00000000,1
1531240086233,1531240086225,1604039,0.00006941,109.00000000,1
1531240086233,1531240086225,1604040,0.00006926,57.00000000,1
1531240086233,1531240086225,1604041,0.00006925,67.00000000,1
1531240086233,1531240086225,1604042,0.00006924,64.00000000,1
1531240086233,1531240086225,1604043,0.00006922,699.00000000,1
1531240086233,1531240086225,1604044,0.00006921,191.00000000,1
1531240133997,1531240133993,1604045,0.00006933,27.00000000,0
1531240163426,1531240163421,1604046,0.00006947,78.00000000,0
1531240163426,1531240163421,1604047,0.00006949,65.00000000,0
1531240183171,1531240183167,1604048,0.00006949,17.00000000,0
1531240601939,1531240601933,1604049,0.00006949,2.00000000,0
1531240869228,1531240869223,1604050,0.00006949,21.00000000,0
1531240870865,1531240870860,1604051,0.00006949,21.00000000,0
1531240894465,1531240894460,1604052,0.00006949,21.00000000,0
1531240897039,1531240897034,1604053,0.00006949,21.00000000,0
1531240911602,1531240911598,1604054,0.00006930,31.00000000,1
1531240950625,1531240950617,1604055,0.00006949,39.00000000,0
1531240953662,1531240953658,1604056,0.00006949,1.00000000,0
1531241265656,1531241265651,1604057,0.00006949,143.00000000,0
1531241434480,1531241434476,1604058,0.00006937,32.00000000,1
1531241434480,1531241434476,1604059,0.00006931,288.00000000,1
1531241434480,1531241434476,1604060,0.00006930,1.00000000,1
1531241434480,1531241434476,1604061,0.00006929,109.00000000,1
1531241435129,1531241435123,1604062,0.00006929,350.00000000,0
1531241437709,1531241437703,1604063,0.00006929,64.00000000,0
1531241437709,1531241437703,1604064,0.00006946,109.00000000,0
1531241513938,1531241513932,1604065,0.00006949,2.00000000,1
1531241526167,1531241526160,1604066,0.00006937,32.00000000,1
1531241526167,1531241526160,1604067,0.00006936,86.00000000,1
1531241569831,1531241569826,1604068,0.00006964,15.00000000,0
1531241576125,1531241576118,1604069,0.00006949,44.00000000,1
1531241585256,1531241585251,1604070,0.00006948,15.00000000,1
1531241609925,1531241609920,1604071,0.00006947,15.00000000,1
1531241609939,1531241609934,1604072,0.00006936,15.00000000,1
1531241619434,1531241619428,1604073,0.00006941,1.00000000,0
1531241820292,1531241820286,1604074,0.00006922,796.00000000,1
1531241830594,1531241830588,1604075,0.00006921,25.00000000,1
1531242084187,1531242084181,1604076,0.00006913,32.00000000,1
1531242084187,1531242084181,1604077,0.00006912,26.00000000,1
1531242084187,1531242084181,1604078,0.00006909,6.00000000,1
1531242199432,1531242199426,1604079,0.00006911,61.00000000,1
1531242199432,1531242199426,1604080,0.00006907,58.00000000,1
1531242364663,1531242364657,1604081,0.00006907,101.00000000,1
1531242440567,1531242440561,1604082,0.00006921,31.00000000,0
1531242463831,1531242463826,1604083,0.00006921,96.00000000,0
1531242667822,1531242667816,1604084,0.00006907,40.00000000,1
1531242792474,1531242792468,1604085,0.00006921,48.00000000,0
1531242792474,1531242792468,1604086,0.00006935,765.00000000,0
1531243043406,1531243043404,1604087,0.00006935,20.00000000,0
1531243076362,1531243076356,1604088,0.00006935,11.00000000,0
1531243076362,1531243076356,1604089,0.00006938,85.00000000,0
1531243076562,1531243076557,1604090,0.00006938,24.00000000,0
1531243076562,1531243076557,1604091,0.00006941,6.00000000,0
1531243076807,1531243076801,1604092,0.00006941,8.00000000,0
1531243076884,1531243076877,1604093,0.00006945,32.00000000,1
1531243077274,1531243077268,1604094,0.00006947,39.00000000,1
1531243078290,1531243078284,1604095,0.00006908,39.00000000,1
1531243230079,1531243230072,1604096,0.00006908,275.00000000,1
1531243370005,1531243369998,1604097,0.00006941,39.00000000,0
1531243370005,1531243369998,1604098,0.00006947,105.00000000,0
1531243989602,1531243989595,1604099,0.00006907,44.00000000,1
1531244052566,1531244052558,1604100,0.00006908,99.00000000,1
1531244524142,1531244524136,1604101,0.00006947,246.00000000,0
1531244530155,1531244530148,1604102,0.00006947,62.00000000,0
1531244530155,1531244530148,1604103,0.00006948,74.00000000,0
1531244539283,1531244539279,1604104,0.00006948,25.00000000,0
1531244540910,1531244540901,1604105,0.00006948,10.00000000,0
1531244540910,1531244540901,1604106,0.00006951,10.00000000,0
1531244798540,1531244798530,1604107,0.00006916,31.00000000,1
1531244914354,1531244914347,1604108,0.00006916,1.00000000,1
1531245273633,1531245273624,1604109,0.00006921,5.00000000,1
1531245452361,1531245452361,1604110,0.00006961,36.00000000,0
1531245456380,1531245456375,1604111,0.00006961,124.00000000,0
1531245456433,1531245456425,1604112,0.00006961,39.00000000,0
1531245456433,1531245456425,1604113,0.00006964,29.00000000,0
1531245456433,1531245456425,1604114,0.00006977,55.00000000,0
1531245456721,1531245456710,1604115,0.00006966,34.00000000,1
1531245456743,1531245456744,1604116,0.00006966,52.00000000,1
1531245457438,1531245457432,1604117,0.00006929,34.00000000,0
1531245579664,1531245579656,1604118,0.00006928,2.00000000,1
1531245782842,1531245782837,1604119,0.00006928,1.00000000,1
1531245818206,1531245818195,1604120,0.00006928,158.00000000,1
1531245832731,1531245832731,1604121,0.00006928,32.00000000,1
1531245850772,1531245850764,1604122,0.00006909,76.00000000,1
1531245872885,1531245872882,1604123,0.00006911,43.00000000,1
1531246008007,1531246008001,1604124,0.00006938,2.00000000,0
1531246020639,1531246020633,1604125,0.00006913,89.00000000,1
1531246020653,1531246020647,1604126,0.00006913,89.00000000,0
1531246020655,1531246020648,1604127,0.00006913,59.00000000,0
1531246020680,1531246020673,1604128,0.00006913,89.00000000,0
1531246020683,1531246020676,1604129,0.00006913,34.00000000,0
1531246085587,1531246085581,1604130,0.00006911,209.00000000,1
1531246085587,1531246085581,1604131,0.00006908,151.00000000,1
1531246085588,1531246085581,1604132,0.00006906,1016.00000000,1
1531246108908,1531246108905,1604133,0.00006938,79.00000000,0
1531246108908,1531246108905,1604134,0.00006939,65.00000000,0
1531246471386,1531246471383,1604135,0.00006939,44.00000000,0
1531246471386,1531246471383,1604136,0.00006949,151.00000000,0
1531246471386,1531246471383,1604137,0.00006978,159.00000000,0
1531246471386,1531246471383,1604138,0.00006985,644.00000000,0
1531246471386,1531246471383,1604139,0.00006986,89.00000000,0
1531246471386,1531246471383,1604140,0.00006991,67.00000000,0
1531246471401,1531246471395,1604141,0.00006999,115.00000000,1
1531246471404,1531246471398,1604142,0.00006999,29.00000000,1
1531246471445,1531246471437,1604143,0.00006999,44.00000000,1
1531246471455,1531246471454,1604144,0.00006999,30.00000000,1
1531246471473,1531246471466,1604145,0.00006999,798.00000000,1
1531246471480,1531246471473,1604146,0.00006999,95.00000000,1
1531246471509,1531246471502,1604147,0.00006999,485.00000000,1
1531246601802,1531246601795,1604148,0.00006929,16.00000000,1
1531246601802,1531246601795,1604149,0.00006920,107.00000000,1
1531246605478,1531246605472,1604150,0.00006958,32.00000000,0
1531246612095,1531246612087,1604151,0.00006920,387.00000000,1
1531246708529,1531246708522,1604152,0.00006920,324.00000000,1
1531246724481,1531246724478,1604153,0.00006920,434.00000000,0
1531246799353,1531246799347,1604154,0.00006920,17.00000000,0
1531246813305,1531246813296,1604155,0.00006920,176.00000000,0
1531246870507,1531246870511,1604156,0.00006920,99.00000000,0
1531246914563,1531246914557,1604157,0.00006920,67.00000000,0
1531246917063,1531246917058,1604158,0.00006920,98.00000000,0
1531246917536,1531246917530,1604159,0.00006920,25.00000000,0
1531246918572,1531246918569,1604160,0.00006920,30.00000000,0
1531247007325,1531247007319,1604161,0.00006920,26.00000000,0
1531247113849,1531247113844,1604162,0.00006920,88.00000000,0
1531247130111,1531247130107,1604163,0.00006920,72.00000000,0
1531247130712,1531247130707,1604164,0.00006920,95.00000000,0
1531247620799,1531247620801,1604165,0.00006919,54.00000000,1
1531247720084,1531247720080,1604166,0.00006959,27.00000000,0
1531248017061,1531248017067,1604167,0.00006959,501.00000000,0
1531248033115,1531248033109,1604168,0.00006959,26.00000000,0
1531248657815,1531248657807,1604169,0.00006928,102.00000000,1
1531248664760,1531248664752,1604170,0.00006928,11.00000000,0
1531248707914,1531248707907,1604171,0.00006945,43.00000000,0
1531248754512,1531248754507,1604172,0.00006928,66.00000000,0
1531248857807,1531248857806,1604173,0.00006919,19.00000000,1
1531248981439,1531248981430,1604174,0.00006915,19.00000000,1
1531249294184,1531249294175,1604175,0.00006917,81.00000000,1
1531249333451,1531249333442,1604176,0.00006954,2.00000000,0
1531250075964,1531250075954,1604177,0.00006917,83.00000000,1
1531251620378,1531251620369,1604178,0.00006941,2.00000000,1
1531252364246,1531252364247,1604179,0.00006952,15.00000000,0
1531253449192,1531253449183,1604180,0.00006952,81.00000000,0
1531253458212,1531253458205,1604181,0.00006952,95.00000000,0
1531253632632,1531253632624,1604182,0.00006941,13.00000000,1
1531253632926,1531253632916,1604183,0.00006941,10.00000000,0
1531253672997,1531253672990,1604184,0.00006952,43.00000000,0
1531253869114,1531253869107,1604185,0.00006952,1.00000000,0
1531253992833,1531253992822,1604186,0.00006952,76.00000000,0
1531253992833,1531253992822,1604187,0.00006955,59.00000000,0
1531253992833,1531253992822,1604188,0.00006964,9.00000000,0
1531254946732,1531254946726,1604189,0.00006964,59.00000000,0
1531255169318,1531255169315,1604190,0.00006964,2.00000000,0
1531255225404,1531255225404,1604191,0.00006964,4.00000000,0
1531255228416,1531255228412,1604192,0.00006964,49.00000000,0
1531255285316,1531255285310,1604193,0.00006967,108.00000000,0
1531255303691,1531255303686,1604194,0.00006969,15.00000000,0
1531255327125,1531255327121,1604195,0.00006967,801.00000000,0
1531255334462,1531255334462,1604196,0.00006967,266.00000000,0
1531255343523,1531255343518,1604197,0.00006967,93.00000000,0
1531255379493,1531255379489,1604198,0.00006967,384.00000000,0
1531255586792,1531255586787,1604199,0.00006967,431.00000000,0
1531255608093,1531255608088,1604200,0.00006972,7.00000000,1
1531255613647,1531255613642,1604201,0.00006972,7.00000000,1
1531255623699,1531255623696,1604202,0.00006977,15.00000000,0
1531255749551,1531255749547,1604203,0.00006977,597.00000000,0
1531255872556,1531255872558,1604204,0.00006989,19.00000000,0
1531255875819,1531255875819,1604205,0.00006985,15.00000000,1
1531255876030,1531255876032,1604206,0.00006973,7.00000000,1
1531255906564,1531255906562,1604207,0.00006984,212.00000000,0
1531255907648,1531255907648,1604208,0.00006982,437.00000000,1
1531255911034,1531255911037,1604209,0.00007010,28.00000000,0
1531255917104,1531255917103,1604210,0.00006984,327.00000000,1
1531255934071,1531255934067,1604211,0.00006984,40.00000000,1
1531256132232,1531256132231,1604212,0.00006985,29.00000000,1
1531256409925,1531256409922,1604213,0.00006985,12.00000000,0
1531256421622,1531256421620,1604214,0.00006978,40.00000000,1
1531256470509,1531256470509,1604215,0.00006978,2.00000000,1
1531256470509,1531256470509,1604216,0.00006976,57.00000000,1
1531256480395,1531256480394,1604217,0.00006976,4.00000000,1
1531256607763,1531256607761,1604218,0.00006976,537.00000000,1
1531256654093,1531256654090,1604219,0.00006975,263.00000000,1
1531256854686,1531256854688,1604220,0.00006985,66.00000000,0
1531256854985,1531256854983,1604221,0.00006985,30.00000000,1
1531256898071,1531256898073,1604222,0.00006975,36.00000000,1
1531258047840,1531258047837,1604223,0.00006975,30.00000000,1
1531258179924,1531258179921,1604224,0.00006972,1.00000000,1
1531258179924,1531258179921,1604225,0.00006954,17.00000000,1
1531258179924,1531258179921,1604226,0.00006953,74.00000000,1
1531258238007,1531258238008,1604227,0.00006975,526.00000000,0
1531258283585,1531258283582,1604228,0.00006984,29.00000000,0
1531258381950,1531258381947,1604229,0.00006984,92.00000000,1
1531258464947,1531258464943,1604230,0.00006993,32.00000000,0
1531258587360,1531258587359,1604231,0.00006997,142.00000000,0
1531258845211,1531258845205,1604232,0.00006985,15.00000000,1
1531258871407,1531258871402,1604233,0.00006959,1.00000000,1
1531258875240,1531258875235,1604234,0.00006985,17.00000000,0
1531258912065,1531258912059,1604235,0.00006959,13.00000000,1
1531259320334,1531259320326,1604236,0.00006959,1.00000000,1
1531259699897,1531259699893,1604237,0.00006959,2.00000000,1
1531259938889,1531259938884,1604238,0.00006959,89.00000000,1
1531260804157,1531260804150,1604239,0.00006999,500.00000000,0
1531260887272,1531260887265,1604240,0.00006959,1.00000000,1
1531260954681,1531260954676,1604241,0.00006999,142.00000000,0
1531261288198,1531261288193,1604242,0.00006996,7.00000000,1
1531261317615,1531261317610,1604243,0.00006996,20.00000000,1
1531261402356,1531261402352,1604244,0.00006967,26.00000000,1
1531262227157,1531262227156,1604245,0.00006967,1.00000000,1
1531262359710,1531262359708,1604246,0.00006967,20.00000000,1
1531262622437,1531262622436,1604247,0.00006970,88.00000000,1
1531262737479,1531262737480,1604248,0.00006970,75.00000000,1
1531262789015,1531262789013,1604249,0.00006970,1.00000000,1
1531263137485,1531263137485,1604250,0.00006994,50.00000000,0
1531263194256,1531263194256,1604251,0.00006970,1.00000000,1
1531263432901,1531263432901,1604252,0.00006970,14.00000000,1
1531263719464,1531263719465,1604253,0.00006970,2.00000000,1
1531263736182,1531263736183,1604254,0.00006970,95.00000000,1
1531263817663,1531263817660,1604255,0.00006994,12.00000000,0
1531263820371,1531263820371,1604256,0.00006995,60.00000000,0
1531263823097,1531263823098,1604257,0.00006970,78.00000000,1
1531263823374,1531263823375,1604258,0.00007000,15.00000000,0
1531263826375,1531263826376,1604259,0.00007004,33.00000000,0
1531263887816,1531263887816,1604260,0.00006970,31.00000000,1
1531264093274,1531264093274,1604261,0.00006987,15.00000000,1
1531264209772,1531264209771,1604262,0.00006971,619.00000000,1
1531264636483,1531264636483,1604263,0.00006971,3.00000000,1
1531264766789,1531264766787,1604264,0.00006970,3.00000000,1
1531264908620,1531264908619,1604265,0.00006970,99.00000000,1
1531264914707,1531264914706,1604266,0.00006970,67.00000000,1
1531264974368,1531264974368,1604267,0.00006970,32.00000000,1
1531265180850,1531265180849,1604268,0.00006970,164.00000000,1
1531265181903,1531265181902,1604269,0.00006967,76.00000000,1
1531265206174,1531265206172,1604270,0.00006970,90.00000000,0
1531265228373,1531265228372,1604271,0.00006954,17.00000000,1
1531265228373,1531265228372,1604272,0.00006953,17.00000000,1
1531265228373,1531265228372,1604273,0.00006941,109.00000000,1
1531265228373,1531265228372,1604274,0.00006923,19.00000000,1
1531265228373,1531265228372,1604275,0.00006919,86.00000000,1
1531265228373,1531265228372,1604276,0.00006918,19.00000000,1
1531265228373,1531265228372,1604277,0.00006911,271.00000000,1
1531265230035,1531265230036,1604278,0.00006956,86.00000000,0
1531265230035,1531265230036,1604279,0.00006970,247.00000000,0
1531265266511,1531265266511,1604280,0.00006929,54.00000000,1
1531265288624,1531265288623,1604281,0.00006929,55.00000000,1
1531265288624,1531265288623,1604282,0.00006913,93.00000000,1
1531265288624,1531265288623,1604283,0.00006911,150.00000000,1
1531265462482,1531265462478,1604284,0.00006917,1.00000000,1
1531265604088,1531265604084,1604285,0.00006969,187.00000000,0
1531265606313,1531265606313,1604286,0.00006969,345.00000000,0
1531265606370,1531265606368,1604287,0.00006969,20.00000000,0
1531265606798,1531265606798,1604288,0.00006969,67.00000000,0
1531265607775,1531265607775,1604289,0.00006969,353.00000000,1
1531265990278,1531265990277,1604290,0.00006971,7.00000000,0
1531265998182,1531265998182,1604291,0.00006971,24.00000000,0
1531266058997,1531266058997,1604292,0.00006928,8.00000000,1
1531266352311,1531266352311,1604293,0.00006971,72.00000000,0
1531266608572,1531266608571,1604294,0.00006931,2.00000000,1
1531266770016,1531266770016,1604295,0.00006934,1.00000000,1
1531266858676,1531266858676,1604296,0.00006944,144.00000000,0
1531266859076,1531266859074,1604297,0.00006944,1904.00000000,0
1531266877164,1531266877164,1604298,0.00006944,198.00000000,1
1531266877164,1531266877164,1604299,0.00006939,87.00000000,1
1531266877165,1531266877164,1604300,0.00006939,22.00000000,1
1531266877165,1531266877164,1604301,0.00006928,144.00000000,1
1531266877165,1531266877164,1604302,0.00006913,119.00000000,1
1531266877833,1531266877834,1604303,0.00006928,64.00000000,0
1531266878078,1531266878076,1604304,0.00006975,120.00000000,0
1531266878941,1531266878943,1604305,0.00006975,64.00000000,1
1531266880961,1531266880961,1604306,0.00006928,64.00000000,1
1531266890086,1531266890087,1604307,0.00006962,148.00000000,0
1531266898077,1531266898077,1604308,0.00006962,148.00000000,0
1531266906327,1531266906328,1604309,0.00006962,148.00000000,0
1531266914373,1531266914373,1604310,0.00006962,149.00000000,0
1531266921155,1531266921156,1604311,0.00006962,86.00000000,0
1531266921155,1531266921156,1604312,0.00006963,108.00000000,0
1531266923509,1531266923509,1604313,0.00006972,49.00000000,0
1531266969137,1531266969137,1604314,0.00006924,14.00000000,1
1531267121777,1531267121777,1604315,0.00006924,25.00000000,1
1531267121777,1531267121777,1604316,0.00006923,109.00000000,1
1531267121777,1531267121777,1604317,0.00006914,66.00000000,1
1531267162186,1531267162186,1604318,0.00006968,598.00000000,0
1531267364867,1531267364868,1604319,0.00006914,1.00000000,1
1531267439233,1531267439234,1604320,0.00006917,3.00000000,1
1531267651985,1531267651987,1604321,0.00006916,109.00000000,1
1531267757213,1531267757215,1604322,0.00006922,1.00000000,1
1531267792012,1531267792013,1604323,0.00006923,36.00000000,1
1531267792012,1531267792013,1604324,0.00006919,69.00000000,1
1531267792012,1531267792013,1604325,0.00006917,402.00000000,1
1531267837816,1531267837795,1604326,0.00006967,25.00000000,0
1531267837816,1531267837795,1604327,0.00006968,149.00000000,0
1531268003394,1531268003395,1604328,0.00006969,313.00000000,1
1531268004851,1531268004852,1604329,0.00006968,1077.00000000,1
1531268101224,1531268101227,1604330,0.00006968,20.00000000,1
1531268294237,1531268294239,1604331,0.00006968,33.00000000,1
1531268911044,1531268911047,1604332,0.00006968,6.00000000,1
1531269060313,1531269060317,1604333,0.00006929,20.00000000,1
1531269188483,1531269188486,1604334,0.00006932,127.00000000,1
1531269407049,1531269407051,1604335,0.00006955,1.00000000,0
1531269637973,1531269637975,1604336,0.00006955,54.00000000,0
1531269931042,1531269931044,1604337,0.00006919,2.00000000,1
1531270152063,1531270152066,1604338,0.00006955,2.00000000,0
1531270239243,1531270239244,1604339,0.00006920,53.00000000,1
1531270652371,1531270652374,1604340,0.00006921,1.00000000,1
1531270653364,1531270653366,1604341,0.00006955,51.00000000,0
1531270678440,1531270678443,1604342,0.00006976,51.00000000,0
1531270705981,1531270705984,1604343,0.00006978,51.00000000,0
1531270723803,1531270723806,1604344,0.00006985,108.00000000,0
1531270747756,1531270747759,1604345,0.00006997,66.00000000,0
1531270781450,1531270781452,1604346,0.00006997,39.00000000,1
1531270782263,1531270782264,1604347,0.00006997,40.00000000,1
1531270796485,1531270796487,1604348,0.00006997,37.00000000,0
1531270796485,1531270796487,1604349,0.00006998,108.00000000,0
1531270796485,1531270796487,1604350,0.00007001,715.00000000,0
1531270796485,1531270796487,1604351,0.00007008,640.00000000,0
1531270971015,1531270971014,1604352,0.00006999,1.00000000,0
1531271113077,1531271113076,1604353,0.00006988,15.00000000,1
1531271113077,1531271113076,1604354,0.00006968,83.00000000,1
1531271113964,1531271113963,1604355,0.00006988,15.00000000,1
1531271113964,1531271113963,1604356,0.00006968,6.00000000,1
1531271635754,1531271635751,1604357,0.00007000,406.00000000,0
1531271635754,1531271635751,1604358,0.00007008,5821.00000000,0
1531271635754,1531271635751,1604359,0.00007009,108.00000000,0
1531271709053,1531271709052,1604360,0.00007008,34.00000000,1
1531271709053,1531271709052,1604361,0.00006987,79.00000000,1
1531271837124,1531271837117,1604362,0.00006978,110.00000000,1
1531271837124,1531271837117,1604363,0.00006977,41.00000000,1
1531271911326,1531271911323,1604364,0.00006977,24.00000000,1
1531271952026,1531271952021,1604365,0.00007009,142.00000000,0
1531271952096,1531271952092,1604366,0.00006977,25.00000000,1
1531271952244,1531271952239,1604367,0.00006977,18.00000000,1
1531271952373,1531271952371,1604368,0.00006977,25.00000000,0
1531272074032,1531272074027,1604369,0.00006968,15.00000000,1
1531272074032,1531272074027,1604370,0.00006958,17.00000000,1
1531272074032,1531272074027,1604371,0.00006957,16.00000000,1
1531272074474,1531272074470,1604372,0.00006970,88.00000000,0
1531272111632,1531272111629,1604373,0.00006969,104.00000000,1
1531272112686,1531272112682,1604374,0.00006969,82.00000000,1
1531272139165,1531272139159,1604375,0.00006971,30.00000000,1
1531272139550,1531272139547,1604376,0.00006971,79.00000000,1
1531272173739,1531272173735,1604377,0.00006963,27.00000000,1
1531272208167,1531272208163,1604378,0.00006963,31.00000000,1
1531272209124,1531272209121,1604379,0.00006963,20.00000000,1
1531272210870,1531272210867,1604380,0.00006963,20.00000000,1
1531272243472,1531272243468,1604381,0.00006963,10.00000000,1
1531272243472,1531272243468,1604382,0.00006957,1.00000000,1
1531272243472,1531272243468,1604383,0.00006954,9.00000000,1
1531272280154,1531272280151,1604384,0.00006956,21.00000000,1
1531272597256,1531272597251,1604385,0.00006954,8.00000000,1
1531272597256,1531272597251,1604386,0.00006953,22.00000000,1
1531272638312,1531272638307,1604387,0.00006958,24.00000000,1
1531272677579,1531272677575,1604388,0.00006958,29.00000000,1
1531272677888,1531272677884,1604389,0.00006960,99.00000000,1
1531272764983,1531272764977,1604390,0.00006962,24.00000000,1
1531272764983,1531272764977,1604391,0.00006956,43.00000000,1
1531272766213,1531272766210,1604392,0.00006953,39.00000000,1
1531272800868,1531272800862,1604393,0.00006953,23.00000000,1
1531272871067,1531272871061,1604394,0.00006953,24.00000000,1
1531272871067,1531272871061,1604395,0.00006934,4.00000000,1
1531273163167,1531273163161,1604396,0.00006941,34.00000000,1
1531273225615,1531273225610,1604397,0.00006943,48.00000000,1
1531273753753,1531273753747,1604398,0.00006945,2.00000000,1
1531273765341,1531273765334,1604399,0.00006947,84.00000000,1
1531273790637,1531273790629,1604400,0.00006928,34.00000000,1
1531273790637,1531273790629,1604401,0.00006926,19.00000000,1
1531273790637,1531273790629,1604402,0.00006920,66.00000000,1
1531273801750,1531273801744,1604403,0.00006920,619.00000000,1
1531273801750,1531273801744,1604404,0.00006919,813.00000000,1
1531273801750,1531273801744,1604405,0.00006910,805.00000000,1
1531273801750,1531273801744,1604406,0.00006909,201.00000000,1
1531273801750,1531273801744,1604407,0.00006908,101.00000000,1
1531273801750,1531273801744,1604408,0.00006906,2759.00000000,1
1531273801750,1531273801744,1604409,0.00006900,1685.00000000,1
1531273801750,1531273801744,1604410,0.00006899,4927.00000000,1
1531274064822,1531274064816,1604411,0.00006962,86.00000000,0
1531274116895,1531274116889,1604412,0.00006921,86.00000000,1
1531274133313,1531274133307,1604413,0.00006962,8.00000000,0
1531274136714,1531274136706,1604414,0.00006962,21.00000000,0
1531274578453,1531274578448,1604415,0.00006918,3.00000000,1
1531274668327,1531274668321,1604416,0.00006967,1.00000000,0
1531274858467,1531274858462,1604417,0.00006972,143.00000000,0
1531275024828,1531275024823,1604418,0.00006918,15.00000000,0
1531275391146,1531275391142,1604419,0.00006911,43.00000000,1
1531275577127,1531275577121,1604420,0.00006945,1.00000000,0
1531275940196,1531275940191,1604421,0.00006945,42.00000000,0
1531275940196,1531275940191,1604422,0.00006949,101.00000000,0
1531277072080,1531277072075,1604423,0.00006949,12.00000000,0
1531277565925,1531277565922,1604424,0.00006949,30.00000000,0
1531277565925,1531277565922,1604425,0.00006971,113.00000000,0
1531277589399,1531277589395,1604426,0.00006922,47.00000000,1
1531277726827,1531277726825,1604427,0.00006920,80.00000000,1
1531277728404,1531277728400,1604428,0.00006920,19.00000000,1
1531278039583,1531278039577,1604429,0.00006921,107.00000000,1
1531278039583,1531278039577,1604430,0.00006920,10.00000000,1
1531278072379,1531278072375,1604431,0.00006911,2.00000000,1
1531278769500,1531278769494,1604432,0.00006930,21.00000000,0
1531278889696,1531278889694,1604433,0.00006930,21.00000000,0
1531278937163,1531278937160,1604434,0.00006954,107.00000000,0
1531278937163,1531278937160,1604435,0.00006955,108.00000000,0
1531278954016,1531278954013,1604436,0.00006931,163.00000000,1
1531279162900,1531279162896,1604437,0.00006932,381.00000000,1
1531279172217,1531279172221,1604438,0.00006931,21.00000000,1
1531279172217,1531279172221,1604439,0.00006930,181.00000000,1
1531279377667,1531279377662,1604440,0.00006930,92.00000000,1
1531279852133,1531279852129,1604441,0.00006930,1.00000000,1
1531279986460,1531279986459,1604442,0.00006930,1.00000000,1
1531280150170,1531280150168,1604443,0.00006967,68.00000000,0
1531280150186,1531280150184,1604444,0.00006967,68.00000000,0
1531280325202,1531280325198,1604445,0.00006930,2.00000000,1
1531280342844,1531280342845,1604446,0.00006967,245.00000000,0
1531280342901,1531280342898,1604447,0.00006967,25.00000000,1
1531280343107,1531280343102,1604448,0.00006967,358.00000000,1
1531280343531,1531280343527,1604449,0.00006967,25.00000000,1
1531280343687,1531280343685,1604450,0.00006967,42.00000000,1
1531280350969,1531280350966,1604451,0.00006967,23.00000000,1
1531280442093,1531280442090,1604452,0.00006930,55.00000000,1
1531280859741,1531280859748,1604453,0.00006930,4.00000000,1
1531281085669,1531281085664,1604454,0.00006971,52.00000000,0
1531281085669,1531281085664,1604455,0.00006972,93.00000000,0
1531281085669,1531281085664,1604456,0.00006974,355.00000000,0
1531281188101,1531281188096,1604457,0.00006938,2.00000000,1
1531281374856,1531281374863,1604458,0.00006938,21.00000000,1
1531281569872,1531281569866,1604459,0.00006938,86.00000000,1
1531281569872,1531281569866,1604460,0.00006931,388.00000000,1
1531281569872,1531281569866,1604461,0.00006930,11.00000000,1
1531281574257,1531281574253,1604462,0.00006931,358.00000000,1
1531281755617,1531281755613,1604463,0.00006931,5.00000000,1
1531281791993,1531281791988,1604464,0.00006931,1.00000000,1
1531281975587,1531281975584,1604465,0.00006931,1.00000000,1
1531282361087,1531282361083,1604466,0.00006931,26.00000000,1
1531282361179,1531282361174,1604467,0.00006931,378.00000000,1
1531282362338,1531282362334,1604468,0.00006930,580.00000000,1
1531282364222,1531282364217,1604469,0.00006930,97.00000000,1
1531282365727,1531282365726,1604470,0.00006930,48.00000000,1
1531282366950,1531282366946,1604471,0.00006930,24.00000000,1
1531282437720,1531282437717,1604472,0.00006930,260.00000000,1
1531282506337,1531282506335,1604473,0.00006930,793.00000000,1
1531282649242,1531282649237,1604474,0.00006930,6301.00000000,1
1531282660990,1531282660987,1604475,0.00006911,2.00000000,1
1531282706407,1531282706403,1604476,0.00006911,1.00000000,1
1531283246905,1531283246899,1604477,0.00006936,89.00000000,0
1531283299451,1531283299448,1604478,0.00006930,534.00000000,0
1531283300076,1531283300071,1604479,0.00006930,82.00000000,0
1531283369082,1531283369079,1604480,0.00006919,57.00000000,0
1531283396757,1531283396753,1604481,0.00006919,434.00000000,0
1531283451261,1531283451257,1604482,0.00006909,2.00000000,1
1531283651354,1531283651349,1604483,0.00006899,655.00000000,1
1531283756068,1531283756063,1604484,0.00006899,1.00000000,1
1531283921589,1531283921588,1604485,0.00006899,79.00000000,1
1531284099177,1531284099172,1604486,0.00006899,37.00000000,1
1531284138691,1531284138686,1604487,0.00006899,1013.00000000,1
1531284162178,1531284162172,1604488,0.00006936,189.00000000,0
1531284162281,1531284162277,1604489,0.00006936,151.00000000,1
1531284232299,1531284232296,1604490,0.00006936,38.00000000,1
1531284232358,1531284232355,1604491,0.00006899,359.00000000,1
1531284346973,1531284346968,1604492,0.00006899,636.00000000,1
1531284346998,1531284346993,1604493,0.00006899,88.00000000,0
1531284349373,1531284349369,1604494,0.00006895,2.00000000,1
1531285372105,1531285372100,1604495,0.00006895,20.00000000,1
1531285374778,1531285374774,1604496,0.00006893,3.00000000,1
1531285380309,1531285380306,1604497,0.00006893,19.00000000,1
1531285380309,1531285380306,1604498,0.00006884,22.00000000,1
1531285380309,1531285380306,1604499,0.00006875,32.00000000,1
1531285380309,1531285380306,1604500,0.00006874,43.00000000,1
1531285381457,1531285381453,1604501,0.00006874,3.00000000,1
1531285383316,1531285383313,1604502,0.00006898,30.00000000,0
1531285388312,1531285388307,1604503,0.00006874,2.00000000,1
1531285397410,1531285397405,1604504,0.00006874,57.00000000,1
1531285397410,1531285397405,1604505,0.00006868,22.00000000,1
1531285397410,1531285397405,1604506,0.00006864,25.00000000,1
1531285397410,1531285397405,1604507,0.00006860,1.00000000,1
1531285417797,1531285417796,1604508,0.00006864,15.00000000,1
1531285420454,1531285420455,1604509,0.00006860,2.00000000,1
1531285425181,1531285425178,1604510,0.00006860,3.00000000,1
1531285783921,1531285783915,1604511,0.00006861,300.00000000,1
1531285791678,1531285791673,1604512,0.00006861,8.00000000,0
1531285791792,1531285791788,1604513,0.00006860,26.00000000,1
1531285791792,1531285791788,1604514,0.00006859,35.00000000,1
1531285827140,1531285827137,1604515,0.00006861,247.00000000,0
1531285991446,1531285991449,1604516,0.00006861,30.00000000,0
1531286112374,1531286112369,1604517,0.00006859,10.00000000,1
1531286112374,1531286112369,1604518,0.00006850,25.00000000,1
1531286114294,1531286114288,1604519,0.00006861,15.00000000,0
1531286119219,1531286119214,1604520,0.00006835,3.00000000,1
1531286122395,1531286122389,1604521,0.00006842,2.00000000,1
1531286127939,1531286127933,1604522,0.00006852,3.00000000,1
1531286197898,1531286197892,1604523,0.00006853,437.00000000,1
1531286239320,1531286239315,1604524,0.00006881,2.00000000,0
1531286293253,1531286293255,1604525,0.00006853,87.00000000,1
1531286293253,1531286293255,1604526,0.00006852,9.00000000,1
1531286294459,1531286294453,1604527,0.00006853,87.00000000,0
1531286414543,1531286414534,1604528,0.00006881,108.00000000,0
1531286414543,1531286414534,1604529,0.00006884,15.00000000,0
1531286414543,1531286414534,1604530,0.00006898,22.00000000,0
1531286414585,1531286414578,1604531,0.00006898,145.00000000,0
1531286470948,1531286470942,1604532,0.00006854,110.00000000,1
1531286535243,1531286535239,1604533,0.00006852,24.00000000,1
1531286704660,1531286704652,1604534,0.00006843,20.00000000,1
1531286788300,1531286788293,1604535,0.00006843,17.00000000,1
1531286788300,1531286788293,1604536,0.00006842,27.00000000,1
1531286788300,1531286788293,1604537,0.00006835,90.00000000,1
1531286791173,1531286791170,1604538,0.00006837,3.00000000,1
1531287042053,1531287042045,1604539,0.00006886,1.00000000,0
1531287055322,1531287055316,1604540,0.00006835,21.00000000,1
1531287424426,1531287424417,1604541,0.00006886,1.00000000,0
1531287462189,1531287462182,1604542,0.00006850,15.00000000,1
1531287533950,1531287533946,1604543,0.00006850,125.00000000,1
1531287647572,1531287647565,1604544,0.00006850,1.00000000,1
1531287812254,1531287812248,1604545,0.00006850,9.00000000,1
1531287895831,1531287895829,1604546,0.00006850,21.00000000,1
1531288033740,1531288033740,1604547,0.00006834,1.00000000,1
1531288086771,1531288086766,1604548,0.00006834,27.00000000,1
1531288086771,1531288086766,1604549,0.00006826,30.00000000,1
1531288086771,1531288086766,1604550,0.00006823,22.00000000,1
1531288086771,1531288086766,1604551,0.00006817,32.00000000,1
1531288086771,1531288086766,1604552,0.00006816,28.00000000,1
1531288086771,1531288086766,1604553,0.00006814,161.00000000,1
1531288090913,1531288090913,1604554,0.00006815,3.00000000,1
1531288098042,1531288098040,1604555,0.00006815,2.00000000,1
1531288101101,1531288101095,1604556,0.00006815,3.00000000,1
1531288145215,1531288145210,1604557,0.00006815,15.00000000,1
1531288167206,1531288167199,1604558,0.00006834,17.00000000,0
1531288167206,1531288167199,1604559,0.00006835,13.00000000,0
1531288371351,1531288371344,1604560,0.00006814,97.00000000,1
1531288371351,1531288371344,1604561,0.00006812,90.00000000,1
1531288407168,1531288407161,1604562,0.00006835,2.00000000,0
1531288407168,1531288407161,1604563,0.00006845,93.00000000,0
1531288408048,1531288408044,1604564,0.00006845,17.00000000,0
1531288408048,1531288408044,1604565,0.00006886,35.00000000,0
1531288408048,1531288408044,1604566,0.00006889,389.00000000,0
1531288408048,1531288408044,1604567,0.00006893,192.00000000,0
1531288436819,1531288436816,1604568,0.00006832,110.00000000,1
1531288436819,1531288436816,1604569,0.00006822,40.00000000,1
1531288437053,1531288437048,1604570,0.00006822,64.00000000,1
1531288437223,1531288437217,1604571,0.00006822,110.00000000,1
1531288437460,1531288437460,1604572,0.00006822,150.00000000,1
1531288437499,1531288437494,1604573,0.00006822,150.00000000,1
1531288440744,1531288440744,1604574,0.00006832,110.00000000,0
1531288444270,1531288444266,1604575,0.00006820,200.00000000,1
1531288446164,1531288446159,1604576,0.00006846,18.00000000,0
1531288446341,1531288446337,1604577,0.00006846,49.00000000,0
1531288451157,1531288451153,1604578,0.00006846,21.00000000,0
1531288457412,1531288457407,1604579,0.00006820,7.00000000,1
1531288463812,1531288463807,1604580,0.00006846,22.00000000,0
1531288463812,1531288463807,1604581,0.00006855,2.00000000,0
1531288484030,1531288484025,1604582,0.00006851,5.00000000,0
1531288489286,1531288489280,1604583,0.00006849,23.00000000,0
1531288494920,1531288494916,1604584,0.00006844,20.00000000,0
1531288515498,1531288515500,1604585,0.00006843,21.00000000,0
1531288649801,1531288649800,1604586,0.00006833,10.00000000,0
1531288668953,1531288668953,1604587,0.00006834,93.00000000,0
1531288714422,1531288714422,1604588,0.00006855,13.00000000,0
1531288718474,1531288718471,1604589,0.00006855,7.00000000,1
1531288719321,1531288719317,1604590,0.00006852,26.00000000,1
1531288720091,1531288720089,1604591,0.00006852,31.00000000,1
1531288745691,1531288745687,1604592,0.00006852,6.00000000,1
1531288958400,1531288958396,1604593,0.00006859,18.00000000,0
1531288971854,1531288971853,1604594,0.00006853,36.00000000,0
1531288982438,1531288982437,1604595,0.00006834,17.00000000,1
1531288982438,1531288982437,1604596,0.00006833,20.00000000,1
1531288982438,1531288982437,1604597,0.00006812,1.00000000,1
1531288982438,1531288982437,1604598,0.00006805,8.00000000,1
1531288985339,1531288985334,1604599,0.00006805,3.00000000,1
1531288989022,1531288989018,1604600,0.00006847,30.00000000,0
1531288990080,1531288990077,1604601,0.00006805,3.00000000,1
1531288996914,1531288996914,1604602,0.00006805,3.00000000,1
1531289284115,1531289284116,1604603,0.00006842,36.00000000,0
1531289933710,1531289933705,1604604,0.00006819,1.00000000,0
1531290247843,1531290247839,1604605,0.00006819,145.00000000,0
1531290247843,1531290247839,1604606,0.00006820,1.00000000,0
1531290421888,1531290421887,1604607,0.00006820,212.00000000,0
1531290422733,1531290422730,1604608,0.00006820,269.00000000,0
1531290464067,1531290464064,1604609,0.00006835,18.00000000,0
1531290470963,1531290470964,1604610,0.00006835,17.00000000,0
1531290486259,1531290486256,1604611,0.00006847,57.00000000,0
1531290652377,1531290652379,1604612,0.00006815,8.00000000,1
1531290807201,1531290807198,1604613,0.00006815,34.00000000,1
1531290828174,1531290828171,1604614,0.00006815,144.00000000,1
1531290854252,1531290854249,1604615,0.00006813,15.00000000,1
1531290873993,1531290873991,1604616,0.00006810,6.00000000,1
1531291362840,1531291362841,1604617,0.00006819,29.00000000,0
1531291499444,1531291499439,1604618,0.00006828,111.00000000,0
1531291500336,1531291500332,1604619,0.00006828,78.00000000,0
1531291563748,1531291563745,1604620,0.00006829,44.00000000,0
1531291929439,1531291929439,1604621,0.00006830,28.00000000,0
1531292430353,1531292430349,1604622,0.00006829,1.00000000,0
1531292538949,1531292538945,1604623,0.00006811,34.00000000,1
1531292538949,1531292538945,1604624,0.00006804,32.00000000,1
1531292538949,1531292538945,1604625,0.00006801,152.00000000,1
1531292542034,1531292542033,1604626,0.00006809,31.00000000,0
1531292542083,1531292542079,1604627,0.00006801,3.00000000,1
1531292545593,1531292545590,1604628,0.00006801,3.00000000,1
1531292545780,1531292545777,1604629,0.00006829,8.00000000,0
1531292545882,1531292545879,1604630,0.00006829,7.00000000,0
1531292545892,1531292545892,1604631,0.00006829,7.00000000,0
1531292546046,1531292546041,1604632,0.00006829,7.00000000,0
1531292546107,1531292546102,1604633,0.00006829,7.00000000,0
1531292546149,1531292546144,1604634,0.00006829,7.00000000,0
1531292546242,1531292546238,1604635,0.00006829,7.00000000,0
1531292546261,1531292546257,1604636,0.00006829,3.00000000,0
1531292546313,1531292546310,1604637,0.00006829,4.00000000,0
1531292546313,1531292546310,1604638,0.00006835,2.00000000,0
1531292546355,1531292546351,1604639,0.00006835,6.00000000,0
1531292546464,1531292546463,1604640,0.00006801,43.00000000,1
1531292546464,1531292546463,1604641,0.00006800,128.00000000,1
1531292550413,1531292550409,1604642,0.00006801,21.00000000,0
1531292550653,1531292550648,1604643,0.00006801,48.00000000,0
1531292552983,1531292552979,1604644,0.00006800,3.00000000,1
1531292563458,1531292563455,1604645,0.00006800,35.00000000,1
1531292654606,1531292654602,1604646,0.00006800,20.00000000,1
1531292657615,1531292657611,1604647,0.00006800,211.00000000,1
1531292827163,1531292827160,1604648,0.00006845,16.00000000,0
1531292847546,1531292847541,1604649,0.00006802,8.00000000,1
1531292999233,1531292999229,1604650,0.00006844,91.00000000,0
1531292999274,1531292999272,1604651,0.00006844,51.00000000,0
1531292999274,1531292999272,1604652,0.00006845,40.00000000,0
1531292999541,1531292999536,1604653,0.00006845,29.00000000,0
1531293032680,1531293032675,1604654,0.00006804,15.00000000,1
1531293206076,1531293206073,1604655,0.00006845,25.00000000,0
1531293207135,1531293207132,1604656,0.00006845,31.00000000,1
1531293284712,1531293284707,1604657,0.00006849,34.00000000,0
1531293284712,1531293284707,1604658,0.00006865,73.00000000,0
1531293284712,1531293284707,1604659,0.00006868,39.00000000,0
1531293320363,1531293320359,1604660,0.00006858,110.00000000,0
1531293320363,1531293320359,1604661,0.00006868,430.00000000,0
1531293323745,1531293323742,1604662,0.00006868,233.00000000,0
1531293324357,1531293324351,1604663,0.00006869,927.00000000,0
1531293324396,1531293324392,1604664,0.00006869,89.00000000,1
1531293324581,1531293324575,1604665,0.00006869,225.00000000,1
1531293324618,1531293324615,1604666,0.00006869,128.00000000,1
1531293325340,1531293325337,1604667,0.00006869,98.00000000,1
1531293339453,1531293339450,1604668,0.00006817,37.00000000,1
1531293340192,1531293340191,1604669,0.00006816,111.00000000,1
1531293340929,1531293340926,1604670,0.00006806,150.00000000,1
1531293550328,1531293550324,1604671,0.00006840,20.00000000,1
1531293616302,1531293616301,1604672,0.00006850,20.00000000,0
1531293619582,1531293619579,1604673,0.00006868,17.00000000,0
1531293906334,1531293906330,1604674,0.00006866,17.00000000,1
1531293920805,1531293920801,1604675,0.00006868,26.00000000,0
1531294132714,1531294132711,1604676,0.00006851,1.00000000,1
1531294355222,1531294355218,1604677,0.00006851,246.00000000,1
1531294998521,1531294998518,1604678,0.00006868,18.00000000,0
1531295006927,1531295006927,1604679,0.00006868,140.00000000,0
1531295015223,1531295015220,1604680,0.00006869,38.00000000,0
1531295050279,1531295050275,1604681,0.00006869,130.00000000,0
1531295113668,1531295113664,1604682,0.00006869,90.00000000,0
1531295273749,1531295273747,1604683,0.00006869,2.00000000,0
1531295279077,1531295279074,1604684,0.00006875,15.00000000,0
1531295324927,1531295324923,1604685,0.00006861,34.00000000,1
1531295325498,1531295325494,1604686,0.00006861,30.00000000,0
1531295341350,1531295341349,1604687,0.00006892,5.00000000,0
1531295365705,1531295365703,1604688,0.00006869,1871.00000000,1
1531295370080,1531295370078,1604689,0.00006869,1295.00000000,1
1531295370814,1531295370811,1604690,0.00006869,667.00000000,1
1531295374341,1531295374338,1604691,0.00006869,172.00000000,1
1531295375456,1531295375453,1604692,0.00006869,26.00000000,1
1531295377255,1531295377251,1604693,0.00006869,234.00000000,1
1531295378052,1531295378049,1604694,0.00006869,117.00000000,1
1531295380935,1531295380933,1604695,0.00006869,59.00000000,1
1531295381324,1531295381320,1604696,0.00006869,29.00000000,1
1531295410428,1531295410425,1604697,0.00006869,20.00000000,1
1531295608416,1531295608413,1604698,0.00006869,10.00000000,1
1531295608416,1531295608413,1604699,0.00006854,109.00000000,1
1531295813293,1531295813286,1604700,0.00006890,9.00000000,0
1531295934656,1531295934653,1604701,0.00006887,124.00000000,0
1531295934727,1531295934724,1604702,0.00006890,1067.00000000,1
1531295934837,1531295934832,1604703,0.00006890,567.00000000,1
1531295935190,1531295935187,1604704,0.00006890,28.00000000,1
1531295935214,1531295935213,1604705,0.00006890,193.00000000,1
1531295935734,1531295935731,1604706,0.00006890,194.00000000,1
1531295935757,1531295935755,1604707,0.00006890,86.00000000,1
1531295937104,1531295937100,1604708,0.00006854,1.00000000,1
1531295937104,1531295937100,1604709,0.00006851,24.00000000,1
1531296144334,1531296144331,1604710,0.00006850,19.00000000,1
1531296239221,1531296239221,1604711,0.00006892,3.00000000,0
1531296404050,1531296404046,1604712,0.00006892,1.00000000,0
1531296404263,1531296404260,1604713,0.00006850,16.00000000,1
1531296485292,1531296485290,1604714,0.00006892,21.00000000,0
1531296485292,1531296485290,1604715,0.00006893,124.00000000,0
1531296849808,1531296849805,1604716,0.00006891,138.00000000,0
1531296966133,1531296966130,1604717,0.00006878,16.00000000,0
1531297007948,1531297007945,1604718,0.00006878,1.00000000,0
1531297188965,1531297188963,1604719,0.00006850,24.00000000,1
1531297228953,1531297228949,1604720,0.00006876,145.00000000,0
1531297561934,1531297561930,1604721,0.00006870,175.00000000,0
1531297750262,1531297750260,1604722,0.00006851,104.00000000,1
1531297750262,1531297750260,1604723,0.00006850,45.00000000,1
1531297750317,1531297750314,1604724,0.00006851,90.00000000,0
1531297750344,1531297750341,1604725,0.00006851,14.00000000,0
1531297770827,1531297770824,1604726,0.00006851,43.00000000,0
1531297852094,1531297852091,1604727,0.00006851,3.00000000,0
1531297868908,1531297868905,1604728,0.00006851,58.00000000,0
1531297903078,1531297903076,1604729,0.00006851,58.00000000,1
1531298098714,1531298098711,1604730,0.00006865,1.00000000,0
1531298102075,1531298102072,1604731,0.00006865,1.00000000,0
1531298188320,1531298188318,1604732,0.00006851,1.00000000,0
1531298248207,1531298248203,1604733,0.00006850,32.00000000,1
1531298272563,1531298272561,1604734,0.00006850,6.00000000,1
1531298276910,1531298276907,1604735,0.00006850,1366.00000000,0
1531298277690,1531298277689,1604736,0.00006849,104.00000000,0
1531298277690,1531298277689,1604737,0.00006851,1343.00000000,0
1531298278481,1531298278479,1604738,0.00006851,1351.00000000,0
1531298386887,1531298386885,1604739,0.00006850,1.00000000,0
1531298468309,1531298468307,1604740,0.00006849,21.00000000,0
1531298471814,1531298471809,1604741,0.00006849,28.00000000,0
1531298596414,1531298596411,1604742,0.00006822,64.00000000,1
1531298596639,1531298596636,1604743,0.00006822,114.00000000,0
1531298623938,1531298623936,1604744,0.00006849,111.00000000,0
1531298624098,1531298624096,1604745,0.00006849,73.00000000,0
1531298624152,1531298624150,1604746,0.00006849,7.00000000,0
1531298624152,1531298624150,1604747,0.00006850,8.00000000,0
1531298624345,1531298624344,1604748,0.00006850,61.00000000,0
1531298624345,1531298624344,1604749,0.00006851,26.00000000,0
1531298626230,1531298626226,1604750,0.00006851,58.00000000,0
1531298645830,1531298645828,1604751,0.00006851,1386.00000000,0
1531298673122,1531298673120,1604752,0.00006851,145.00000000,0
1531298676141,1531298676139,1604753,0.00006851,119.00000000,0
1531298678482,1531298678480,1604754,0.00006851,45.00000000,0
1531298678981,1531298678978,1604755,0.00006851,21.00000000,0
1531298678981,1531298678978,1604756,0.00006854,45.00000000,0
1531298679688,1531298679686,1604757,0.00006854,65.00000000,0
1531298679688,1531298679686,1604758,0.00006891,141.00000000,0
1531298679688,1531298679686,1604759,0.00006895,15.00000000,0
1531298680146,1531298680142,1604760,0.00006896,50.00000000,1
1531298727790,1531298727784,1604761,0.00006893,40.00000000,0
1531298851648,1531298851645,1604762,0.00006892,145.00000000,0
1531298897119,1531298897117,1604763,0.00006892,3.00000000,0
1531298969681,1531298969679,1604764,0.00006891,1.00000000,0
1531299240971,1531299240968,1604765,0.00006891,190.00000000,0
1531299241007,1531299241005,1604766,0.00006892,1118.00000000,0
1531299243190,1531299243187,1604767,0.00006893,69.00000000,0
1531299243787,1531299243784,1604768,0.00006899,114.00000000,0
1531299249215,1531299249211,1604769,0.00006899,125.00000000,0
1531299255999,1531299255996,1604770,0.00006892,36.00000000,1
1531299261333,1531299261331,1604771,0.00006892,20.00000000,1
1531299276197,1531299276195,1604772,0.00006892,79.00000000,1
1531299294553,1531299294550,1604773,0.00006891,161.00000000,1
1531299296920,1531299296917,1604774,0.00006891,29.00000000,0
1531299298684,1531299298681,1604775,0.00006890,109.00000000,0
1531299336663,1531299336661,1604776,0.00006899,359.00000000,0
1531299365498,1531299365496,1604777,0.00006899,1.00000000,0
1531299415211,1531299415209,1604778,0.00006899,339.00000000,0
1531299415497,1531299415495,1604779,0.00006899,363.00000000,0
1531299416188,1531299416184,1604780,0.00006899,300.00000000,0
1531299419109,1531299419106,1604781,0.00006899,114.00000000,0
1531299419482,1531299419481,1604782,0.00006859,157.00000000,1
1531299422153,1531299422150,1604783,0.00006858,110.00000000,1
1531299505452,1531299505448,1604784,0.00006898,157.00000000,0
1531299505452,1531299505448,1604785,0.00006899,192.00000000,0
1531299787536,1531299787535,1604786,0.00006890,4.00000000,0
1531299801695,1531299801691,1604787,0.00006850,14.00000000,1
1531299802908,1531299802906,1604788,0.00006850,14.00000000,1
1531299918888,1531299918883,1604789,0.00006890,1.00000000,0
1531300100961,1531300100959,1604790,0.00006890,62.00000000,0
1531300101442,1531300101439,1604791,0.00006890,184.00000000,0
1531300101442,1531300101439,1604792,0.00006899,51.00000000,0
1531300101866,1531300101863,1604793,0.00006899,341.00000000,0
1531300102248,1531300102247,1604794,0.00006899,404.00000000,0
1531300102391,1531300102390,1604795,0.00006899,342.00000000,0
1531300103463,1531300103461,1604796,0.00006899,227.00000000,0
1531300148412,1531300148409,1604797,0.00006902,132.00000000,0
1531300148810,1531300148807,1604798,0.00006902,109.00000000,0
1531300149277,1531300149275,1604799,0.00006902,24.00000000,0
1531300153857,1531300153856,1604800,0.00006902,10.00000000,0
1531300209294,1531300209291,1604801,0.00006902,17.00000000,0
1531300209294,1531300209291,1604802,0.00006903,26.00000000,0
1531300211140,1531300211137,1604803,0.00006903,20.00000000,0
1531300220452,1531300220450,1604804,0.00006903,40.00000000,0
1531300220452,1531300220450,1604805,0.00006904,62.00000000,0
1531300232784,1531300232781,1604806,0.00006904,64.00000000,0
1531300237659,1531300237655,1604807,0.00006904,32.00000000,0
1531300237659,1531300237655,1604808,0.00006914,31.00000000,0
1531300237659,1531300237655,1604809,0.00006917,91.00000000,0
1531300238455,1531300238454,1604810,0.00006917,35.00000000,0
1531300238455,1531300238454,1604811,0.00006918,16.00000000,0
1531300238455,1531300238454,1604812,0.00006941,251.00000000,0
1531300238455,1531300238454,1604813,0.00006947,38.00000000,0
1531300238956,1531300238953,1604814,0.00006941,383.00000000,1
1531300239037,1531300239034,1604815,0.00006947,215.00000000,0
1531300239515,1531300239515,1604816,0.00006914,63.00000000,1
1531300244528,1531300244527,1604817,0.00006946,38.00000000,0
1531300249482,1531300249480,1604818,0.00006914,93.00000000,0
1531300268614,1531300268612,1604819,0.00006950,15.00000000,1
1531300271532,1531300271529,1604820,0.00006953,19.00000000,1
1531300271532,1531300271529,1604821,0.00006952,11.00000000,1
1531300278237,1531300278235,1604822,0.00006953,161.00000000,1
1531300280990,1531300280988,1604823,0.00006951,36.00000000,1
1531300280990,1531300280988,1604824,0.00006944,74.00000000,1
1531300280990,1531300280988,1604825,0.00006941,40.00000000,1
1531300296114,1531300296112,1604826,0.00006941,7.00000000,1
1531300298536,1531300298534,1604827,0.00006941,7.00000000,1
1531300305741,1531300305738,1604828,0.00006938,6.00000000,1
1531300314311,1531300314308,1604829,0.00006935,72.00000000,1
1531300333578,1531300333576,1604830,0.00006935,226.00000000,1
1531300364009,1531300364007,1604831,0.00006942,30.00000000,0
1531300454232,1531300454230,1604832,0.00006964,189.00000000,0
1531300454279,1531300454276,1604833,0.00006965,74.00000000,0
1531300454321,1531300454318,1604834,0.00006969,40.00000000,0
1531300490384,1531300490382,1604835,0.00006969,59.00000000,1
1531300529063,1531300529062,1604836,0.00006963,17.00000000,1
1531300537255,1531300537253,1604837,0.00006963,139.00000000,1
1531300550672,1531300550670,1604838,0.00006963,749.00000000,1
1531300561913,1531300561909,1604839,0.00006961,504.00000000,1
1531300593041,1531300593038,1604840,0.00006962,169.00000000,1
1531300598935,1531300598932,1604841,0.00006960,86.00000000,1
1531300613050,1531300613046,1604842,0.00006948,73.00000000,1
1531300638562,1531300638559,1604843,0.00006948,317.00000000,1
1531300669657,1531300669655,1604844,0.00006942,73.00000000,1
1531300676192,1531300676187,1604845,0.00006920,2.00000000,1
1531300685084,1531300685082,1604846,0.00006920,15.00000000,0
1531300688232,1531300688229,1604847,0.00006920,16.00000000,1
1531300688284,1531300688280,1604848,0.00006920,42.00000000,0
1531300724008,1531300724006,1604849,0.00006948,289.00000000,0
1531300783450,1531300783447,1604850,0.00006920,300.00000000,1
1531300787034,1531300787033,1604851,0.00006917,255.00000000,1
1531300951682,1531300951677,1604852,0.00006895,58.00000000,0
1531300980533,1531300980529,1604853,0.00006889,29.00000000,0
1531300986236,1531300986234,1604854,0.00006930,17.00000000,0
1531300989359,1531300989354,1604855,0.00006885,294.00000000,1
1531300989359,1531300989354,1604856,0.00006883,58.00000000,1
1531300989359,1531300989354,1604857,0.00006881,72.00000000,1
1531300989359,1531300989354,1604858,0.00006878,149.00000000,1
1531300989359,1531300989354,1604859,0.00006877,73.00000000,1
1531301181548,1531301181548,1604860,0.00006866,56.00000000,0
1531301501999,1531301501996,1604861,0.00006891,384.00000000,0
1531301502087,1531301502082,1604862,0.00006891,580.00000000,0
1531301502087,1531301502082,1604863,0.00006892,149.00000000,0
1531301502087,1531301502082,1604864,0.00006893,109.00000000,0
1531301502087,1531301502082,1604865,0.00006895,72.00000000,0
1531301502087,1531301502082,1604866,0.00006897,58.00000000,0
1531301502087,1531301502082,1604867,0.00006899,301.00000000,0
1531302008136,1531302008135,1604868,0.00006906,109.00000000,1
1531302008136,1531302008135,1604869,0.00006899,112.00000000,1
1531302015989,1531302015986,1604870,0.00006899,38.00000000,1
1531302489189,1531302489186,1604871,0.00006941,29.00000000,0
1531302612887,1531302612884,1604872,0.00006934,4.00000000,1
1531302694446,1531302694442,1604873,0.00006936,43.00000000,1
1531302808055,1531302808053,1604874,0.00006936,1.00000000,1
1531302890055,1531302890051,1604875,0.00006939,432.00000000,1
1531302897173,1531302897171,1604876,0.00006939,173.00000000,1
1531302908378,1531302908376,1604877,0.00006936,233.00000000,1
1531302948504,1531302948501,1604878,0.00006925,209.00000000,1
1531302952748,1531302952746,1604879,0.00006923,86.00000000,1
1531302957710,1531302957709,1604880,0.00006920,109.00000000,1
1531302967781,1531302967779,1604881,0.00006959,5.00000000,0
1531303002345,1531303002342,1604882,0.00006940,99.00000000,0
1531303294259,1531303294255,1604883,0.00006940,144.00000000,0
1531303366150,1531303366147,1604884,0.00006903,3.00000000,1
1531303723961,1531303723957,1604885,0.00006903,43.00000000,1
1531303958483,1531303958480,1604886,0.00006940,30.00000000,0
1531304252831,1531304252826,1604887,0.00006940,1.00000000,0
1531305011972,1531305011965,1604888,0.00006903,1.00000000,1
1531305196054,1531305196049,1604889,0.00006940,1671.00000000,0
1531305196054,1531305196049,1604890,0.00006945,109.00000000,0
1531305196054,1531305196049,1604891,0.00006959,250.00000000,0
1531305196054,1531305196049,1604892,0.00006990,16.00000000,0
1531305196054,1531305196049,1604893,0.00006995,37.00000000,0
1531305196054,1531305196049,1604894,0.00007018,16.00000000,0
1531305196075,1531305196070,1604895,0.00007030,209.00000000,1
1531305196082,1531305196076,1604896,0.00007030,1384.00000000,1
1531305196082,1531305196076,1604897,0.00006917,8.00000000,1
1531305196144,1531305196138,1604898,0.00007030,49.00000000,0
1531305196144,1531305196138,1604899,0.00007032,32.00000000,0
1531305196144,1531305196138,1604900,0.00007033,15.00000000,0
1531305196144,1531305196138,1604901,0.00007044,32.00000000,0
1531305196144,1531305196138,1604902,0.00007045,28.00000000,0
1531305196144,1531305196138,1604903,0.00007046,55.00000000,0
1531305197734,1531305197729,1604904,0.00006930,32.00000000,1
1531305217295,1531305217291,1604905,0.00006997,108.00000000,0
1531305217295,1531305217291,1604906,0.00007009,1606.00000000,0
1531305217295,1531305217291,1604907,0.00007027,197.00000000,0
1531305217295,1531305217291,1604908,0.00007029,143.00000000,0
1531305219180,1531305219175,1604909,0.00007025,195.00000000,0
1531305219180,1531305219175,1604910,0.00007027,40.00000000,0
1531305219180,1531305219175,1604911,0.00007029,545.00000000,0
1531305219180,1531305219175,1604912,0.00007030,1582.00000000,0
1531305219415,1531305219411,1604913,0.00007030,156.00000000,1
1531305219558,1531305219555,1604914,0.00007030,499.00000000,1
1531305219881,1531305219875,1604915,0.00007030,750.00000000,1
1531305220044,1531305220040,1604916,0.00007030,602.00000000,1
1531305220088,1531305220084,1604917,0.00007030,195.00000000,1
1531305220095,1531305220091,1604918,0.00007030,602.00000000,1
1531305220160,1531305220156,1604919,0.00007030,99.00000000,1
1531305220429,1531305220425,1604920,0.00007030,136.00000000,1
1531305220745,1531305220742,1604921,0.00007030,195.00000000,1
1531305221509,1531305221505,1604922,0.00007030,300.00000000,1
1531305221512,1531305221508,1604923,0.00007030,30.00000000,1
1531305222135,1531305222132,1604924,0.00007030,114.00000000,1
1531305222577,1531305222572,1604925,0.00007030,184.00000000,1
1531305223788,1531305223784,1604926,0.00007030,157.00000000,1
1531305223859,1531305223856,1604927,0.00007030,36.00000000,1
1531305224732,1531305224727,1604928,0.00007030,124.00000000,1
1531305224735,1531305224733,1604929,0.00007030,120.00000000,1
1531305224931,1531305224928,1604930,0.00007030,120.00000000,1
1531305225337,1531305225332,1604931,0.00007030,120.00000000,1
1531305226167,1531305226161,1604932,0.00007030,20.00000000,1
1531305226315,1531305226310,1604933,0.00007030,180.00000000,1
1531305226994,1531305226990,1604934,0.00007030,120.00000000,1
1531305227525,1531305227522,1604935,0.00007030,120.00000000,1
1531305230103,1531305230096,1604936,0.00007037,14.00000000,0
1531305233360,1531305233355,1604937,0.00007037,142.00000000,0
1531305235853,1531305235846,1604938,0.00007030,429.00000000,1
1531305244538,1531305244533,1604939,0.00007030,30.00000000,1
1531305254285,1531305254279,1604940,0.00007030,83.00000000,1
1531305257085,1531305257080,1604941,0.00006963,67.00000000,1
1531305257085,1531305257080,1604942,0.00006962,78.00000000,1
1531305257248,1531305257244,1604943,0.00006962,145.00000000,1
1531305257922,1531305257919,1604944,0.00006961,145.00000000,1
1531305273757,1531305273752,1604945,0.00006966,87.00000000,1
1531305284276,1531305284272,1604946,0.00006971,2.00000000,1
1531305289522,1531305289517,1604947,0.00006973,28.00000000,1
1531305289522,1531305289517,1604948,0.00006972,36.00000000,1
1531305289522,1531305289517,1604949,0.00006970,80.00000000,1
1531305306988,1531305306985,1604950,0.00007019,16.00000000,0
1531305327223,1531305327218,1604951,0.00007009,30.00000000,0
1531305327223,1531305327218,1604952,0.00007010,45.00000000,0
1531305384417,1531305384411,1604953,0.00007003,84.00000000,0
1531305384417,1531305384411,1604954,0.00007004,32.00000000,0
1531305384417,1531305384411,1604955,0.00007007,26.00000000,0
1531305390290,1531305390285,1604956,0.00007007,10.00000000,0
1531305390290,1531305390285,1604957,0.00007030,190.00000000,0
1531305390290,1531305390285,1604958,0.00007037,140.00000000,0
1531305428355,1531305428350,1604959,0.00007027,53.00000000,1
1531305428367,1531305428363,1604960,0.00007027,95.00000000,1
1531305432414,1531305432409,1604961,0.00007027,7.00000000,1
1531305437146,1531305437142,1604962,0.00007027,4.00000000,1
1531305437298,1531305437295,1604963,0.00007027,7.00000000,1
1531305440357,1531305440352,1604964,0.00007027,7.00000000,1
1531305474295,1531305474291,1604965,0.00007030,339.00000000,1
1531305474295,1531305474291,1604966,0.00007027,593.00000000,1
1531305476097,1531305476093,1604967,0.00006983,14.00000000,1
1531305478821,1531305478818,1604968,0.00006983,17.00000000,1
1531305483796,1531305483790,1604969,0.00006983,141.00000000,1
1531305483796,1531305483790,1604970,0.00006980,5.00000000,1
1531305483981,1531305483976,1604971,0.00006980,145.00000000,1
1531305568811,1531305568807,1604972,0.00006983,85.00000000,1
1531305568843,1531305568839,1604973,0.00006983,1.00000000,1
1531305568883,1531305568879,1604974,0.00006982,143.00000000,1
1531305568883,1531305568879,1604975,0.00006981,912.00000000,1
1531305568883,1531305568879,1604976,0.00006980,64.00000000,1
1531305569754,1531305569751,1604977,0.00006980,52.00000000,1
1531305589331,1531305589325,1604978,0.00006980,46.00000000,1
1531305791690,1531305791686,1604979,0.00006981,340.00000000,1
1531305827405,1531305827402,1604980,0.00006981,1.00000000,1
1531305976659,1531305976655,1604981,0.00006983,42.00000000,0
1531305976659,1531305976655,1604982,0.00007003,72.00000000,0
1531305976659,1531305976655,1604983,0.00007046,10.00000000,0
1531305976659,1531305976655,1604984,0.00007053,12.00000000,0
1531306027658,1531306027652,1604985,0.00006995,46.00000000,1
1531306038192,1531306038189,1604986,0.00006995,23.00000000,1
1531306062466,1531306062462,1604987,0.00006995,2.00000000,1
1531306100058,1531306100054,1604988,0.00006995,37.00000000,1
1531306502688,1531306502681,1604989,0.00006995,12.00000000,0
1531306502688,1531306502681,1604990,0.00007008,85.00000000,0
1531306581709,1531306581701,1604991,0.00007008,23.00000000,0
1531306607064,1531306607057,1604992,0.00007008,36.00000000,1
1531306629266,1531306629262,1604993,0.00007034,560.00000000,0
1531306640342,1531306640338,1604994,0.00007034,50.00000000,0
1531306640355,1531306640351,1604995,0.00007034,99.00000000,0
1531306666461,1531306666455,1604996,0.00007008,32.00000000,1
1531306828143,1531306828139,1604997,0.00007034,70.00000000,0
1531306919688,1531306919685,1604998,0.00007008,1.00000000,1
1531306974367,1531306974361,1604999,0.00007008,2.00000000,1
1531306976366,1531306976361,1605000,0.00007008,6.00000000,1
1531307001919,1531307001912,1605001,0.00007008,42.00000000,1
1531307001919,1531307001912,1605002,0.00007002,102.00000000,1
1531307061711,1531307061704,1605003,0.00007035,99.00000000,0
1531307112993,1531307112988,1605004,0.00007000,498.00000000,1
1531307113610,1531307113607,1605005,0.00007034,89.00000000,0
1531307200200,1531307200196,1605006,0.00007034,13.00000000,0
1531307200200,1531307200196,1605007,0.00007035,987.00000000,0
1531307300590,1531307300585,1605008,0.00007000,104.00000000,1
1531307300590,1531307300585,1605009,0.00006987,9.00000000,1
1531307301229,1531307301223,1605010,0.00006987,103.00000000,1
1531307301643,1531307301636,1605011,0.00006986,119.00000000,1
1531307302038,1531307302032,1605012,0.00006986,104.00000000,1
1531307303721,1531307303717,1605013,0.00006986,62.00000000,1
1531307332394,1531307332388,1605014,0.00006986,125.00000000,1
1531307399167,1531307399161,1605015,0.00007000,103.00000000,0
1531307428764,1531307428758,1605016,0.00007000,1.00000000,0
1531307428764,1531307428758,1605017,0.00007014,107.00000000,0
1531307428764,1531307428758,1605018,0.00007033,204.00000000,0
1531307437091,1531307437086,1605019,0.00006990,31.00000000,1
1531307574758,1531307574754,1605020,0.00007030,71.00000000,0
1531307709550,1531307709542,1605021,0.00007028,41.00000000,0
1531307709550,1531307709542,1605022,0.00007029,409.00000000,0
1531307761233,1531307761227,1605023,0.00007020,704.00000000,1
1531307761845,1531307761840,1605024,0.00007020,704.00000000,1
1531308002267,1531308002262,1605025,0.00007027,32.00000000,0
1531308002267,1531308002262,1605026,0.00007033,18.00000000,0
1531308029983,1531308029977,1605027,0.00006987,15.00000000,1
1531308094202,1531308094196,1605028,0.00007017,1005.00000000,0
1531308117653,1531308117646,1605029,0.00006987,58.00000000,1
1531308118364,1531308118359,1605030,0.00006987,58.00000000,1
1531308119612,1531308119607,1605031,0.00006987,58.00000000,1
1531308599705,1531308599700,1605032,0.00006987,2.00000000,1
1531308773967,1531308773962,1605033,0.00007018,34.00000000,0
1531308839679,1531308839672,1605034,0.00007018,29.00000000,0
1531309000457,1531309000451,1605035,0.00007016,89.00000000,0
1531309224215,1531309224207,1605036,0.00007016,39.00000000,0
1531309232277,1531309232270,1605037,0.00007017,74.00000000,0
1531309318008,1531309318003,1605038,0.00007017,1.00000000,0
1531309423517,1531309423511,1605039,0.00007019,49.00000000,0
1531309555551,1531309555544,1605040,0.00007016,50.00000000,0
1531309593055,1531309593048,1605041,0.00007016,9.00000000,0
1531309605790,1531309605784,1605042,0.00007010,260.00000000,1
1531309605790,1531309605784,1605043,0.00006985,903.00000000,1
1531309605843,1531309605836,1605044,0.00006985,81.00000000,0
