event_time,trade_time,trade_id,price,quantity,maker
1531210375665,1531210375659,690808,0.00000400,4921.00000000,0
1531210418063,1531210418059,690809,0.00000399,9.00000000,1
1531210499167,1531210499163,690810,0.00000401,1.00000000,0
1531210499811,1531210499807,690811,0.00000401,152.00000000,0
1531210686749,1531210686743,690812,0.00000401,1.00000000,0
1531210755726,1531210755722,690813,0.00000399,17667.00000000,1
1531210773371,1531210773368,690814,0.00000401,1.00000000,0
1531210787821,1531210787816,690815,0.00000401,14202.00000000,0
1531210809919,1531210809914,690816,0.00000401,24931.00000000,0
1531210870523,1531210870520,690817,0.00000401,3122.00000000,0
1531210925814,1531210925810,690818,0.00000399,37560.00000000,1
1531210987748,1531210987745,690819,0.00000401,1.00000000,0
1531211006973,1531211006969,690820,0.00000399,2.00000000,1
1531211083626,1531211083621,690821,0.00000401,1.00000000,0
1531211154379,1531211154374,690822,0.00000400,371.00000000,1
1531211154417,1531211154413,690823,0.00000400,750.00000000,1
1531211154422,1531211154417,690824,0.00000400,750.00000000,1
1531211175271,1531211175267,690825,0.00000400,63.00000000,1
1531211203576,1531211203572,690826,0.00000401,1.00000000,0
1531211262945,1531211262941,690827,0.00000400,2172.00000000,1
1531211263632,1531211263626,690828,0.00000400,14720.00000000,1
1531211331547,1531211331542,690829,0.00000400,1880.00000000,1
1531211332221,1531211332217,690830,0.00000400,1741.00000000,1
1531211340674,1531211340666,690831,0.00000400,10556.00000000,1
1531211340674,1531211340666,690832,0.00000399,6080.00000000,1
1531211340674,1531211340666,690833,0.00000398,10000.00000000,1
1531211340674,1531211340666,690834,0.00000397,72642.00000000,1
1531211340674,1531211340666,690835,0.00000396,187993.00000000,1
1531211340674,1531211340666,690836,0.00000395,237792.00000000,1
1531211340964,1531211340959,690837,0.00000397,151.00000000,1
1531211341604,1531211341598,690838,0.00000399,3769.00000000,0
1531211343484,1531211343480,690839,0.00000399,10.00000000,0
1531211343711,1531211343706,690840,0.00000399,752.00000000,1
1531211343732,1531211343729,690841,0.00000399,6795.00000000,0
1531211343886,1531211343882,690842,0.00000399,752.00000000,0
1531211351799,1531211351794,690843,0.00000398,260.00000000,0
1531211351803,1531211351798,690844,0.00000398,841.00000000,0
1531211351816,1531211351815,690845,0.00000398,3590.00000000,0
1531211354976,1531211354971,690846,0.00000398,835.00000000,1
1531211358788,1531211358784,690847,0.00000397,1700.00000000,0
1531211358804,1531211358800,690848,0.00000397,1697.00000000,0
1531211358824,1531211358821,690849,0.00000397,1700.00000000,0
1531211358924,1531211358924,690850,0.00000397,1717.00000000,0
1531211360037,1531211360034,690851,0.00000397,1410.00000000,1
1531211400147,1531211400140,690852,0.00000395,22000.00000000,1
1531211405352,1531211405348,690853,0.00000395,1279.00000000,1
1531211407758,1531211407752,690854,0.00000395,17798.00000000,1
1531211407758,1531211407752,690855,0.00000394,4202.00000000,1
1531211412315,1531211412310,690856,0.00000396,869.00000000,1
1531211412315,1531211412310,690857,0.00000394,13346.00000000,1
1531211412334,1531211412330,690858,0.00000394,44033.00000000,0
1531211415902,1531211415898,690859,0.00000393,1082.00000000,1
1531211418304,1531211418299,690860,0.00000395,3802.00000000,0
1531211436471,1531211436467,690861,0.00000396,417.00000000,0
1531211438521,1531211438517,690862,0.00000396,1498.00000000,0
1531211439498,1531211439493,690863,0.00000396,417.00000000,0
1531211466022,1531211466016,690864,0.00000395,583.00000000,1
1531211466153,1531211466148,690865,0.00000393,1031.00000000,1
1531211466495,1531211466491,690866,0.00000396,344.00000000,0
1531211466495,1531211466491,690867,0.00000397,73.00000000,0
1531211496520,1531211496515,690868,0.00000397,417.00000000,0
1531211497523,1531211497519,690869,0.00000397,833.00000000,0
1531211499533,1531211499529,690870,0.00000397,359.00000000,0
1531211526542,1531211526537,690871,0.00000397,417.00000000,0
1531211527533,1531211527529,690872,0.00000397,833.00000000,0
1531211529573,1531211529568,690873,0.00000397,417.00000000,0
1531211556565,1531211556561,690874,0.00000397,417.00000000,0
1531211557553,1531211557548,690875,0.00000397,833.00000000,0
1531211561186,1531211561182,690876,0.00000397,1666.00000000,0
1531211582934,1531211582928,690877,0.00000397,971.00000000,0
1531211586584,1531211586579,690878,0.00000397,417.00000000,0
1531211587582,1531211587577,690879,0.00000397,833.00000000,0
1531211588605,1531211588601,690880,0.00000397,5000.00000000,0
1531211616605,1531211616600,690881,0.00000397,417.00000000,0
1531211617604,1531211617599,690882,0.00000397,833.00000000,0
1531211625640,1531211625635,690883,0.00000396,971.00000000,1
1531211625658,1531211625654,690884,0.00000396,833.00000000,0
1531211625685,1531211625679,690885,0.00000396,1550.00000000,0
1531211625761,1531211625755,690886,0.00000395,6120.00000000,0
1531211625806,1531211625804,690887,0.00000395,833.00000000,0
1531211625942,1531211625936,690888,0.00000395,575.00000000,0
1531211630995,1531211630990,690889,0.00000395,6293.00000000,0
1531211631234,1531211631229,690890,0.00000395,5874.00000000,0
1531211646626,1531211646622,690891,0.00000396,417.00000000,0
1531211649658,1531211649654,690892,0.00000396,417.00000000,0
1531211649684,1531211649680,690893,0.00000396,718.00000000,0
1531211676653,1531211676648,690894,0.00000396,417.00000000,0
1531211677642,1531211677638,690895,0.00000396,833.00000000,0
1531211680743,1531211680739,690896,0.00000396,834.00000000,0
1531211705260,1531211705256,690897,0.00000395,8022.00000000,1
1531211706671,1531211706667,690898,0.00000396,417.00000000,0
1531211709961,1531211709955,690899,0.00000395,1263.00000000,1
1531211716066,1531211716061,690900,0.00000396,834.00000000,0
1531211736707,1531211736704,690901,0.00000396,417.00000000,0
1531211736907,1531211736902,690902,0.00000395,955.00000000,1
1531211737695,1531211737689,690903,0.00000396,833.00000000,0
1531211740730,1531211740727,690904,0.00000396,417.00000000,0
1531211740833,1531211740828,690905,0.00000395,20000.00000000,1
1531211741504,1531211741499,690906,0.00000396,834.00000000,0
1531211741736,1531211741728,690907,0.00000394,17594.00000000,1
1531211741736,1531211741728,690908,0.00000393,109937.00000000,1
1531211741798,1531211741794,690909,0.00000395,833.00000000,0
1531211741825,1531211741821,690910,0.00000395,12988.00000000,0
1531211742840,1531211742835,690911,0.00000395,1541.00000000,1
1531211742842,1531211742839,690912,0.00000395,1541.00000000,1
1531211743045,1531211743040,690913,0.00000395,1541.00000000,1
1531211743261,1531211743256,690914,0.00000395,1540.00000000,1
1531211743792,1531211743791,690915,0.00000395,1540.00000000,1
1531211744998,1531211744993,690916,0.00000395,3388.00000000,1
1531211749033,1531211749029,690917,0.00000395,3081.00000000,0
1531211766726,1531211766722,690918,0.00000396,417.00000000,0
1531211767725,1531211767719,690919,0.00000395,279.00000000,0
1531211796127,1531211796123,690920,0.00000395,782.00000000,1
1531211796750,1531211796747,690921,0.00000395,218.00000000,0
1531211796750,1531211796747,690922,0.00000396,199.00000000,0
1531211797739,1531211797734,690923,0.00000396,833.00000000,0
1531211801291,1531211801287,690924,0.00000396,833.00000000,0
1531211812087,1531211812082,690925,0.00000393,42913.00000000,1
1531211812087,1531211812082,690926,0.00000392,174274.00000000,1
1531211820552,1531211820546,690927,0.00000394,380.00000000,1
1531211820552,1531211820546,690928,0.00000393,2514.00000000,1
1531211820552,1531211820546,690929,0.00000392,12106.00000000,1
1531211821991,1531211821985,690930,0.00000395,1290.00000000,0
1531211825650,1531211825644,690931,0.00000394,1186.00000000,0
1531211826770,1531211826765,690932,0.00000394,211.00000000,0
1531211826770,1531211826765,690933,0.00000395,206.00000000,0
1531211827777,1531211827774,690934,0.00000395,45.00000000,0
1531211827814,1531211827813,690935,0.00000395,788.00000000,1
1531211829777,1531211829773,690936,0.00000395,1200.00000000,0
1531211830929,1531211830925,690937,0.00000395,318.00000000,0
1531211833913,1531211833909,690938,0.00000395,441.00000000,1
1531211833913,1531211833909,690939,0.00000394,1980.00000000,1
1531211834177,1531211834176,690940,0.00000396,3481.00000000,0
1531211834311,1531211834306,690941,0.00000394,2421.00000000,1
1531211835464,1531211835458,690942,0.00000394,1.00000000,1
1531211848244,1531211848237,690943,0.00000394,1.00000000,1
1531211856581,1531211856576,690944,0.00000394,1667.00000000,1
1531211856793,1531211856789,690945,0.00000396,417.00000000,0
1531211860830,1531211860825,690946,0.00000396,1046.00000000,0
1531211869581,1531211869575,690947,0.00000396,256.00000000,1
1531211878349,1531211878344,690948,0.00000396,380.00000000,1
1531211886822,1531211886818,690949,0.00000397,417.00000000,0
1531211887831,1531211887827,690950,0.00000397,833.00000000,0
1531211889869,1531211889865,690951,0.00000397,788.00000000,0
1531211905119,1531211905115,690952,0.00000396,16732.00000000,1
1531211916833,1531211916828,690953,0.00000397,279.00000000,0
1531211917855,1531211917851,690954,0.00000397,558.00000000,0
1531211946874,1531211946869,690955,0.00000397,417.00000000,0
1531211947864,1531211947860,690956,0.00000397,833.00000000,0
1531211970422,1531211970416,690957,0.00000397,1776.00000000,0
1531211976867,1531211976862,690958,0.00000397,417.00000000,0
1531211977880,1531211977876,690959,0.00000397,833.00000000,0
1531211986258,1531211986254,690960,0.00000396,2000.00000000,1
1531212006894,1531212006889,690961,0.00000397,417.00000000,0
1531212007907,1531212007904,690962,0.00000397,833.00000000,0
1531212036918,1531212036913,690963,0.00000397,417.00000000,0
1531212037924,1531212037918,690964,0.00000397,833.00000000,0
1531212058459,1531212058454,690965,0.00000397,1100.00000000,0
1531212058477,1531212058474,690966,0.00000397,322.00000000,0
1531212066951,1531212066947,690967,0.00000397,417.00000000,0
1531212067951,1531212067946,690968,0.00000397,833.00000000,0
1531212069444,1531212069439,690969,0.00000397,5000.00000000,0
1531212070070,1531212070066,690970,0.00000397,417.00000000,0
1531212070966,1531212070960,690971,0.00000397,833.00000000,0
1531212071038,1531212071034,690972,0.00000397,834.00000000,0
1531212071238,1531212071234,690973,0.00000397,865.00000000,0
1531212081262,1531212081258,690974,0.00000397,1.00000000,0
1531212096986,1531212096982,690975,0.00000397,417.00000000,0
1531212097983,1531212097980,690976,0.00000397,833.00000000,0
1531212101008,1531212101005,690977,0.00000397,296.00000000,0
1531212127092,1531212127087,690978,0.00000397,417.00000000,0
1531212128001,1531212127996,690979,0.00000397,833.00000000,0
1531212157030,1531212157025,690980,0.00000397,417.00000000,0
1531212158024,1531212158020,690981,0.00000397,833.00000000,0
1531212187048,1531212187043,690982,0.00000397,417.00000000,0
1531212188049,1531212188043,690983,0.00000397,833.00000000,0
1531212214581,1531212214579,690984,0.00000397,503.00000000,0
1531212217079,1531212217075,690985,0.00000397,417.00000000,0
1531212218074,1531212218070,690986,0.00000397,833.00000000,0
1531212247113,1531212247102,690987,0.00000397,417.00000000,0
1531212248097,1531212248091,690988,0.00000397,833.00000000,0
1531212277138,1531212277134,690989,0.00000397,417.00000000,0
1531212278140,1531212278135,690990,0.00000397,833.00000000,0
1531212307146,1531212307143,690991,0.00000397,417.00000000,0
1531212308147,1531212308142,690992,0.00000397,833.00000000,0
1531212316140,1531212316136,690993,0.00000397,12595.00000000,0
1531212316760,1531212316756,690994,0.00000397,1443.00000000,0
1531212362322,1531212362317,690995,0.00000397,2.00000000,0
1531212367449,1531212367443,690996,0.00000398,8197.00000000,0
1531212397243,1531212397240,690997,0.00000397,417.00000000,0
1531212410723,1531212410720,690998,0.00000397,998.00000000,0
1531212422746,1531212422744,690999,0.00000397,7556.00000000,0
1531212427284,1531212427279,691000,0.00000397,417.00000000,0
1531212457270,1531212457265,691001,0.00000397,417.00000000,0
1531212487199,1531212487195,691002,0.00000395,13912.00000000,1
1531212487215,1531212487210,691003,0.00000395,5774.00000000,0
1531212487215,1531212487211,691004,0.00000395,262.00000000,0
1531212487236,1531212487233,691005,0.00000395,253.00000000,0
1531212487250,1531212487246,691006,0.00000395,3497.00000000,0
1531212487265,1531212487260,691007,0.00000395,261.00000000,0
1531212487290,1531212487286,691008,0.00000395,417.00000000,0
1531212488302,1531212488297,691009,0.00000395,833.00000000,0
1531212501228,1531212501223,691010,0.00000395,16.00000000,0
1531212506275,1531212506269,691011,0.00000394,10830.00000000,1
1531212506291,1531212506288,691012,0.00000394,553.00000000,0
1531212506305,1531212506301,691013,0.00000394,552.00000000,0
1531212506325,1531212506321,691014,0.00000394,552.00000000,0
1531212506340,1531212506334,691015,0.00000394,1525.00000000,0
1531212507293,1531212507288,691016,0.00000394,507.00000000,0
1531212514378,1531212514373,691017,0.00000394,1051.00000000,0
1531212514881,1531212514877,691018,0.00000394,5792.00000000,0
1531212515276,1531212515274,691019,0.00000394,3058.00000000,0
1531212515379,1531212515375,691020,0.00000394,2578.00000000,0
1531212517313,1531212517309,691021,0.00000394,417.00000000,0
1531212518321,1531212518317,691022,0.00000394,833.00000000,0
1531212521185,1531212521180,691023,0.00000394,6383.00000000,0
1531212521352,1531212521348,691024,0.00000394,733.00000000,0
1531212523838,1531212523835,691025,0.00000394,4972.00000000,0
1531212529890,1531212529886,691026,0.00000394,2552.00000000,0
1531212535624,1531212535619,691027,0.00000394,182.00000000,0
1531212538974,1531212538969,691028,0.00000393,20539.00000000,1
1531212538974,1531212538969,691029,0.00000392,40726.00000000,1
1531212547323,1531212547319,691030,0.00000395,417.00000000,0
1531212548327,1531212548322,691031,0.00000395,833.00000000,0
1531212550093,1531212550089,691032,0.00000395,1018.00000000,0
1531212556869,1531212556864,691033,0.00000393,258.00000000,1
1531212557512,1531212557508,691034,0.00000393,1289.00000000,1
1531212577337,1531212577332,691035,0.00000395,417.00000000,0
1531212578333,1531212578329,691036,0.00000395,639.00000000,0
1531212595925,1531212595922,691037,0.00000395,2116.00000000,1
1531212597226,1531212597222,691038,0.00000395,256.00000000,1
1531212604603,1531212604600,691039,0.00000395,811.00000000,1
1531212605770,1531212605765,691040,0.00000395,583.00000000,1
1531212607334,1531212607330,691041,0.00000396,417.00000000,0
1531212608347,1531212608343,691042,0.00000396,833.00000000,0
1531212611465,1531212611459,691043,0.00000396,833.00000000,0
1531212611489,1531212611483,691044,0.00000396,833.00000000,0
1531212617706,1531212617701,691045,0.00000395,1023.00000000,1
1531212620970,1531212620964,691046,0.00000395,1058.00000000,1
1531212637364,1531212637360,691047,0.00000396,417.00000000,0
1531212638371,1531212638366,691048,0.00000396,833.00000000,0
1531212641399,1531212641393,691049,0.00000396,491.00000000,0
1531212667383,1531212667378,691050,0.00000396,417.00000000,0
1531212668380,1531212668376,691051,0.00000396,833.00000000,0
1531212669469,1531212669465,691052,0.00000396,941.00000000,0
1531212669492,1531212669489,691053,0.00000396,3014.00000000,0
1531212670493,1531212670488,691054,0.00000396,4.00000000,0
1531212671252,1531212671247,691055,0.00000397,1200.00000000,0
1531212692009,1531212692004,691056,0.00000395,9304.00000000,1
1531212697404,1531212697399,691057,0.00000397,417.00000000,0
1531212705133,1531212705129,691058,0.00000396,833.00000000,1
1531212727429,1531212727424,691059,0.00000396,167.00000000,0
1531212727429,1531212727424,691060,0.00000397,250.00000000,0
1531212757464,1531212757459,691061,0.00000397,417.00000000,0
1531212787574,1531212787570,691062,0.00000396,304.00000000,0
1531212787574,1531212787570,691063,0.00000397,113.00000000,0
1531212790612,1531212790607,691064,0.00000397,417.00000000,0
1531212790670,1531212790666,691065,0.00000397,834.00000000,0
1531212797774,1531212797769,691066,0.00000397,1796.00000000,0
1531212817509,1531212817506,691067,0.00000397,417.00000000,0
1531212820542,1531212820540,691068,0.00000397,417.00000000,0
1531212820563,1531212820558,691069,0.00000397,833.00000000,0
1531212847533,1531212847529,691070,0.00000397,417.00000000,0
1531212849653,1531212849649,691071,0.00000397,5000.00000000,0
1531212850549,1531212850544,691072,0.00000397,417.00000000,0
1531212877555,1531212877551,691073,0.00000397,417.00000000,0
1531212879678,1531212879672,691074,0.00000397,5000.00000000,0
1531212880587,1531212880583,691075,0.00000397,417.00000000,0
1531212881595,1531212881591,691076,0.00000397,833.00000000,0
1531212890220,1531212890217,691077,0.00000396,675.00000000,0
1531212907583,1531212907579,691078,0.00000397,278.00000000,0
1531212908584,1531212908578,691079,0.00000397,557.00000000,0
1531212909591,1531212909588,691080,0.00000397,2500.00000000,0
1531212909831,1531212909826,691081,0.00000397,4.00000000,0
1531212909854,1531212909849,691082,0.00000398,383.00000000,0
1531212909873,1531212909868,691083,0.00000398,383.00000000,0
1531212937014,1531212937009,691084,0.00000397,28.00000000,1
1531212975161,1531212975156,691085,0.00000398,1747.00000000,0
1531213097679,1531213097674,691086,0.00000397,12.00000000,1
1531213151186,1531213151181,691087,0.00000398,5870.00000000,0
1531213204827,1531213204823,691088,0.00000399,4409.00000000,0
1531213205256,1531213205249,691089,0.00000400,148.00000000,0
1531213214679,1531213214673,691090,0.00000399,473.00000000,1
1531213214679,1531213214673,691091,0.00000398,11375.00000000,1
1531213215357,1531213215353,691092,0.00000398,355.00000000,1
1531213288184,1531213288181,691093,0.00000399,25.00000000,0
1531213659856,1531213659852,691094,0.00000397,1159.00000000,1
1531213748485,1531213748481,691095,0.00000397,15092.00000000,1
1531213748511,1531213748507,691096,0.00000397,417.00000000,0
1531213748522,1531213748519,691097,0.00000397,418.00000000,0
1531213748531,1531213748527,691098,0.00000397,417.00000000,0
1531213748555,1531213748551,691099,0.00000397,417.00000000,0
1531213748590,1531213748585,691100,0.00000397,756.00000000,0
1531213778318,1531213778312,691101,0.00000397,417.00000000,0
1531213779319,1531213779315,691102,0.00000397,833.00000000,0
1531213792296,1531213792294,691103,0.00000399,4.00000000,0
1531213845910,1531213845904,691104,0.00000396,600.00000000,1
1531213845911,1531213845904,691105,0.00000395,12207.00000000,1
1531213845911,1531213845904,691106,0.00000394,38383.00000000,1
1531213846220,1531213846214,691107,0.00000394,147.00000000,1
1531213846700,1531213846695,691108,0.00000396,1830.00000000,0
1531213846783,1531213846780,691109,0.00000396,801.00000000,0
1531213859278,1531213859274,691110,0.00000394,761.00000000,0
1531213859284,1531213859279,691111,0.00000394,239.00000000,0
1531213868362,1531213868357,691112,0.00000395,417.00000000,0
1531213869371,1531213869369,691113,0.00000395,833.00000000,0
1531213870571,1531213870568,691114,0.00000395,4174.00000000,0
1531213872394,1531213872389,691115,0.00000395,833.00000000,0
1531213872447,1531213872441,691116,0.00000395,834.00000000,0
1531213899292,1531213899288,691117,0.00000395,417.00000000,0
1531213900386,1531213900381,691118,0.00000395,833.00000000,0
1531213901749,1531213901744,691119,0.00000395,1200.00000000,0
1531213903316,1531213903311,691120,0.00000395,833.00000000,0
1531213925329,1531213925324,691121,0.00000393,3098.00000000,1
1531213925359,1531213925354,691122,0.00000393,1756.00000000,0
1531213928396,1531213928392,691123,0.00000394,417.00000000,0
1531213929407,1531213929403,691124,0.00000394,167.00000000,0
1531213952437,1531213952431,691125,0.00000393,1031.00000000,1
1531213958398,1531213958395,691126,0.00000396,417.00000000,0
1531213962423,1531213962419,691127,0.00000396,833.00000000,0
1531213985129,1531213985124,691128,0.00000394,262.00000000,0
1531213985172,1531213985167,691129,0.00000394,551.00000000,0
1531213988428,1531213988424,691130,0.00000395,417.00000000,0
1531213989432,1531213989428,691131,0.00000395,833.00000000,0
1531213992466,1531213992461,691132,0.00000395,281.00000000,0
1531214018447,1531214018442,691133,0.00000395,417.00000000,0
1531214019445,1531214019442,691134,0.00000395,833.00000000,0
1531214048457,1531214048453,691135,0.00000395,417.00000000,0
1531214049466,1531214049463,691136,0.00000395,833.00000000,0
1531214052513,1531214052509,691137,0.00000395,834.00000000,0
1531214059156,1531214059152,691138,0.00000393,584.00000000,1
1531214059179,1531214059175,691139,0.00000393,736.00000000,0
1531214078459,1531214078454,691140,0.00000395,417.00000000,0
1531214080213,1531214080208,691141,0.00000395,4649.00000000,0
1531214080670,1531214080664,691142,0.00000395,3501.00000000,0
1531214094703,1531214094700,691143,0.00000395,1.00000000,0
1531214108498,1531214108493,691144,0.00000394,417.00000000,0
1531214109493,1531214109489,691145,0.00000394,167.00000000,0
1531214110549,1531214110544,691146,0.00000395,1265.00000000,0
1531214110559,1531214110555,691147,0.00000395,4014.00000000,0
1531214112528,1531214112525,691148,0.00000395,833.00000000,0
1531214138516,1531214138512,691149,0.00000395,417.00000000,0
1531214140542,1531214140537,691150,0.00000395,3800.00000000,0
1531214141019,1531214141016,691151,0.00000395,1200.00000000,0
1531214141766,1531214141762,691152,0.00000395,417.00000000,0
1531214142552,1531214142548,691153,0.00000395,519.00000000,0
1531214168544,1531214168539,691154,0.00000395,417.00000000,0
1531214169537,1531214169532,691155,0.00000395,833.00000000,0
1531214173036,1531214173032,691156,0.00000395,1582.00000000,0
1531214175144,1531214175140,691157,0.00000395,1356.00000000,0
1531214175672,1531214175669,691158,0.00000395,590.00000000,0
1531214198558,1531214198554,691159,0.00000396,417.00000000,0
1531214200655,1531214200650,691160,0.00000396,2801.00000000,0
1531214200657,1531214200653,691161,0.00000396,2800.00000000,0
1531214201627,1531214201622,691162,0.00000396,1200.00000000,0
1531214201673,1531214201669,691163,0.00000396,417.00000000,0
1531214202595,1531214202591,691164,0.00000396,833.00000000,0
1531214228672,1531214228668,691165,0.00000396,417.00000000,0
1531214230935,1531214230929,691166,0.00000396,3735.00000000,0
1531214231707,1531214231703,691167,0.00000396,417.00000000,0
1531214241554,1531214241550,691168,0.00000394,1282.00000000,1
1531214258616,1531214258611,691169,0.00000396,417.00000000,0
1531214260844,1531214260839,691170,0.00000396,5000.00000000,0
1531214261670,1531214261666,691171,0.00000396,417.00000000,0
1531214262642,1531214262637,691172,0.00000396,833.00000000,0
1531214288632,1531214288626,691173,0.00000396,417.00000000,0
1531214290648,1531214290644,691174,0.00000396,5000.00000000,0
1531214292238,1531214292233,691175,0.00000396,417.00000000,0
1531214292657,1531214292653,691176,0.00000396,833.00000000,0
1531214318633,1531214318628,691177,0.00000396,417.00000000,0
1531214320660,1531214320657,691178,0.00000396,832.00000000,0
1531214321090,1531214321085,691179,0.00000396,147.00000000,0
1531214321090,1531214321085,691180,0.00000397,103.00000000,0
1531214321668,1531214321663,691181,0.00000397,324.00000000,0
1531214344274,1531214344268,691182,0.00000396,2277.00000000,1
1531214344288,1531214344285,691183,0.00000396,1693.00000000,0
1531214344315,1531214344311,691184,0.00000396,1693.00000000,0
1531214344376,1531214344372,691185,0.00000396,1697.00000000,0
1531214348679,1531214348675,691186,0.00000395,417.00000000,0
1531214349665,1531214349660,691187,0.00000395,833.00000000,0
1531214351711,1531214351707,691188,0.00000396,417.00000000,0
1531214351767,1531214351762,691189,0.00000396,417.00000000,0
1531214351844,1531214351839,691190,0.00000396,2144.00000000,0
1531214352530,1531214352525,691191,0.00000396,1529.00000000,0
1531214378682,1531214378677,691192,0.00000396,417.00000000,0
1531214381764,1531214381760,691193,0.00000396,417.00000000,0
1531214382719,1531214382714,691194,0.00000396,833.00000000,0
1531214383736,1531214383731,691195,0.00000396,834.00000000,0
1531214395778,1531214395773,691196,0.00000396,4.00000000,0
1531214408705,1531214408700,691197,0.00000396,417.00000000,0
1531214411743,1531214411739,691198,0.00000396,417.00000000,0
1531214411778,1531214411774,691199,0.00000396,1200.00000000,0
1531214411779,1531214411776,691200,0.00000396,417.00000000,0
1531214438821,1531214438814,691201,0.00000396,417.00000000,0
1531214442759,1531214442755,691202,0.00000396,833.00000000,0
1531214468844,1531214468838,691203,0.00000396,417.00000000,0
1531214470849,1531214470845,691204,0.00000396,5000.00000000,0
1531214471833,1531214471830,691205,0.00000396,417.00000000,0
1531214490453,1531214490422,691206,0.00000395,833.00000000,0
1531214490453,1531214490442,691207,0.00000395,833.00000000,0
1531214498759,1531214498756,691208,0.00000395,417.00000000,0
1531214499761,1531214499756,691209,0.00000395,833.00000000,0
1531214502782,1531214502778,691210,0.00000395,833.00000000,0
1531214528786,1531214528783,691211,0.00000395,417.00000000,0
1531214529769,1531214529765,691212,0.00000395,833.00000000,0
1531214531278,1531214531273,691213,0.00000395,3400.00000000,0
1531214532079,1531214532075,691214,0.00000395,417.00000000,0
1531214558787,1531214558783,691215,0.00000395,417.00000000,0
1531214560814,1531214560810,691216,0.00000395,833.00000000,0
1531214560821,1531214560815,691217,0.00000395,1765.00000000,0
1531214561870,1531214561865,691218,0.00000395,417.00000000,0
1531214562457,1531214562452,691219,0.00000395,1200.00000000,0
1531214564144,1531214564141,691220,0.00000395,1771.00000000,0
1531214565482,1531214565478,691221,0.00000395,833.00000000,0
1531214568669,1531214568664,691222,0.00000395,7464.00000000,0
1531214571356,1531214571351,691223,0.00000395,1661.00000000,0
1531214571356,1531214571351,691224,0.00000396,4413.00000000,0
1531214588798,1531214588793,691225,0.00000396,417.00000000,0
1531214591837,1531214591833,691226,0.00000396,417.00000000,0
1531214591850,1531214591847,691227,0.00000396,692.00000000,0
1531214618914,1531214618909,691228,0.00000396,417.00000000,0
1531214621990,1531214621987,691229,0.00000396,417.00000000,0
1531214622000,1531214621996,691230,0.00000396,417.00000000,0
1531214648848,1531214648843,691231,0.00000396,417.00000000,0
1531214651105,1531214651100,691232,0.00000396,4166.00000000,0
1531214651872,1531214651868,691233,0.00000396,417.00000000,0
1531214651908,1531214651905,691234,0.00000396,417.00000000,0
1531214651909,1531214651905,691235,0.00000396,417.00000000,0
1531214652891,1531214652887,691236,0.00000396,833.00000000,0
1531214660575,1531214660573,691237,0.00000396,1527.00000000,0
1531214665565,1531214665562,691238,0.00000395,2642.00000000,1
1531214678878,1531214678875,691239,0.00000396,417.00000000,0
1531214679888,1531214679884,691240,0.00000396,833.00000000,0
1531214681075,1531214681071,691241,0.00000396,4583.00000000,0
1531214681889,1531214681885,691242,0.00000396,417.00000000,0
1531214681901,1531214681897,691243,0.00000396,418.00000000,0
1531214685799,1531214685795,691244,0.00000395,3917.00000000,1
1531214708898,1531214708894,691245,0.00000396,417.00000000,0
1531214709908,1531214709905,691246,0.00000396,833.00000000,0
1531214712134,1531214712130,691247,0.00000396,274.00000000,0
1531214712935,1531214712931,691248,0.00000396,833.00000000,0
1531214712935,1531214712931,691249,0.00000396,835.00000000,0
1531214712946,1531214712943,691250,0.00000396,869.00000000,0
1531214729588,1531214729584,691251,0.00000396,1736.00000000,0
1531214729612,1531214729606,691252,0.00000395,1967.00000000,0
1531214738925,1531214738921,691253,0.00000395,417.00000000,0
1531214739919,1531214739916,691254,0.00000395,833.00000000,0
1531214740956,1531214740951,691255,0.00000395,402.00000000,0
1531214741478,1531214741474,691256,0.00000395,71.00000000,0
1531214741478,1531214741474,691257,0.00000396,1129.00000000,0
1531214765756,1531214765752,691258,0.00000396,5.00000000,0
1531214768944,1531214768938,691259,0.00000396,417.00000000,0
1531214770819,1531214770816,691260,0.00000395,833.00000000,1
1531214770849,1531214770845,691261,0.00000395,474.00000000,0
1531214771141,1531214771136,691262,0.00000396,4600.00000000,0
1531214772009,1531214772005,691263,0.00000396,756.00000000,0
1531214772026,1531214772021,691264,0.00000396,756.00000000,0
1531214772973,1531214772968,691265,0.00000396,833.00000000,0
1531214781381,1531214781376,691266,0.00000396,104.00000000,0
1531214791328,1531214791324,691267,0.00000394,20044.00000000,1
1531214799095,1531214799089,691268,0.00000396,417.00000000,0
1531214828971,1531214828966,691269,0.00000396,417.00000000,0
1531214829981,1531214829977,691270,0.00000396,833.00000000,0
1531214833036,1531214833032,691271,0.00000396,833.00000000,0
1531214833062,1531214833058,691272,0.00000396,835.00000000,0
1531214833118,1531214833113,691273,0.00000396,835.00000000,0
1531214833119,1531214833114,691274,0.00000396,835.00000000,0
1531214859013,1531214859007,691275,0.00000396,417.00000000,0
1531214860013,1531214860009,691276,0.00000396,833.00000000,0
1531214868449,1531214868445,691277,0.00000396,2271.00000000,0
1531214872847,1531214872843,691278,0.00000395,4184.00000000,1
1531214889041,1531214889035,691279,0.00000396,417.00000000,0
1531214890047,1531214890041,691280,0.00000396,833.00000000,0
1531214890473,1531214890469,691281,0.00000396,1787.00000000,0
1531214890978,1531214890973,691282,0.00000395,714.00000000,1
1531214891265,1531214891262,691283,0.00000396,744.00000000,0
1531214892114,1531214892110,691284,0.00000396,756.00000000,0
1531214892146,1531214892141,691285,0.00000396,756.00000000,0
1531214893069,1531214893066,691286,0.00000396,833.00000000,0
1531214893132,1531214893128,691287,0.00000396,835.00000000,0
1531214893138,1531214893133,691288,0.00000396,835.00000000,0
1531214901038,1531214901035,691289,0.00000396,500.00000000,0
1531214919151,1531214919148,691290,0.00000396,417.00000000,0
1531214920152,1531214920149,691291,0.00000396,833.00000000,0
1531214921184,1531214921179,691292,0.00000396,2013.00000000,0
1531214921208,1531214921205,691293,0.00000396,2013.00000000,0
1531214921224,1531214921219,691294,0.00000396,2013.00000000,0
1531214922226,1531214922221,691295,0.00000396,756.00000000,0
1531214922257,1531214922253,691296,0.00000396,756.00000000,0
1531214922434,1531214922431,691297,0.00000396,256.00000000,0
1531214922434,1531214922431,691298,0.00000397,944.00000000,0
1531214931329,1531214931325,691299,0.00000397,1737.00000000,0
1531214942158,1531214942153,691300,0.00000397,12594.00000000,0
1531214949077,1531214949073,691301,0.00000397,257.00000000,0
1531214951120,1531214951116,691302,0.00000397,2625.00000000,0
1531214983167,1531214983163,691303,0.00000397,206.00000000,0
1531214991986,1531214991982,691304,0.00000398,1703.00000000,0
1531215003861,1531215003859,691305,0.00000398,1.00000000,0
1531215005538,1531215005535,691306,0.00000398,1.00000000,0
1531215006784,1531215006779,691307,0.00000398,1.00000000,0
1531215045509,1531215045504,691308,0.00000397,1833.00000000,0
1531215054181,1531215054177,691309,0.00000397,410.00000000,0
1531215066709,1531215066704,691310,0.00000397,1447.00000000,0
1531215073642,1531215073638,691311,0.00000397,40365.00000000,1
1531215073642,1531215073638,691312,0.00000395,2889.00000000,1
1531215091146,1531215091142,691313,0.00000397,336.00000000,0
1531215099200,1531215099196,691314,0.00000397,296.00000000,0
1531215100198,1531215100194,691315,0.00000397,592.00000000,0
1531215101249,1531215101245,691316,0.00000397,3020.00000000,0
1531215102222,1531215102218,691317,0.00000397,417.00000000,0
1531215162330,1531215162325,691318,0.00000397,198.00000000,0
1531215205306,1531215205302,691319,0.00000397,2541.00000000,1
1531215205324,1531215205320,691320,0.00000397,1784.00000000,0
1531215205337,1531215205332,691321,0.00000397,1788.00000000,0
1531215205362,1531215205357,691322,0.00000397,1784.00000000,0
1531215219289,1531215219285,691323,0.00000397,417.00000000,0
1531215222322,1531215222319,691324,0.00000397,417.00000000,0
1531215222337,1531215222332,691325,0.00000397,418.00000000,0
1531215235334,1531215235330,691326,0.00000396,300.00000000,0
1531215249308,1531215249302,691327,0.00000397,417.00000000,0
1531215251389,1531215251383,691328,0.00000397,4292.00000000,0
1531215252331,1531215252326,691329,0.00000397,417.00000000,0
1531215252353,1531215252348,691330,0.00000397,418.00000000,0
1531215254336,1531215254331,691331,0.00000396,833.00000000,1
1531215254350,1531215254345,691332,0.00000396,833.00000000,0
1531215254378,1531215254375,691333,0.00000396,833.00000000,0
1531215279344,1531215279341,691334,0.00000396,417.00000000,0
1531215280345,1531215280340,691335,0.00000396,833.00000000,0
1531215281783,1531215281778,691336,0.00000396,4167.00000000,0
1531215282400,1531215282397,691337,0.00000396,417.00000000,0
1531215282416,1531215282412,691338,0.00000396,417.00000000,0
1531215303828,1531215303823,691339,0.00000396,834.00000000,0
1531215306440,1531215306434,691340,0.00000395,417.00000000,1
1531215309438,1531215309434,691341,0.00000396,417.00000000,0
1531215310438,1531215310433,691342,0.00000396,833.00000000,0
1531215311663,1531215311659,691343,0.00000396,4643.00000000,0
1531215312496,1531215312491,691344,0.00000396,417.00000000,0
1531215323099,1531215323094,691345,0.00000396,834.00000000,0
1531215339365,1531215339359,691346,0.00000396,417.00000000,0
1531215340365,1531215340362,691347,0.00000396,833.00000000,0
1531215341439,1531215341435,691348,0.00000396,1239.00000000,0
1531215369408,1531215369405,691349,0.00000396,417.00000000,0
1531215370599,1531215370595,691350,0.00000396,833.00000000,0
1531215371460,1531215371456,691351,0.00000396,4213.00000000,0
1531215373508,1531215373504,691352,0.00000396,834.00000000,0
1531215399417,1531215399414,691353,0.00000396,417.00000000,0
1531215400413,1531215400409,691354,0.00000396,833.00000000,0
1531215401497,1531215401494,691355,0.00000396,5000.00000000,0
1531215402463,1531215402459,691356,0.00000396,416.00000000,0
1531215402466,1531215402462,691357,0.00000396,417.00000000,0
1531215408655,1531215408649,691358,0.00000396,1704.00000000,0
1531215429450,1531215429446,691359,0.00000396,417.00000000,0
1531215430541,1531215430537,691360,0.00000396,833.00000000,0
1531215431490,1531215431486,691361,0.00000396,426.00000000,0
1531215431490,1531215431486,691362,0.00000397,408.00000000,0
1531215431495,1531215431490,691363,0.00000397,362.00000000,0
1531215431574,1531215431571,691364,0.00000397,983.00000000,0
1531215432043,1531215432038,691365,0.00000395,605.00000000,0
1531215432050,1531215432047,691366,0.00000395,1711.00000000,0
1531215432054,1531215432050,691367,0.00000395,2316.00000000,0
1531215432075,1531215432071,691368,0.00000395,1684.00000000,0
1531215432578,1531215432573,691369,0.00000395,263.00000000,0
1531215445880,1531215445877,691370,0.00000394,11000.00000000,1
1531215459469,1531215459466,691371,0.00000395,417.00000000,0
1531215460474,1531215460470,691372,0.00000395,833.00000000,0
1531215461521,1531215461518,691373,0.00000395,403.00000000,0
1531215461999,1531215461994,691374,0.00000395,3614.00000000,0
1531215462506,1531215462502,691375,0.00000395,429.00000000,0
1531215462506,1531215462503,691376,0.00000395,693.00000000,0
1531215462510,1531215462505,691377,0.00000395,419.00000000,0
1531215463494,1531215463489,691378,0.00000395,833.00000000,0
1531215463574,1531215463571,691379,0.00000395,1942.00000000,0
1531215489570,1531215489565,691380,0.00000395,417.00000000,0
1531215490483,1531215490480,691381,0.00000395,833.00000000,0
1531215491661,1531215491657,691382,0.00000395,3503.00000000,0
1531215492700,1531215492695,691383,0.00000395,417.00000000,0
1531215493496,1531215493491,691384,0.00000395,833.00000000,0
1531215519503,1531215519498,691385,0.00000395,417.00000000,0
1531215520512,1531215520507,691386,0.00000395,833.00000000,0
1531215521737,1531215521732,691387,0.00000395,5000.00000000,0
1531215522990,1531215522987,691388,0.00000395,417.00000000,0
1531215523530,1531215523525,691389,0.00000395,833.00000000,0
1531215549533,1531215549530,691390,0.00000395,417.00000000,0
1531215550528,1531215550525,691391,0.00000395,833.00000000,0
1531215552019,1531215552016,691392,0.00000395,5000.00000000,0
1531215552603,1531215552599,691393,0.00000395,417.00000000,0
1531215553549,1531215553546,691394,0.00000395,833.00000000,0
1531215579554,1531215579551,691395,0.00000395,417.00000000,0
1531215580546,1531215580543,691396,0.00000395,833.00000000,0
1531215581742,1531215581737,691397,0.00000395,5000.00000000,0
1531215583575,1531215583571,691398,0.00000395,833.00000000,0
1531215586692,1531215586688,691399,0.00000395,1718.00000000,0
1531215592842,1531215592837,691400,0.00000395,2338.00000000,0
1531215592842,1531215592837,691401,0.00000396,20310.00000000,0
1531215603030,1531215603026,691402,0.00000396,5548.00000000,0
1531215603030,1531215603026,691403,0.00000397,4452.00000000,0
1531215610479,1531215610474,691404,0.00000397,289.00000000,0
1531215615310,1531215615305,691405,0.00000395,578.00000000,1
1531215615310,1531215615305,691406,0.00000394,331.00000000,1
1531215619396,1531215619391,691407,0.00000394,1282.00000000,1
1531215639586,1531215639583,691408,0.00000397,265.00000000,0
1531215641730,1531215641725,691409,0.00000397,2913.00000000,0
1531215641730,1531215641725,691410,0.00000398,697.00000000,0
1531215642611,1531215642607,691411,0.00000398,417.00000000,0
1531215643616,1531215643613,691412,0.00000397,833.00000000,0
1531215652823,1531215652816,691413,0.00000394,13897.00000000,1
1531215652823,1531215652816,691414,0.00000393,11882.00000000,1
1531215652823,1531215652816,691415,0.00000392,81722.00000000,1
1531215652823,1531215652816,691416,0.00000391,123214.00000000,1
1531215652823,1531215652816,691417,0.00000391,1930.00000000,1
1531215667253,1531215667247,691418,0.00000395,2365.00000000,0
1531215667967,1531215667963,691419,0.00000393,13465.00000000,1
1531215670633,1531215670629,691420,0.00000394,417.00000000,0
1531215672882,1531215672878,691421,0.00000394,924.00000000,0
1531215672882,1531215672878,691422,0.00000395,177.00000000,0
1531215672882,1531215672878,691423,0.00000396,3899.00000000,0
1531215673406,1531215673402,691424,0.00000396,975.00000000,0
1531215673726,1531215673722,691425,0.00000396,417.00000000,0
1531215673755,1531215673751,691426,0.00000396,250.00000000,0
1531215674023,1531215674020,691427,0.00000397,6642.00000000,0
1531215696696,1531215696693,691428,0.00000397,153.00000000,0
1531215699631,1531215699626,691429,0.00000397,417.00000000,0
1531215701801,1531215701798,691430,0.00000397,472.00000000,0
1531215702666,1531215702661,691431,0.00000397,313.00000000,0
1531215705693,1531215705690,691432,0.00000397,1742.00000000,0
1531215706001,1531215705998,691433,0.00000397,626.00000000,0
1531215724348,1531215724343,691434,0.00000396,809.00000000,0
1531215724646,1531215724642,691435,0.00000396,278.00000000,0
1531215724657,1531215724654,691436,0.00000396,278.00000000,0
1531215729673,1531215729669,691437,0.00000396,303.00000000,0
1531215730173,1531215730168,691438,0.00000396,114.00000000,1
1531215730173,1531215730168,691439,0.00000394,2541.00000000,1
1531215730173,1531215730168,691440,0.00000393,6912.00000000,1
1531215730173,1531215730168,691441,0.00000392,42895.00000000,1
1531215732807,1531215732804,691442,0.00000396,318.00000000,0
1531215732828,1531215732824,691443,0.00000396,349.00000000,0
1531215733689,1531215733685,691444,0.00000396,637.00000000,0
1531215738434,1531215738429,691445,0.00000394,833.00000000,1
1531215738434,1531215738429,691446,0.00000392,21221.00000000,1
1531215738434,1531215738429,691447,0.00000391,32680.00000000,1
1531215746447,1531215746443,691448,0.00000392,1971.00000000,1
1531215746447,1531215746443,691449,0.00000391,8508.00000000,1
1531215750327,1531215750323,691450,0.00000392,1031.00000000,1
1531215754783,1531215754780,691451,0.00000392,10677.00000000,1
1531215759787,1531215759783,691452,0.00000394,417.00000000,0
1531215760122,1531215760117,691453,0.00000393,969.00000000,0
1531215760436,1531215760431,691454,0.00000393,1002.00000000,0
1531215760695,1531215760691,691455,0.00000394,583.00000000,0
1531215763418,1531215763413,691456,0.00000394,250.00000000,1
1531215763418,1531215763413,691457,0.00000392,6255.00000000,1
1531215763718,1531215763713,691458,0.00000395,833.00000000,0
1531215769972,1531215769968,691459,0.00000394,1542.00000000,0
1531215772708,1531215772703,691460,0.00000392,9010.00000000,1
1531215778696,1531215778691,691461,0.00000394,1833.00000000,0
1531215780016,1531215780011,691462,0.00000392,7043.00000000,1
1531215781404,1531215781401,691463,0.00000394,1033.00000000,0
1531215785032,1531215785028,691464,0.00000394,367.00000000,0
1531215785032,1531215785028,691465,0.00000395,1466.00000000,0
1531215789697,1531215789694,691466,0.00000395,417.00000000,0
1531215790588,1531215790583,691467,0.00000392,3628.00000000,1
1531215790588,1531215790583,691468,0.00000391,6143.00000000,1
1531215790708,1531215790705,691469,0.00000394,833.00000000,0
1531215791078,1531215791075,691470,0.00000394,809.00000000,0
1531215791621,1531215791616,691471,0.00000394,584.00000000,0
1531215791731,1531215791725,691472,0.00000394,1402.00000000,0
1531215791731,1531215791725,691473,0.00000395,3598.00000000,0
1531215792784,1531215792779,691474,0.00000395,581.00000000,0
1531215793849,1531215793846,691475,0.00000395,1715.00000000,0
1531215794004,1531215794001,691476,0.00000395,417.00000000,0
1531215799133,1531215799130,691477,0.00000394,1618.00000000,0
1531215799921,1531215799916,691478,0.00000392,4142.00000000,1
1531215799921,1531215799916,691479,0.00000391,2756.00000000,1
1531215800745,1531215800741,691480,0.00000393,1225.00000000,0
1531215808325,1531215808319,691481,0.00000391,6743.00000000,1
1531215815926,1531215815922,691482,0.00000391,4882.00000000,1
1531215816741,1531215816737,691483,0.00000391,9015.00000000,1
1531215818745,1531215818740,691484,0.00000393,13654.00000000,0
1531215819726,1531215819722,691485,0.00000393,256.00000000,0
1531215819726,1531215819722,691486,0.00000394,161.00000000,0
1531215821815,1531215821812,691487,0.00000394,1246.00000000,0
1531215823764,1531215823760,691488,0.00000394,833.00000000,0
1531215823777,1531215823772,691489,0.00000394,1715.00000000,0
1531215824749,1531215824744,691490,0.00000393,833.00000000,1
1531215824749,1531215824744,691491,0.00000391,7159.00000000,1
1531215825903,1531215825899,691492,0.00000391,678.00000000,1
1531215825903,1531215825899,691493,0.00000390,62116.00000000,1
1531215825904,1531215825899,691494,0.00000390,6755.00000000,1
1531215825904,1531215825899,691495,0.00000390,2057.00000000,1
1531215825904,1531215825899,691496,0.00000390,9636.00000000,1
1531215825905,1531215825899,691497,0.00000390,10000.00000000,1
1531215825905,1531215825899,691498,0.00000390,9463.00000000,1
1531215825907,1531215825899,691499,0.00000390,148007.00000000,1
1531215831241,1531215831238,691500,0.00000393,1757.00000000,0
1531215831345,1531215831342,691501,0.00000393,7246.00000000,0
1531215834873,1531215834867,691502,0.00000393,1757.00000000,1
1531215834873,1531215834867,691503,0.00000390,8435.00000000,1
1531215837981,1531215837976,691504,0.00000394,2774.00000000,0
1531215848987,1531215848983,691505,0.00000393,13910.00000000,0
1531215849741,1531215849737,691506,0.00000394,417.00000000,0
1531215850741,1531215850738,691507,0.00000394,833.00000000,0
1531215851977,1531215851974,691508,0.00000394,3407.00000000,0
1531215852153,1531215852149,691509,0.00000394,36905.00000000,0
1531215871108,1531215871104,691510,0.00000391,259.00000000,1
1531215880694,1531215880690,691511,0.00000393,259.00000000,0
1531215880694,1531215880690,691512,0.00000394,158.00000000,0
1531215883730,1531215883725,691513,0.00000394,417.00000000,0
1531215884717,1531215884712,691514,0.00000394,833.00000000,0
1531215884725,1531215884720,691515,0.00000394,836.00000000,0
1531215888187,1531215888182,691516,0.00000394,1300.00000000,0
1531215904761,1531215904757,691517,0.00000392,5456.00000000,1
1531215905942,1531215905938,691518,0.00000393,1399.00000000,0
1531215908225,1531215908219,691519,0.00000393,282.00000000,0
1531215909784,1531215909780,691520,0.00000394,417.00000000,0
1531215910795,1531215910791,691521,0.00000394,833.00000000,0
1531215911862,1531215911858,691522,0.00000394,2967.00000000,0
1531215912919,1531215912915,691523,0.00000394,1200.00000000,0
1531215913287,1531215913283,691524,0.00000394,417.00000000,0
1531215913929,1531215913924,691525,0.00000394,833.00000000,0
1531215914058,1531215914055,691526,0.00000392,11167.00000000,1
1531215923476,1531215923472,691527,0.00000392,5293.00000000,1
1531215931998,1531215931994,691528,0.00000392,5293.00000000,1
1531215939816,1531215939812,691529,0.00000394,417.00000000,0
1531215940311,1531215940306,691530,0.00000392,6941.00000000,1
1531215940311,1531215940306,691531,0.00000391,5367.00000000,1
1531215940820,1531215940815,691532,0.00000394,833.00000000,0
1531215942880,1531215942875,691533,0.00000394,417.00000000,0
1531215943853,1531215943849,691534,0.00000394,476.00000000,0
1531215949091,1531215949086,691535,0.00000391,5266.00000000,1
1531215960068,1531215960065,691536,0.00000392,10166.00000000,1
1531215969807,1531215969803,691537,0.00000391,7971.00000000,1
1531215970842,1531215970838,691538,0.00000393,417.00000000,0
1531215971840,1531215971836,691539,0.00000393,583.00000000,0
1531215974321,1531215974317,691540,0.00000394,417.00000000,0
1531215974872,1531215974868,691541,0.00000394,833.00000000,0
1531215977849,1531215977845,691542,0.00000393,250.00000000,1
1531215977849,1531215977845,691543,0.00000392,586.00000000,1
1531215977849,1531215977845,691544,0.00000391,10898.00000000,1
1531215999867,1531215999863,691545,0.00000394,417.00000000,0
1531216000863,1531216000857,691546,0.00000394,833.00000000,0
1531216001947,1531216001943,691547,0.00000394,5000.00000000,0
1531216004041,1531216004036,691548,0.00000394,834.00000000,0
1531216011580,1531216011573,691549,0.00000393,265.00000000,1
1531216012540,1531216012536,691550,0.00000393,498.00000000,0
1531216020608,1531216020605,691551,0.00000393,265.00000000,1
1531216021334,1531216021330,691552,0.00000393,763.00000000,0
1531216027426,1531216027422,691553,0.00000393,1617.00000000,0
1531216027962,1531216027957,691554,0.00000393,2628.00000000,0
1531216029867,1531216029863,691555,0.00000393,417.00000000,0
1531216030783,1531216030778,691556,0.00000393,763.00000000,0
1531216030791,1531216030787,691557,0.00000393,763.00000000,0
1531216030877,1531216030873,691558,0.00000393,833.00000000,0
1531216032367,1531216032363,691559,0.00000393,2120.00000000,0
1531216033066,1531216033062,691560,0.00000393,417.00000000,0
1531216034362,1531216034359,691561,0.00000393,833.00000000,0
1531216039273,1531216039269,691562,0.00000393,1175.00000000,0
1531216059886,1531216059882,691563,0.00000394,417.00000000,0
1531216060898,1531216060894,691564,0.00000394,833.00000000,0
1531216084558,1531216084554,691565,0.00000393,586.00000000,1
1531216089928,1531216089924,691566,0.00000394,417.00000000,0
1531216090929,1531216090923,691567,0.00000394,833.00000000,0
1531216091950,1531216091947,691568,0.00000394,5000.00000000,0
1531216092776,1531216092771,691569,0.00000394,1712.00000000,0
1531216092996,1531216092992,691570,0.00000394,417.00000000,0
1531216093939,1531216093936,691571,0.00000394,833.00000000,0
1531216093948,1531216093943,691572,0.00000394,836.00000000,0
1531216093960,1531216093956,691573,0.00000394,871.00000000,0
1531216094019,1531216094015,691574,0.00000394,836.00000000,0
1531216119937,1531216119934,691575,0.00000395,417.00000000,0
1531216122955,1531216122950,691576,0.00000395,417.00000000,0
1531216126342,1531216126339,691577,0.00000395,1716.00000000,0
1531216140807,1531216140804,691578,0.00000395,4339.00000000,0
1531216149957,1531216149952,691579,0.00000395,19.00000000,0
1531216149957,1531216149952,691580,0.00000396,398.00000000,0
1531216150969,1531216150965,691581,0.00000395,833.00000000,0
1531216153026,1531216153023,691582,0.00000395,5000.00000000,0
1531216153061,1531216153058,691583,0.00000395,758.00000000,0
1531216155021,1531216155017,691584,0.00000395,417.00000000,0
1531216180088,1531216180085,691585,0.00000395,417.00000000,0
1531216182253,1531216182249,691586,0.00000395,3284.00000000,0
1531216183119,1531216183114,691587,0.00000395,834.00000000,0
1531216183144,1531216183140,691588,0.00000395,758.00000000,0
1531216183197,1531216183194,691589,0.00000395,758.00000000,0
1531216184726,1531216184722,691590,0.00000395,834.00000000,0
1531216210015,1531216210011,691591,0.00000395,417.00000000,0
1531216212442,1531216212437,691592,0.00000395,2906.00000000,0
1531216212442,1531216212437,691593,0.00000396,2094.00000000,0
1531216213035,1531216213031,691594,0.00000396,417.00000000,0
1531216213038,1531216213033,691595,0.00000396,416.00000000,0
1531216213082,1531216213078,691596,0.00000396,758.00000000,0
1531216221881,1531216221876,691597,0.00000394,21.00000000,1
1531216223599,1531216223596,691598,0.00000394,769.00000000,1
1531216225563,1531216225559,691599,0.00000395,1762.00000000,0
1531216225605,1531216225601,691600,0.00000395,2599.00000000,0
1531216225620,1531216225615,691601,0.00000395,306.00000000,0
1531216225620,1531216225616,691602,0.00000395,2599.00000000,0
1531216225690,1531216225684,691603,0.00000395,834.00000000,0
1531216240029,1531216240025,691604,0.00000395,417.00000000,0
1531216241029,1531216241023,691605,0.00000395,833.00000000,0
1531216242078,1531216242074,691606,0.00000395,2825.00000000,0
1531216243066,1531216243060,691607,0.00000395,834.00000000,0
1531216243097,1531216243092,691608,0.00000395,758.00000000,0
1531216243629,1531216243624,691609,0.00000395,1200.00000000,0
1531216244062,1531216244058,691610,0.00000395,833.00000000,0
1531216244132,1531216244127,691611,0.00000395,758.00000000,0
1531216270141,1531216270137,691612,0.00000395,239.00000000,0
1531216270141,1531216270137,691613,0.00000396,178.00000000,0
1531216272247,1531216272244,691614,0.00000396,5000.00000000,0
1531216273089,1531216273085,691615,0.00000396,417.00000000,0
1531216273119,1531216273116,691616,0.00000396,416.00000000,0
1531216273149,1531216273146,691617,0.00000396,758.00000000,0
1531216275184,1531216275179,691618,0.00000396,4227.00000000,0
1531216300089,1531216300084,691619,0.00000397,417.00000000,0
1531216301098,1531216301094,691620,0.00000397,833.00000000,0
1531216304401,1531216304398,691621,0.00000397,1761.00000000,0
1531216327760,1531216327757,691622,0.00000396,389.00000000,1
1531216330101,1531216330098,691623,0.00000397,417.00000000,0
1531216331107,1531216331104,691624,0.00000397,833.00000000,0
1531216333691,1531216333686,691625,0.00000396,307.00000000,1
1531216360117,1531216360113,691626,0.00000397,417.00000000,0
1531216361111,1531216361107,691627,0.00000397,833.00000000,0
1531216390129,1531216390124,691628,0.00000397,417.00000000,0
1531216391135,1531216391130,691629,0.00000397,833.00000000,0
1531216420163,1531216420158,691630,0.00000397,417.00000000,0
1531216421162,1531216421159,691631,0.00000397,833.00000000,0
1531216443630,1531216443625,691632,0.00000396,1263.00000000,1
1531216450188,1531216450184,691633,0.00000397,417.00000000,0
1531216451187,1531216451184,691634,0.00000397,833.00000000,0
1531216480217,1531216480214,691635,0.00000397,417.00000000,0
1531216481207,1531216481203,691636,0.00000397,833.00000000,0
1531216510246,1531216510242,691637,0.00000397,417.00000000,0
1531216511243,1531216511240,691638,0.00000397,833.00000000,0
1531216540259,1531216540255,691639,0.00000397,417.00000000,0
1531216541262,1531216541259,691640,0.00000397,833.00000000,0
1531216570293,1531216570290,691641,0.00000397,417.00000000,0
1531216571296,1531216571291,691642,0.00000397,833.00000000,0
1531216600314,1531216600309,691643,0.00000397,363.00000000,0
1531216601309,1531216601304,691644,0.00000397,727.00000000,0
1531216627673,1531216627669,691645,0.00000397,3271.00000000,0
1531216658601,1531216658597,691646,0.00000397,48.00000000,1
1531216719537,1531216719532,691647,0.00000397,1627.00000000,1
1531216742962,1531216742958,691648,0.00000397,12.00000000,1
1531216847993,1531216847990,691649,0.00000397,2004.00000000,1
1531216979971,1531216979967,691650,0.00000397,344.00000000,1
1531217074254,1531217074250,691651,0.00000397,30000.00000000,1
1531217184202,1531217184196,691652,0.00000398,9481.00000000,0
1531217186815,1531217186811,691653,0.00000398,1092.00000000,0
1531217190689,1531217190685,691654,0.00000398,1181.00000000,0
1531217233076,1531217233071,691655,0.00000398,1386.00000000,0
1531217237473,1531217237468,691656,0.00000398,927.00000000,0
1531217245865,1531217245862,691657,0.00000398,358.00000000,0
1531217246965,1531217246961,691658,0.00000397,2.00000000,1
1531217362147,1531217362141,691659,0.00000398,733.00000000,0
1531217364038,1531217364034,691660,0.00000398,1080.00000000,0
1531217364369,1531217364365,691661,0.00000398,1065.00000000,0
1531217367705,1531217367701,691662,0.00000398,718.00000000,0
1531217371198,1531217371193,691663,0.00000397,7301.00000000,1
1531217383240,1531217383237,691664,0.00000396,3112.00000000,1
1531217463336,1531217463333,691665,0.00000398,637.00000000,0
1531217463337,1531217463333,691666,0.00000398,600.00000000,0
1531217463343,1531217463339,691667,0.00000398,638.00000000,0
1531217466239,1531217466234,691668,0.00000398,696.00000000,0
1531217467269,1531217467265,691669,0.00000398,704.00000000,0
1531217522302,1531217522295,691670,0.00000396,6802.00000000,1
1531217522302,1531217522295,691671,0.00000394,19048.00000000,1
1531217522302,1531217522295,691672,0.00000393,35052.00000000,1
1531217522302,1531217522295,691673,0.00000392,31756.00000000,1
1531217522302,1531217522295,691674,0.00000391,64649.00000000,1
1531217523120,1531217523116,691675,0.00000395,561.00000000,0
1531217523162,1531217523158,691676,0.00000395,534.00000000,0
1531217529146,1531217529141,691677,0.00000395,254.00000000,1
1531217529331,1531217529327,691678,0.00000395,254.00000000,0
1531217530001,1531217529997,691679,0.00000393,2172.00000000,1
1531217530002,1531217529997,691680,0.00000392,25510.00000000,1
1531217530002,1531217529997,691681,0.00000391,76894.00000000,1
1531217530002,1531217529997,691682,0.00000390,59522.00000000,1
1531217530286,1531217530282,691683,0.00000393,521.00000000,0
1531217531140,1531217531135,691684,0.00000394,417.00000000,0
1531217532124,1531217532119,691685,0.00000394,833.00000000,0
1531217537848,1531217537841,691686,0.00000390,31414.00000000,1
1531217539995,1531217539991,691687,0.00000394,5871.00000000,0
1531217542682,1531217542677,691688,0.00000391,6403.00000000,1
1531217542682,1531217542677,691689,0.00000390,1695.00000000,1
1531217545403,1531217545398,691690,0.00000392,7197.00000000,1
1531217545476,1531217545472,691691,0.00000390,31957.00000000,1
1531217546072,1531217546066,691692,0.00000392,910.00000000,0
1531217546072,1531217546066,691693,0.00000393,6403.00000000,0
1531217546072,1531217546066,691694,0.00000395,592.00000000,0
1531217546072,1531217546066,691695,0.00000397,7197.00000000,0
1531217546158,1531217546154,691696,0.00000397,5443.00000000,0
1531217551331,1531217551326,691697,0.00000393,267.00000000,0
1531217553214,1531217553209,691698,0.00000392,8867.00000000,1
1531217553214,1531217553209,691699,0.00000391,10568.00000000,1
1531217556091,1531217556085,691700,0.00000396,8867.00000000,0
1531217556091,1531217556085,691701,0.00000397,3033.00000000,0
1531217560413,1531217560408,691702,0.00000397,5.00000000,0
1531217561308,1531217561303,691703,0.00000396,417.00000000,1
1531217561308,1531217561303,691704,0.00000393,11012.00000000,1
1531217561308,1531217561303,691705,0.00000392,13925.00000000,1
1531217561308,1531217561303,691706,0.00000391,524.00000000,1
1531217561308,1531217561303,691707,0.00000390,1217.00000000,1
1531217562155,1531217562150,691708,0.00000393,524.00000000,0
1531217562408,1531217562404,691709,0.00000395,267.00000000,1
1531217566116,1531217566111,691710,0.00000395,42.00000000,1
1531217568756,1531217568752,691711,0.00000391,1586.00000000,1
1531217568756,1531217568752,691712,0.00000390,19541.00000000,1
1531217568925,1531217568920,691713,0.00000393,1200.00000000,0
1531217570994,1531217570988,691714,0.00000393,8712.00000000,0
1531217570994,1531217570988,691715,0.00000394,7589.00000000,0
1531217576354,1531217576348,691716,0.00000391,24697.00000000,1
1531217576354,1531217576348,691717,0.00000390,4575.00000000,1
1531217581852,1531217581846,691718,0.00000393,719.00000000,0
1531217584129,1531217584123,691719,0.00000391,11248.00000000,1
1531217584129,1531217584123,691720,0.00000390,9383.00000000,1
1531217584460,1531217584456,691721,0.00000392,2093.00000000,0
1531217584496,1531217584493,691722,0.00000391,6428.00000000,0
1531217585546,1531217585536,691723,0.00000390,5346.00000000,1
1531217588470,1531217588466,691724,0.00000391,1159.00000000,0
1531217590833,1531217590826,691725,0.00000390,20307.00000000,1
1531217591175,1531217591171,691726,0.00000392,417.00000000,0
1531217591724,1531217591718,691727,0.00000392,859.00000000,0
1531217592176,1531217592171,691728,0.00000393,833.00000000,0
1531217596800,1531217596796,691729,0.00000393,1660.00000000,0
1531217596806,1531217596803,691730,0.00000393,418.00000000,0
1531217599291,1531217599286,691731,0.00000392,790.00000000,1
1531217599291,1531217599286,691732,0.00000390,26090.00000000,1
1531217606924,1531217606921,691733,0.00000390,24057.00000000,1
1531217608525,1531217608521,691734,0.00000390,6632.00000000,1
1531217608835,1531217608829,691735,0.00000391,310.00000000,0
1531217608966,1531217608962,691736,0.00000390,1295.00000000,1
1531217616294,1531217616291,691737,0.00000390,30470.00000000,1
1531217621203,1531217621199,691738,0.00000393,417.00000000,0
1531217622052,1531217622048,691739,0.00000390,2433.00000000,1
1531217622195,1531217622191,691740,0.00000393,833.00000000,0
1531217625507,1531217625503,691741,0.00000393,833.00000000,0
1531217626231,1531217626225,691742,0.00000390,16269.00000000,1
1531217632946,1531217632937,691743,0.00000390,6131.00000000,1
1531217632946,1531217632937,691744,0.00000389,9497.00000000,1
1531217632946,1531217632937,691745,0.00000388,5470.00000000,1
1531217632946,1531217632937,691746,0.00000387,12317.00000000,1
1531217632946,1531217632937,691747,0.00000387,1500.00000000,1
1531217632947,1531217632937,691748,0.00000387,1544.00000000,1
1531217632950,1531217632937,691749,0.00000387,43424.00000000,1
1531217632950,1531217632937,691750,0.00000386,16576.00000000,1
1531217632950,1531217632937,691751,0.00000386,800.00000000,1
1531217632961,1531217632956,691752,0.00000389,19492.00000000,0
1531217632998,1531217632993,691753,0.00000390,2300.00000000,0
1531217633378,1531217633374,691754,0.00000390,1588.00000000,0
1531217633514,1531217633510,691755,0.00000389,2580.00000000,1
1531217633899,1531217633894,691756,0.00000389,1293.00000000,1
1531217634057,1531217634053,691757,0.00000389,1102.00000000,1
1531217634149,1531217634143,691758,0.00000391,1588.00000000,0
1531217634472,1531217634467,691759,0.00000389,881.00000000,1
1531217634489,1531217634485,691760,0.00000389,1699.00000000,0
1531217635275,1531217635270,691761,0.00000389,1412.00000000,1
1531217636368,1531217636363,691762,0.00000388,606.00000000,1
1531217638550,1531217638546,691763,0.00000389,1200.00000000,0
1531217639180,1531217639177,691764,0.00000388,1100.00000000,1
1531217639613,1531217639609,691765,0.00000388,406.00000000,1
1531217639747,1531217639743,691766,0.00000388,1383.00000000,1
1531217640361,1531217640357,691767,0.00000389,3001.00000000,0
1531217640371,1531217640368,691768,0.00000389,3000.00000000,0
1531217641922,1531217641918,691769,0.00000389,4788.00000000,0
1531217642153,1531217642147,691770,0.00000389,2102.00000000,0
1531217642153,1531217642147,691771,0.00000390,2586.00000000,0
1531217642777,1531217642772,691772,0.00000389,3495.00000000,0
1531217642804,1531217642799,691773,0.00000390,8626.00000000,0
1531217642804,1531217642799,691774,0.00000391,3865.00000000,0
1531217642804,1531217642799,691775,0.00000393,930.00000000,0
1531217642810,1531217642805,691776,0.00000393,1169.00000000,0
1531217642815,1531217642812,691777,0.00000393,3453.00000000,0
1531217643066,1531217643061,691778,0.00000393,1200.00000000,0
1531217644640,1531217644635,691779,0.00000392,587.00000000,0
1531217644640,1531217644635,691780,0.00000393,11035.00000000,0
1531217644640,1531217644635,691781,0.00000394,851.00000000,0
1531217645397,1531217645393,691782,0.00000391,1594.00000000,0
1531217648778,1531217648774,691783,0.00000390,2512.00000000,1
1531217650405,1531217650401,691784,0.00000391,260.00000000,1
1531217650701,1531217650695,691785,0.00000392,123.00000000,0
1531217651206,1531217651201,691786,0.00000392,158.00000000,0
1531217651206,1531217651201,691787,0.00000393,259.00000000,0
1531217652222,1531217652213,691788,0.00000393,833.00000000,0
1531217653158,1531217653153,691789,0.00000393,177.00000000,0
1531217653225,1531217653220,691790,0.00000393,4388.00000000,0
1531217653240,1531217653237,691791,0.00000393,4392.00000000,0
1531217653286,1531217653282,691792,0.00000393,170.00000000,0
1531217654258,1531217654255,691793,0.00000394,417.00000000,0
1531217654316,1531217654312,691794,0.00000394,572.00000000,0
1531217654352,1531217654348,691795,0.00000395,417.00000000,0
1531217654388,1531217654384,691796,0.00000395,417.00000000,0
1531217655604,1531217655599,691797,0.00000395,3436.00000000,0
1531217655604,1531217655599,691798,0.00000397,1566.00000000,0
1531217656038,1531217656034,691799,0.00000397,143.00000000,0
1531217659013,1531217659009,691800,0.00000393,2271.00000000,1
1531217663636,1531217663631,691801,0.00000393,1.00000000,1
1531217670297,1531217670291,691802,0.00000393,310.00000000,1
1531217681347,1531217681341,691803,0.00000395,417.00000000,0
1531217683563,1531217683558,691804,0.00000395,833.00000000,1
1531217684313,1531217684308,691805,0.00000395,380.00000000,0
1531217687655,1531217687651,691806,0.00000395,761.00000000,1
1531217690868,1531217690864,691807,0.00000393,259.00000000,1
1531217690888,1531217690883,691808,0.00000393,1589.00000000,1
1531217691402,1531217691398,691809,0.00000393,1526.00000000,0
1531217691429,1531217691425,691810,0.00000395,6378.00000000,0
1531217691509,1531217691505,691811,0.00000395,144.00000000,0
1531217691979,1531217691974,691812,0.00000396,1200.00000000,0
1531217693801,1531217693797,691813,0.00000396,758.00000000,0
1531217696143,1531217696138,691814,0.00000395,11480.00000000,1
1531217702856,1531217702851,691815,0.00000395,1374.00000000,1
1531217702856,1531217702851,691816,0.00000391,14356.00000000,1
1531217703153,1531217703148,691817,0.00000392,142.00000000,1
1531217710495,1531217710488,691818,0.00000393,1023.00000000,1
1531217710495,1531217710488,691819,0.00000391,4978.00000000,1
1531217710495,1531217710488,691820,0.00000390,9755.00000000,1
1531217711341,1531217711338,691821,0.00000395,417.00000000,0
1531217712253,1531217712249,691822,0.00000393,833.00000000,0
1531217713169,1531217713164,691823,0.00000392,6168.00000000,1
1531217713352,1531217713348,691824,0.00000393,642.00000000,0
1531217714295,1531217714291,691825,0.00000393,1589.00000000,0
1531217715258,1531217715254,691826,0.00000392,329.00000000,1
1531217715263,1531217715259,691827,0.00000393,745.00000000,0
1531217719408,1531217719403,691828,0.00000392,22515.00000000,1
1531217719408,1531217719403,691829,0.00000390,4494.00000000,1
1531217719408,1531217719403,691830,0.00000389,9893.00000000,1
1531217719600,1531217719596,691831,0.00000392,528.00000000,0
1531217722695,1531217722690,691832,0.00000392,1576.00000000,0
1531217722695,1531217722690,691833,0.00000393,5504.00000000,0
1531217725385,1531217725379,691834,0.00000393,2812.00000000,0
1531217725385,1531217725379,691835,0.00000394,3279.00000000,0
1531217725385,1531217725379,691836,0.00000395,989.00000000,0
1531217726342,1531217726336,691837,0.00000395,322.00000000,0
1531217726367,1531217726363,691838,0.00000396,1294.00000000,0
1531217727580,1531217727574,691839,0.00000391,7167.00000000,1
1531217727580,1531217727574,691840,0.00000390,1663.00000000,1
1531217727580,1531217727574,691841,0.00000389,7033.00000000,1
1531217728473,1531217728470,691842,0.00000391,1794.00000000,0
1531217728595,1531217728589,691843,0.00000391,2315.00000000,0
1531217728626,1531217728622,691844,0.00000391,983.00000000,0
1531217731431,1531217731427,691845,0.00000393,7517.00000000,0
1531217731431,1531217731427,691846,0.00000394,1573.00000000,0
1531217735248,1531217735241,691847,0.00000392,1907.00000000,1
1531217735248,1531217735241,691848,0.00000390,1574.00000000,1
1531217735248,1531217735241,691849,0.00000389,20837.00000000,1
1531217735248,1531217735241,691850,0.00000388,6101.00000000,1
1531217735361,1531217735356,691851,0.00000395,746.00000000,0
1531217737312,1531217737307,691852,0.00000391,407.00000000,0
1531217741288,1531217741284,691853,0.00000391,417.00000000,0
1531217741307,1531217741303,691854,0.00000391,1488.00000000,0
1531217741476,1531217741472,691855,0.00000391,2.00000000,0
1531217741912,1531217741905,691856,0.00000391,834.00000000,1
1531217741912,1531217741905,691857,0.00000390,2126.00000000,1
1531217741912,1531217741905,691858,0.00000388,20109.00000000,1
1531217741912,1531217741905,691859,0.00000387,919.00000000,1
1531217742277,1531217742272,691860,0.00000390,833.00000000,0
1531217744366,1531217744361,691861,0.00000390,417.00000000,0
1531217745326,1531217745323,691862,0.00000390,417.00000000,0
1531217745339,1531217745335,691863,0.00000390,839.00000000,0
1531217745351,1531217745347,691864,0.00000390,833.00000000,0
1531217745356,1531217745353,691865,0.00000390,833.00000000,0
1531217745362,1531217745358,691866,0.00000390,833.00000000,0
1531217745746,1531217745741,691867,0.00000390,265.00000000,0
1531217747143,1531217747139,691868,0.00000390,257.00000000,0
1531217747435,1531217747431,691869,0.00000390,453.00000000,0
1531217748365,1531217748359,691870,0.00000390,14049.00000000,0
1531217748365,1531217748359,691871,0.00000391,1574.00000000,0
1531217748365,1531217748359,691872,0.00000392,17500.00000000,0
1531217748365,1531217748359,691873,0.00000394,710.00000000,0
1531217748459,1531217748454,691874,0.00000394,5636.00000000,0
1531217748459,1531217748454,691875,0.00000395,2974.00000000,0
1531217748959,1531217748955,691876,0.00000395,1200.00000000,0
1531217750362,1531217750355,691877,0.00000390,13483.00000000,1
1531217750362,1531217750355,691878,0.00000389,7264.00000000,1
1531217750362,1531217750355,691879,0.00000388,1307.00000000,1
1531217750362,1531217750355,691880,0.00000387,13092.00000000,1
1531217750485,1531217750481,691881,0.00000390,536.00000000,0
1531217750558,1531217750555,691882,0.00000389,1593.00000000,0
1531217751701,1531217751697,691883,0.00000389,3004.00000000,0
1531217753428,1531217753419,691884,0.00000388,7253.00000000,1
1531217753428,1531217753419,691885,0.00000387,1289.00000000,1
1531217753428,1531217753419,691886,0.00000386,5112.00000000,1
1531217753428,1531217753419,691887,0.00000385,30642.00000000,1
1531217753428,1531217753419,691888,0.00000384,3437.00000000,1
1531217753428,1531217753419,691889,0.00000384,999.00000000,1
1531217753428,1531217753419,691890,0.00000384,774.00000000,1
1531217753429,1531217753419,691891,0.00000384,5000.00000000,1
1531217753430,1531217753419,691892,0.00000384,680.00000000,1
1531217753431,1531217753419,691893,0.00000384,26582.00000000,1
1531217753679,1531217753674,691894,0.00000387,1605.00000000,1
1531217754083,1531217754078,691895,0.00000388,2584.00000000,0
1531217754144,1531217754140,691896,0.00000388,416.00000000,1
1531217754546,1531217754542,691897,0.00000388,571.00000000,0
1531217756393,1531217756389,691898,0.00000388,2949.00000000,0
1531217756508,1531217756505,691899,0.00000388,5921.00000000,0
1531217757578,1531217757575,691900,0.00000387,513.00000000,0
1531217758324,1531217758320,691901,0.00000387,2296.00000000,0
1531217760584,1531217760579,691902,0.00000388,11559.00000000,0
1531217760584,1531217760579,691903,0.00000389,536.00000000,0
1531217763327,1531217763320,691904,0.00000389,1000.00000000,0
1531217764411,1531217764407,691905,0.00000388,1300.00000000,0
1531217765655,1531217765652,691906,0.00000387,1.00000000,1
1531217766936,1531217766931,691907,0.00000389,284.00000000,0
1531217769084,1531217769077,691908,0.00000387,3469.00000000,1
1531217769084,1531217769077,691909,0.00000386,6308.00000000,1
1531217769084,1531217769077,691910,0.00000385,1568.00000000,1
1531217769084,1531217769077,691911,0.00000384,10878.00000000,1
1531217771393,1531217771389,691912,0.00000387,417.00000000,0
1531217772394,1531217772389,691913,0.00000387,833.00000000,0
1531217774783,1531217774778,691914,0.00000387,962.00000000,0
1531217775284,1531217775280,691915,0.00000387,703.00000000,0
1531217775454,1531217775450,691916,0.00000386,664.00000000,0
1531217776966,1531217776962,691917,0.00000386,107.00000000,0
1531217776966,1531217776962,691918,0.00000387,4695.00000000,0
1531217778370,1531217778358,691919,0.00000384,3042.00000000,1
1531217778370,1531217778358,691920,0.00000383,58345.00000000,1
1531217778370,1531217778358,691921,0.00000382,35509.00000000,1
1531217778370,1531217778358,691922,0.00000382,1031.00000000,1
1531217778686,1531217778681,691923,0.00000385,2845.00000000,0
1531217778899,1531217778894,691924,0.00000384,261.00000000,1
1531217779199,1531217779195,691925,0.00000384,777.00000000,0
1531217779323,1531217779319,691926,0.00000384,1555.00000000,0
1531217780634,1531217780630,691927,0.00000385,759.00000000,0
1531217781887,1531217781882,691928,0.00000385,286.00000000,0
1531217783393,1531217783388,691929,0.00000385,389.00000000,0
1531217783424,1531217783420,691930,0.00000385,1671.00000000,0
1531217783683,1531217783679,691931,0.00000385,2228.00000000,0
1531217786676,1531217786671,691932,0.00000386,673.00000000,0
1531217790799,1531217790794,691933,0.00000385,1312.00000000,1
1531217793079,1531217793073,691934,0.00000385,1960.00000000,1
1531217793079,1531217793073,691935,0.00000384,503.00000000,1
1531217793171,1531217793167,691936,0.00000385,417.00000000,0
1531217794115,1531217794112,691937,0.00000385,503.00000000,0
1531217797170,1531217797166,691938,0.00000384,757.00000000,1
1531217797170,1531217797166,691939,0.00000383,1526.00000000,1
1531217798054,1531217798050,691940,0.00000385,2463.00000000,1
1531217798542,1531217798538,691941,0.00000383,2469.00000000,1
1531217799625,1531217799620,691942,0.00000384,936.00000000,1
1531217799625,1531217799620,691943,0.00000382,1486.00000000,1
1531217801323,1531217801319,691944,0.00000385,417.00000000,0
1531217802324,1531217802320,691945,0.00000385,833.00000000,0
1531217803636,1531217803631,691946,0.00000383,1305.00000000,1
1531217803636,1531217803631,691947,0.00000382,45932.00000000,1
1531217803945,1531217803940,691948,0.00000385,1200.00000000,0
1531217805988,1531217805983,691949,0.00000383,1715.00000000,0
1531217806186,1531217806181,691950,0.00000385,833.00000000,0
1531217806973,1531217806969,691951,0.00000385,2988.00000000,0
1531217808515,1531217808511,691952,0.00000385,1751.00000000,0
1531217808939,1531217808934,691953,0.00000385,779.00000000,0
1531217809028,1531217809024,691954,0.00000385,821.00000000,0
1531217810851,1531217810847,691955,0.00000385,469.00000000,1
1531217811067,1531217811063,691956,0.00000386,490.00000000,0
1531217811197,1531217811192,691957,0.00000385,1716.00000000,1
1531217811232,1531217811228,691958,0.00000385,265.00000000,1
1531217811682,1531217811676,691959,0.00000386,296.00000000,0
1531217811983,1531217811979,691960,0.00000386,10104.00000000,0
1531217812055,1531217812051,691961,0.00000385,265.00000000,1
1531217812569,1531217812563,691962,0.00000385,3199.00000000,1
1531217812569,1531217812563,691963,0.00000383,335.00000000,1
1531217812604,1531217812598,691964,0.00000383,4864.00000000,1
1531217812604,1531217812598,691965,0.00000382,11225.00000000,1
1531217812604,1531217812598,691966,0.00000381,31148.00000000,1
1531217813201,1531217813196,691967,0.00000384,1715.00000000,0
1531217817089,1531217817085,691968,0.00000384,245.00000000,0
1531217817089,1531217817085,691969,0.00000386,1075.00000000,0
1531217818214,1531217818210,691970,0.00000386,727.00000000,0
1531217819867,1531217819863,691971,0.00000386,733.00000000,0
1531217821659,1531217821655,691972,0.00000386,520.00000000,0
1531217823047,1531217823042,691973,0.00000385,1030.00000000,1
1531217823109,1531217823104,691974,0.00000385,269.00000000,0
1531217824283,1531217824279,691975,0.00000385,286.00000000,0
1531217824444,1531217824440,691976,0.00000383,264.00000000,1
1531217825015,1531217825011,691977,0.00000385,598.00000000,0
1531217830479,1531217830474,691978,0.00000386,484.00000000,0
1531217831337,1531217831333,691979,0.00000386,417.00000000,0
1531217831598,1531217831594,691980,0.00000384,1519.00000000,1
1531217831598,1531217831594,691981,0.00000383,2437.00000000,1
1531217831672,1531217831666,691982,0.00000383,317.00000000,1
1531217831891,1531217831885,691983,0.00000383,1055.00000000,1
1531217832340,1531217832335,691984,0.00000386,833.00000000,0
1531217842249,1531217842244,691985,0.00000386,746.00000000,0
1531217842766,1531217842761,691986,0.00000386,280.00000000,0
1531217842787,1531217842783,691987,0.00000386,653.00000000,0
1531217842805,1531217842801,691988,0.00000386,653.00000000,0
1531217842816,1531217842812,691989,0.00000386,653.00000000,0
1531217844006,1531217844002,691990,0.00000386,439.00000000,0
1531217844217,1531217844210,691991,0.00000386,11939.00000000,0
1531217849451,1531217849447,691992,0.00000385,390.00000000,0
1531217850082,1531217850077,691993,0.00000385,128.00000000,1
1531217852809,1531217852804,691994,0.00000385,1333.00000000,0
1531217861364,1531217861356,691995,0.00000385,417.00000000,0
1531217863356,1531217863352,691996,0.00000386,711.00000000,0
1531217863391,1531217863385,691997,0.00000386,833.00000000,0
1531217863632,1531217863627,691998,0.00000385,294.00000000,0
1531217864415,1531217864409,691999,0.00000386,417.00000000,0
1531217887327,1531217887323,692000,0.00000385,832.00000000,0
1531217891384,1531217891381,692001,0.00000386,272.00000000,0
1531217891384,1531217891381,692002,0.00000387,145.00000000,0
1531217892386,1531217892381,692003,0.00000387,833.00000000,0
1531217921412,1531217921408,692004,0.00000387,417.00000000,0
1531217922403,1531217922398,692005,0.00000387,833.00000000,0
1531217925441,1531217925437,692006,0.00000387,833.00000000,0
1531217926561,1531217926550,692007,0.00000387,12926.00000000,0
1531217926561,1531217926550,692008,0.00000388,42058.00000000,0
1531217926561,1531217926550,692009,0.00000389,64267.00000000,0
1531217926561,1531217926550,692010,0.00000390,5251.00000000,0
1531217926585,1531217926581,692011,0.00000390,2296.00000000,1
1531217926605,1531217926600,692012,0.00000390,1715.00000000,1
1531217926611,1531217926606,692013,0.00000390,8737.00000000,1
1531217951427,1531217951424,692014,0.00000390,417.00000000,0
1531217952435,1531217952431,692015,0.00000390,833.00000000,0
1531217971916,1531217971910,692016,0.00000388,7246.00000000,1
1531217981456,1531217981452,692017,0.00000390,417.00000000,0
1531217982444,1531217982439,692018,0.00000390,833.00000000,0
1531217984496,1531217984492,692019,0.00000390,417.00000000,0
1531217985475,1531217985470,692020,0.00000390,833.00000000,0
1531217985498,1531217985493,692021,0.00000390,1715.00000000,0
1531217991470,1531217991464,692022,0.00000389,6390.00000000,1
1531217998292,1531217998289,692023,0.00000389,1727.00000000,0
1531217998467,1531217998462,692024,0.00000389,1454.00000000,0
1531217998467,1531217998462,692025,0.00000390,4481.00000000,0
1531218011471,1531218011467,692026,0.00000390,417.00000000,0
1531218012469,1531218012465,692027,0.00000390,833.00000000,0
1531218013690,1531218013686,692028,0.00000390,3270.00000000,0
1531218015507,1531218015504,692029,0.00000390,833.00000000,0
1531218015556,1531218015552,692030,0.00000390,835.00000000,0
1531218041485,1531218041480,692031,0.00000389,417.00000000,0
1531218041553,1531218041548,692032,0.00000389,183.00000000,0
1531218042498,1531218042494,692033,0.00000389,833.00000000,0
1531218071521,1531218071517,692034,0.00000389,417.00000000,0
1531218072512,1531218072508,692035,0.00000389,833.00000000,0
1531218073719,1531218073713,692036,0.00000389,3800.00000000,0
1531218074086,1531218074082,692037,0.00000389,1200.00000000,0
1531218074931,1531218074927,692038,0.00000388,1400.00000000,1
1531218075755,1531218075749,692039,0.00000388,198.00000000,0
1531218075755,1531218075749,692040,0.00000389,219.00000000,0
1531218097686,1531218097681,692041,0.00000388,1593.00000000,0
1531218101550,1531218101545,692042,0.00000388,5.00000000,0
1531218101550,1531218101545,692043,0.00000389,412.00000000,0
1531218102541,1531218102536,692044,0.00000389,833.00000000,0
1531218103966,1531218103962,692045,0.00000389,946.00000000,0
1531218103966,1531218103962,692046,0.00000390,254.00000000,0
1531218105560,1531218105555,692047,0.00000390,833.00000000,0
1531218105597,1531218105592,692048,0.00000390,835.00000000,0
1531218105621,1531218105616,692049,0.00000390,835.00000000,0
1531218125456,1531218125452,692050,0.00000389,15423.00000000,1
1531218131665,1531218131660,692051,0.00000389,417.00000000,0
1531218132568,1531218132564,692052,0.00000389,833.00000000,0
1531218133628,1531218133624,692053,0.00000389,5000.00000000,0
1531218154703,1531218154696,692054,0.00000387,653.00000000,1
1531218154703,1531218154696,692055,0.00000386,26444.00000000,1
1531218155608,1531218155602,692056,0.00000388,1153.00000000,0
1531218155653,1531218155648,692057,0.00000387,326.00000000,0
1531218155684,1531218155680,692058,0.00000387,327.00000000,0
1531218161670,1531218161665,692059,0.00000388,417.00000000,0
1531218162583,1531218162579,692060,0.00000388,833.00000000,0
1531218164761,1531218164757,692061,0.00000388,417.00000000,0
1531218165648,1531218165644,692062,0.00000388,833.00000000,0
1531218191593,1531218191589,692063,0.00000388,417.00000000,0
1531218192588,1531218192583,692064,0.00000388,833.00000000,0
1531218215005,1531218215000,692065,0.00000386,1309.00000000,1
1531218215820,1531218215814,692066,0.00000386,5856.00000000,1
1531218221602,1531218221597,692067,0.00000388,417.00000000,0
1531218222620,1531218222614,692068,0.00000388,833.00000000,0
1531218230265,1531218230242,692069,0.00000388,6462.00000000,0
1531218245804,1531218245800,692070,0.00000388,13.00000000,0
1531218251638,1531218251633,692071,0.00000388,417.00000000,0
1531218252646,1531218252642,692072,0.00000388,833.00000000,0
1531218264774,1531218264769,692073,0.00000388,1532.00000000,0
1531218266521,1531218266516,692074,0.00000388,1964.00000000,0
1531218266674,1531218266670,692075,0.00000388,3100.00000000,0
1531218281649,1531218281644,692076,0.00000389,417.00000000,0
1531218282653,1531218282649,692077,0.00000389,833.00000000,0
1531218300185,1531218300181,692078,0.00000388,11109.00000000,0
1531218311680,1531218311675,692079,0.00000389,417.00000000,0
1531218312684,1531218312680,692080,0.00000389,833.00000000,0
1531218315198,1531218315194,692081,0.00000386,2977.00000000,1
1531218338423,1531218338419,692082,0.00000389,1150.00000000,0
1531218341706,1531218341702,692083,0.00000389,417.00000000,0
1531218342711,1531218342707,692084,0.00000389,833.00000000,0
1531218343952,1531218343946,692085,0.00000389,4950.00000000,0
1531218344494,1531218344490,692086,0.00000388,1676.00000000,0
1531218344679,1531218344675,692087,0.00000388,50.00000000,0
1531218344896,1531218344890,692088,0.00000388,417.00000000,0
1531218345075,1531218345070,692089,0.00000388,1715.00000000,0
1531218345128,1531218345123,692090,0.00000388,771.00000000,0
1531218345130,1531218345126,692091,0.00000388,771.00000000,0
1531218345181,1531218345177,692092,0.00000388,1780.00000000,0
1531218345779,1531218345774,692093,0.00000388,769.00000000,0
1531218345810,1531218345806,692094,0.00000388,769.00000000,0
1531218352157,1531218352153,692095,0.00000387,8299.00000000,1
1531218354870,1531218354865,692096,0.00000388,7819.00000000,0
1531218358735,1531218358730,692097,0.00000388,2029.00000000,0
1531218368969,1531218368965,692098,0.00000387,900.00000000,1
1531218371722,1531218371718,692099,0.00000388,417.00000000,0
1531218372725,1531218372721,692100,0.00000388,833.00000000,0
1531218373775,1531218373771,692101,0.00000388,1913.00000000,0
1531218375207,1531218375203,692102,0.00000388,417.00000000,0
1531218375973,1531218375969,692103,0.00000388,833.00000000,0
1531218380893,1531218380888,692104,0.00000388,7.00000000,0
1531218384632,1531218384628,692105,0.00000388,115.00000000,0
1531218395845,1531218395841,692106,0.00000388,17262.00000000,0
1531218399543,1531218399538,692107,0.00000388,2000.00000000,1
1531218401741,1531218401735,692108,0.00000389,417.00000000,0
1531218402734,1531218402730,692109,0.00000389,398.00000000,0
1531218402734,1531218402730,692110,0.00000390,435.00000000,0
1531218426069,1531218426064,692111,0.00000389,20000.00000000,0
1531218431754,1531218431750,692112,0.00000390,417.00000000,0
1531218432765,1531218432759,692113,0.00000390,833.00000000,0
1531218432896,1531218432890,692114,0.00000388,173350.00000000,1
1531218432909,1531218432904,692115,0.00000388,30929.00000000,0
1531218462773,1531218462767,692116,0.00000389,833.00000000,0
1531218462785,1531218462781,692117,0.00000389,417.00000000,0
1531218463823,1531218463818,692118,0.00000389,590.00000000,0
1531218464711,1531218464706,692119,0.00000389,1200.00000000,0
1531218464838,1531218464833,692120,0.00000389,417.00000000,0
1531218466566,1531218466561,692121,0.00000389,833.00000000,0
1531218471490,1531218471486,692122,0.00000388,4631.00000000,1
1531218471491,1531218471486,692123,0.00000386,2112.00000000,1
1531218473401,1531218473397,692124,0.00000388,853.00000000,1
1531218482647,1531218482643,692125,0.00000388,18971.00000000,1
1531218491797,1531218491793,692126,0.00000389,417.00000000,0
1531218492799,1531218492794,692127,0.00000389,833.00000000,0
1531218494022,1531218494017,692128,0.00000389,5000.00000000,0
1531218521809,1531218521803,692129,0.00000389,417.00000000,0
1531218522820,1531218522816,692130,0.00000389,833.00000000,0
1531218526638,1531218526632,692131,0.00000388,9884.00000000,1
1531218526665,1531218526660,692132,0.00000388,3275.00000000,0
1531218526677,1531218526672,692133,0.00000388,3281.00000000,0
1531218526678,1531218526674,692134,0.00000388,837.00000000,0
1531218526684,1531218526678,692135,0.00000388,3275.00000000,0
1531218551838,1531218551833,692136,0.00000389,417.00000000,0
1531218552841,1531218552836,692137,0.00000389,833.00000000,0
1531218581854,1531218581852,692138,0.00000389,417.00000000,0
1531218582869,1531218582864,692139,0.00000389,833.00000000,0
1531218611865,1531218611860,692140,0.00000389,417.00000000,0
1531218612868,1531218612863,692141,0.00000389,833.00000000,0
1531218641897,1531218641894,692142,0.00000389,417.00000000,0
1531218642898,1531218642891,692143,0.00000389,833.00000000,0
1531218671921,1531218671917,692144,0.00000388,417.00000000,0
1531218673910,1531218673905,692145,0.00000388,833.00000000,0
1531218673976,1531218673968,692146,0.00000388,5000.00000000,0
1531218674987,1531218674983,692147,0.00000388,417.00000000,0
1531218675952,1531218675948,692148,0.00000388,833.00000000,0
1531218701938,1531218701933,692149,0.00000388,417.00000000,0
1531218702928,1531218702921,692150,0.00000388,833.00000000,0
1531218731938,1531218731933,692151,0.00000388,417.00000000,0
1531218732941,1531218732938,692152,0.00000388,833.00000000,0
1531218760324,1531218760319,692153,0.00000387,8021.00000000,1
1531218761956,1531218761951,692154,0.00000388,417.00000000,0
1531218762965,1531218762959,692155,0.00000388,833.00000000,0
1531218767363,1531218767359,692156,0.00000388,1670.00000000,0
1531218791994,1531218791988,692157,0.00000388,417.00000000,0
1531218792997,1531218792988,692158,0.00000388,833.00000000,0
1531218817730,1531218817724,692159,0.00000387,1835.00000000,0
1531218817749,1531218817745,692160,0.00000387,1838.00000000,0
1531218817765,1531218817761,692161,0.00000387,533.00000000,0
1531218817769,1531218817764,692162,0.00000387,1835.00000000,0
1531218817787,1531218817783,692163,0.00000387,2106.00000000,0
1531218822008,1531218822003,692164,0.00000387,417.00000000,0
1531218823009,1531218823004,692165,0.00000387,833.00000000,0
1531218825218,1531218825212,692166,0.00000387,266.00000000,0
1531218826237,1531218826234,692167,0.00000387,833.00000000,0
1531218828159,1531218828153,692168,0.00000387,3887.00000000,0
1531218852031,1531218852026,692169,0.00000387,417.00000000,0
1531218853030,1531218853027,692170,0.00000387,833.00000000,0
1531218882047,1531218882042,692171,0.00000387,417.00000000,0
1531218883046,1531218883039,692172,0.00000387,833.00000000,0
1531218884072,1531218884067,692173,0.00000387,5000.00000000,0
1531218885077,1531218885073,692174,0.00000387,417.00000000,0
1531218885889,1531218885885,692175,0.00000387,1680.00000000,0
1531218912080,1531218912075,692176,0.00000388,417.00000000,0
1531218913070,1531218913064,692177,0.00000388,833.00000000,0
1531218918446,1531218918441,692178,0.00000388,53225.00000000,0
1531218926636,1531218926630,692179,0.00000388,21007.00000000,1
1531218942095,1531218942091,692180,0.00000389,417.00000000,0
1531218943094,1531218943089,692181,0.00000389,833.00000000,0
1531218944273,1531218944268,692182,0.00000389,3400.00000000,0
1531218945150,1531218945146,692183,0.00000389,417.00000000,0
1531218946133,1531218946127,692184,0.00000389,833.00000000,0
1531218972124,1531218972119,692185,0.00000389,417.00000000,0
1531218973122,1531218973117,692186,0.00000389,833.00000000,0
1531218974179,1531218974174,692187,0.00000389,1120.00000000,0
1531218974373,1531218974369,692188,0.00000389,984.00000000,0
1531218974465,1531218974460,692189,0.00000389,1200.00000000,0
1531218975153,1531218975147,692190,0.00000389,417.00000000,0
1531218976169,1531218976164,692191,0.00000389,267.00000000,0
1531218976209,1531218976201,692192,0.00000389,833.00000000,0
1531218976239,1531218976235,692193,0.00000389,835.00000000,0
1531218976635,1531218976629,692194,0.00000389,1521.00000000,0
1531219002124,1531219002119,692195,0.00000390,417.00000000,0
1531219003127,1531219003123,692196,0.00000390,833.00000000,0
1531219004329,1531219004325,692197,0.00000390,4167.00000000,0
1531219005648,1531219005643,692198,0.00000390,417.00000000,0
1531219006098,1531219006093,692199,0.00000388,2217.00000000,1
1531219006125,1531219006120,692200,0.00000388,4435.00000000,0
1531219006127,1531219006121,692201,0.00000388,1852.00000000,0
1531219006333,1531219006329,692202,0.00000388,833.00000000,0
1531219006366,1531219006360,692203,0.00000388,1859.00000000,0
1531219006813,1531219006809,692204,0.00000388,35053.00000000,0
1531219010503,1531219010497,692205,0.00000387,7724.00000000,1
1531219032224,1531219032219,692206,0.00000390,417.00000000,0
1531219033145,1531219033140,692207,0.00000390,833.00000000,0
1531219036251,1531219036245,692208,0.00000390,833.00000000,0
1531219062158,1531219062153,692209,0.00000390,417.00000000,0
1531219063178,1531219063174,692210,0.00000390,833.00000000,0
1531219064333,1531219064329,692211,0.00000390,4452.00000000,0
1531219065415,1531219065411,692212,0.00000390,417.00000000,0
1531219066334,1531219066330,692213,0.00000390,833.00000000,0
1531219084278,1531219084273,692214,0.00000390,1026.00000000,0
1531219092194,1531219092188,692215,0.00000390,417.00000000,0
1531219093191,1531219093185,692216,0.00000390,833.00000000,0
1531219094368,1531219094363,692217,0.00000390,5000.00000000,0
1531219095517,1531219095513,692218,0.00000390,417.00000000,0
1531219096655,1531219096651,692219,0.00000390,833.00000000,0
1531219122205,1531219122200,692220,0.00000390,417.00000000,0
1531219123208,1531219123202,692221,0.00000390,833.00000000,0
1531219124677,1531219124673,692222,0.00000390,5000.00000000,0
1531219125462,1531219125457,692223,0.00000390,417.00000000,0
1531219126289,1531219126283,692224,0.00000390,833.00000000,0
1531219130009,1531219130003,692225,0.00000388,6094.00000000,1
1531219152238,1531219152233,692226,0.00000390,417.00000000,0
1531219153231,1531219153226,692227,0.00000390,833.00000000,0
1531219154500,1531219154497,692228,0.00000390,5000.00000000,0
1531219155257,1531219155251,692229,0.00000390,417.00000000,0
1531219156295,1531219156290,692230,0.00000390,833.00000000,0
1531219182241,1531219182238,692231,0.00000390,417.00000000,0
1531219183245,1531219183239,692232,0.00000390,833.00000000,0
1531219184311,1531219184308,692233,0.00000390,5000.00000000,0
1531219185269,1531219185265,692234,0.00000390,417.00000000,0
1531219185737,1531219185732,692235,0.00000390,5641.00000000,0
1531219189485,1531219189481,692236,0.00000391,1.00000000,0
1531219189891,1531219189886,692237,0.00000391,145.00000000,0
1531219212265,1531219212260,692238,0.00000391,417.00000000,0
1531219213287,1531219213272,692239,0.00000391,833.00000000,0
1531219242290,1531219242284,692240,0.00000391,417.00000000,0
1531219243292,1531219243287,692241,0.00000391,833.00000000,0
1531219246461,1531219246457,692242,0.00000390,10819.00000000,0
1531219271289,1531219271283,692243,0.00000391,5700.00000000,0
1531219272304,1531219272299,692244,0.00000391,183.00000000,1
1531219272400,1531219272394,692245,0.00000392,417.00000000,0
1531219276445,1531219276440,692246,0.00000392,833.00000000,0
1531219302350,1531219302345,692247,0.00000392,417.00000000,0
1531219303349,1531219303343,692248,0.00000392,833.00000000,0
1531219306359,1531219306355,692249,0.00000392,833.00000000,0
1531219306391,1531219306385,692250,0.00000392,417.00000000,0
1531219314698,1531219314693,692251,0.00000392,13104.00000000,0
1531219332356,1531219332351,692252,0.00000393,417.00000000,0
1531219333363,1531219333358,692253,0.00000393,833.00000000,0
1531219334542,1531219334537,692254,0.00000393,4325.00000000,0
1531219335571,1531219335568,692255,0.00000393,417.00000000,0
1531219337406,1531219337402,692256,0.00000393,833.00000000,0
1531219347538,1531219347534,692257,0.00000393,14076.00000000,0
1531219349610,1531219349606,692258,0.00000392,5365.00000000,1
1531219362386,1531219362381,692259,0.00000393,417.00000000,0
1531219363393,1531219363388,692260,0.00000393,833.00000000,0
1531219364810,1531219364806,692261,0.00000393,5000.00000000,0
1531219365463,1531219365459,692262,0.00000393,417.00000000,0
1531219366417,1531219366413,692263,0.00000393,833.00000000,0
1531219366525,1531219366521,692264,0.00000393,667.00000000,0
1531219377613,1531219377608,692265,0.00000393,5000.00000000,0
1531219379162,1531219379157,692266,0.00000393,94114.00000000,0
1531219392385,1531219392380,692267,0.00000394,417.00000000,0
1531219393382,1531219393377,692268,0.00000394,833.00000000,0
1531219397850,1531219397845,692269,0.00000394,1829.00000000,0
1531219397873,1531219397867,692270,0.00000394,416.00000000,0
1531219413092,1531219413086,692271,0.00000393,5004.00000000,1
1531219422406,1531219422402,692272,0.00000394,417.00000000,0
1531219423397,1531219423392,692273,0.00000394,833.00000000,0
1531219425556,1531219425551,692274,0.00000394,417.00000000,0
1531219426452,1531219426446,692275,0.00000394,833.00000000,0
1531219444874,1531219444870,692276,0.00000394,441.00000000,0
1531219448875,1531219448871,692277,0.00000394,20158.00000000,0
1531219452419,1531219452415,692278,0.00000394,417.00000000,0
1531219454441,1531219454436,692279,0.00000394,833.00000000,0
1531219455311,1531219455307,692280,0.00000394,1200.00000000,0
1531219455477,1531219455473,692281,0.00000394,417.00000000,0
1531219455490,1531219455485,692282,0.00000394,759.00000000,0
1531219455495,1531219455491,692283,0.00000394,759.00000000,0
1531219470065,1531219470059,692284,0.00000393,1140.00000000,0
1531219473406,1531219473404,692285,0.00000393,417.00000000,1
1531219482446,1531219482442,692286,0.00000394,417.00000000,0
1531219483436,1531219483431,692287,0.00000394,833.00000000,0
1531219484556,1531219484552,692288,0.00000394,2826.00000000,0
1531219485498,1531219485493,692289,0.00000394,759.00000000,0
1531219485518,1531219485514,692290,0.00000394,759.00000000,0
1531219485748,1531219485745,692291,0.00000394,625.00000000,0
1531219512131,1531219512125,692292,0.00000394,1743.00000000,0
1531219512464,1531219512460,692293,0.00000394,417.00000000,0
1531219513475,1531219513470,692294,0.00000394,833.00000000,0
1531219516715,1531219516711,692295,0.00000394,833.00000000,0
1531219516750,1531219516745,692296,0.00000394,833.00000000,0
1531219517105,1531219517101,692297,0.00000394,922.00000000,0
1531219542584,1531219542580,692298,0.00000394,417.00000000,0
1531219543484,1531219543480,692299,0.00000394,833.00000000,0
1531219544519,1531219544514,692300,0.00000394,865.00000000,0
1531219545634,1531219545628,692301,0.00000394,335.00000000,0
1531219546509,1531219546507,692302,0.00000394,833.00000000,0
1531219572514,1531219572508,692303,0.00000394,417.00000000,0
1531219573525,1531219573521,692304,0.00000394,833.00000000,0
1531219574710,1531219574705,692305,0.00000394,3465.00000000,0
1531219575762,1531219575757,692306,0.00000394,1200.00000000,0
1531219576544,1531219576540,692307,0.00000394,833.00000000,0
1531219590895,1531219590891,692308,0.00000392,837.00000000,1
1531219602538,1531219602532,692309,0.00000394,417.00000000,0
1531219603541,1531219603536,692310,0.00000394,833.00000000,0
1531219605487,1531219605482,692311,0.00000394,1200.00000000,0
1531219605596,1531219605590,692312,0.00000394,417.00000000,0
1531219605638,1531219605633,692313,0.00000394,417.00000000,0
1531219605673,1531219605669,692314,0.00000394,417.00000000,0
1531219606562,1531219606558,692315,0.00000394,416.00000000,0
1531219632553,1531219632548,692316,0.00000394,417.00000000,0
1531219633549,1531219633544,692317,0.00000394,833.00000000,0
1531219634723,1531219634718,692318,0.00000394,3452.00000000,0
1531219635774,1531219635768,692319,0.00000394,417.00000000,0
1531219636580,1531219636575,692320,0.00000394,833.00000000,0
1531219637438,1531219637434,692321,0.00000394,1007.00000000,0
1531219662573,1531219662570,692322,0.00000394,417.00000000,0
1531219663589,1531219663585,692323,0.00000394,833.00000000,0
1531219664812,1531219664808,692324,0.00000394,3800.00000000,0
1531219665567,1531219665560,692325,0.00000394,1200.00000000,0
1531219665619,1531219665613,692326,0.00000394,417.00000000,0
1531219666607,1531219666603,692327,0.00000394,833.00000000,0
1531219666616,1531219666612,692328,0.00000394,783.00000000,0
1531219692599,1531219692594,692329,0.00000394,417.00000000,0
1531219693612,1531219693606,692330,0.00000394,833.00000000,0
1531219694997,1531219694991,692331,0.00000394,1200.00000000,0
1531219695117,1531219695113,692332,0.00000394,621.00000000,0
1531219695117,1531219695113,692333,0.00000395,2396.00000000,0
1531219696140,1531219696134,692334,0.00000395,417.00000000,0
1531219722629,1531219722626,692335,0.00000395,417.00000000,0
1531219724847,1531219724840,692336,0.00000395,4583.00000000,0
1531219725691,1531219725687,692337,0.00000395,759.00000000,0
1531219728684,1531219728680,692338,0.00000395,1757.00000000,0
1531219739694,1531219739689,692339,0.00000395,40478.00000000,0
1531219752659,1531219752653,692340,0.00000395,417.00000000,0
1531219755185,1531219755181,692341,0.00000395,5000.00000000,0
1531219755689,1531219755683,692342,0.00000395,417.00000000,0
1531219755704,1531219755698,692343,0.00000395,625.00000000,0
1531219755729,1531219755725,692344,0.00000395,759.00000000,0
1531219782667,1531219782663,692345,0.00000395,417.00000000,0
1531219785292,1531219785287,692346,0.00000395,4583.00000000,0
1531219785714,1531219785710,692347,0.00000395,417.00000000,0
1531219785762,1531219785757,692348,0.00000395,759.00000000,0
1531219785770,1531219785765,692349,0.00000395,759.00000000,0
1531219812678,1531219812672,692350,0.00000395,417.00000000,0
1531219815144,1531219815140,692351,0.00000395,4398.00000000,0
1531219815918,1531219815913,692352,0.00000395,417.00000000,0
1531219841148,1531219841143,692353,0.00000395,6.00000000,0
1531219842719,1531219842713,692354,0.00000395,417.00000000,0
1531219844795,1531219844790,692355,0.00000395,1465.00000000,0
1531219845745,1531219845741,692356,0.00000395,417.00000000,0
1531219872748,1531219872745,692357,0.00000395,417.00000000,0
1531219873747,1531219873742,692358,0.00000395,833.00000000,0
1531219874833,1531219874827,692359,0.00000395,5000.00000000,0
1531219875862,1531219875858,692360,0.00000395,417.00000000,0
1531219876770,1531219876766,692361,0.00000395,833.00000000,0
1531219895469,1531219895465,692362,0.00000395,5000.00000000,0
1531219902764,1531219902759,692363,0.00000395,417.00000000,0
1531219903771,1531219903766,692364,0.00000395,833.00000000,0
1531219905713,1531219905711,692365,0.00000395,1200.00000000,0
1531219905833,1531219905829,692366,0.00000395,1802.00000000,0
1531219905845,1531219905841,692367,0.00000395,417.00000000,0
1531219905850,1531219905846,692368,0.00000395,759.00000000,0
1531219905949,1531219905945,692369,0.00000395,417.00000000,0
1531219906782,1531219906776,692370,0.00000395,416.00000000,0
1531219932773,1531219932768,692371,0.00000395,417.00000000,0
1531219934939,1531219934934,692372,0.00000395,581.00000000,0
1531219935370,1531219935366,692373,0.00000395,884.00000000,0
1531219935370,1531219935366,692374,0.00000397,316.00000000,0
1531219936815,1531219936809,692375,0.00000396,307.00000000,0
1531219937686,1531219937683,692376,0.00000396,451.00000000,1
1531219962895,1531219962886,692377,0.00000397,417.00000000,0
1531219962957,1531219962953,692378,0.00000394,2000.00000000,1
1531219965894,1531219965890,692379,0.00000397,756.00000000,0
1531219977689,1531219977683,692380,0.00000397,1711.00000000,0
1531219992911,1531219992906,692381,0.00000396,417.00000000,0
1531219993828,1531219993822,692382,0.00000396,833.00000000,0
1531219995552,1531219995548,692383,0.00000396,750.00000000,0
1531219995552,1531219995548,692384,0.00000397,450.00000000,0
1531219995618,1531219995613,692385,0.00000397,1378.00000000,0
1531219995882,1531219995878,692386,0.00000397,457.00000000,0
1531219995906,1531219995902,692387,0.00000397,756.00000000,0
1531220022835,1531220022830,692388,0.00000397,349.00000000,0
1531220025566,1531220025561,692389,0.00000397,1200.00000000,0
1531220025750,1531220025745,692390,0.00000397,2638.00000000,0
1531220025750,1531220025745,692391,0.00000398,921.00000000,0
1531220071783,1531220071778,692392,0.00000395,1026.00000000,1
1531220082884,1531220082880,692393,0.00000397,417.00000000,0
1531220085068,1531220085061,692394,0.00000397,5000.00000000,0
1531220085900,1531220085896,692395,0.00000397,417.00000000,0
1531220085962,1531220085957,692396,0.00000397,756.00000000,0
1531220112887,1531220112882,692397,0.00000397,417.00000000,0
1531220115104,1531220115099,692398,0.00000397,3800.00000000,0
1531220115756,1531220115751,692399,0.00000397,1200.00000000,0
1531220115922,1531220115918,692400,0.00000397,417.00000000,0
1531220122197,1531220122192,692401,0.00000397,171.00000000,0
1531220142926,1531220142922,692402,0.00000397,417.00000000,0
1531220145341,1531220145336,692403,0.00000397,5000.00000000,0
1531220145947,1531220145942,692404,0.00000397,417.00000000,0
1531220145958,1531220145954,692405,0.00000397,417.00000000,0
1531220145958,1531220145954,692406,0.00000397,429.00000000,0
1531220172958,1531220172953,692407,0.00000397,417.00000000,0
1531220175976,1531220175972,692408,0.00000397,417.00000000,0
1531220176070,1531220176065,692409,0.00000397,4583.00000000,0
1531220202983,1531220202979,692410,0.00000397,417.00000000,0
1531220205056,1531220205050,692411,0.00000396,3800.00000000,0
1531220205830,1531220205824,692412,0.00000396,1200.00000000,0
1531220206007,1531220206001,692413,0.00000396,417.00000000,0
1531220207002,1531220206997,692414,0.00000396,833.00000000,0
1531220232994,1531220232989,692415,0.00000396,417.00000000,0
1531220235092,1531220235087,692416,0.00000396,520.00000000,0
1531220235576,1531220235573,692417,0.00000396,1200.00000000,0
1531220235717,1531220235713,692418,0.00000396,3280.00000000,0
1531220236019,1531220236015,692419,0.00000396,417.00000000,0
1531220236067,1531220236062,692420,0.00000396,417.00000000,0
1531220237022,1531220237017,692421,0.00000396,833.00000000,0
1531220263026,1531220263022,692422,0.00000396,417.00000000,0
1531220265091,1531220265085,692423,0.00000396,4021.00000000,0
1531220265113,1531220265110,692424,0.00000396,4583.00000000,0
1531220266051,1531220266047,692425,0.00000396,417.00000000,0
1531220266116,1531220266111,692426,0.00000396,2228.00000000,0
1531220266600,1531220266595,692427,0.00000396,2355.00000000,1
1531220267049,1531220267044,692428,0.00000396,441.00000000,0
1531220273311,1531220273306,692429,0.00000397,49.00000000,0
1531220293051,1531220293047,692430,0.00000397,417.00000000,0
1531220296092,1531220296086,692431,0.00000397,792.00000000,0
1531220306693,1531220306688,692432,0.00000397,417.00000000,0
1531220323078,1531220323073,692433,0.00000397,417.00000000,0
1531220325860,1531220325857,692434,0.00000397,5000.00000000,0
