event_time,trade_time,trade_id,price,quantity,maker
1531210359183,1531210359180,11940824,0.00002052,49.00000000,1
1531210363843,1531210363838,11940825,0.00002053,1754.00000000,1
1531210363951,1531210363947,11940826,0.00002053,590.00000000,1
1531210364749,1531210364745,11940827,0.00002053,1401.00000000,1
1531210368212,1531210368207,11940828,0.00002053,429.00000000,1
1531210368228,1531210368224,11940829,0.00002053,7417.00000000,0
1531210368238,1531210368234,11940830,0.00002053,429.00000000,1
1531210370790,1531210370786,11940831,0.00002052,2.00000000,1
1531210379521,1531210379517,11940832,0.00002053,1943.00000000,0
1531210379659,1531210379655,11940833,0.00002052,2673.00000000,1
1531210379669,1531210379664,11940834,0.00002052,5184.00000000,0
1531210379684,1531210379679,11940835,0.00002052,2673.00000000,1
1531210379713,1531210379708,11940836,0.00002053,1802.00000000,0
1531210379800,1531210379794,11940837,0.00002053,2372.00000000,1
1531210381142,1531210381137,11940838,0.00002052,4093.00000000,1
1531210397433,1531210397428,11940839,0.00002053,148.00000000,0
1531210404930,1531210404926,11940840,0.00002052,13488.00000000,1
1531210404944,1531210404940,11940841,0.00002052,12408.00000000,0
1531210404954,1531210404948,11940842,0.00002052,13488.00000000,1
1531210412279,1531210412275,11940843,0.00002053,36.00000000,0
1531210417022,1531210417018,11940844,0.00002053,1.00000000,0
1531210418058,1531210418053,11940845,0.00002052,6.00000000,1
1531210431448,1531210431444,11940846,0.00002053,36.00000000,0
1531210432977,1531210432973,11940847,0.00002052,1124.00000000,1
1531210433008,1531210433002,11940848,0.00002052,473.00000000,1
1531210441251,1531210441246,11940849,0.00002052,17876.00000000,1
1531210441267,1531210441261,11940850,0.00002052,24988.00000000,1
1531210449517,1531210449511,11940851,0.00002052,4.00000000,1
1531210454115,1531210454110,11940852,0.00002053,9381.00000000,1
1531210457582,1531210457577,11940853,0.00002053,24590.00000000,1
1531210457594,1531210457590,11940854,0.00002053,20106.00000000,0
1531210457607,1531210457603,11940855,0.00002053,9412.00000000,1
1531210457629,1531210457628,11940856,0.00002053,15178.00000000,1
1531210464360,1531210464355,11940857,0.00002052,13056.00000000,1
1531210464380,1531210464375,11940858,0.00002052,4908.00000000,1
1531210464398,1531210464393,11940859,0.00002053,9381.00000000,0
1531210475290,1531210475286,11940860,0.00002052,10.00000000,1
1531210480954,1531210480950,11940861,0.00002053,132.00000000,0
1531210486448,1531210486444,11940862,0.00002053,968.00000000,0
1531210486448,1531210486444,11940863,0.00002055,1532.00000000,0
1531210489785,1531210489780,11940864,0.00002053,53.00000000,0
1531210492458,1531210492455,11940865,0.00002053,1268.00000000,0
1531210493140,1531210493135,11940866,0.00002053,23229.00000000,0
1531210493151,1531210493146,11940867,0.00002053,576.00000000,0
1531210500855,1531210500851,11940868,0.00002054,180.00000000,0
1531210511484,1531210511478,11940869,0.00002053,1321.00000000,1
1531210511498,1531210511493,11940870,0.00002053,19013.00000000,0
1531210511521,1531210511517,11940871,0.00002053,1321.00000000,1
1531210524331,1531210524325,11940872,0.00002052,23420.00000000,1
1531210524359,1531210524355,11940873,0.00002053,576.00000000,0
1531210526398,1531210526393,11940874,0.00002053,998.00000000,1
1531210526596,1531210526592,11940875,0.00002053,323.00000000,1
1531210526666,1531210526666,11940876,0.00002052,11.00000000,1
1531210531033,1531210531029,11940877,0.00002052,146.00000000,1
1531210532229,1531210532223,11940878,0.00002053,35607.00000000,0
1531210532241,1531210532237,11940879,0.00002052,14212.00000000,1
1531210532540,1531210532536,11940880,0.00002052,146.00000000,0
1531210538375,1531210538371,11940881,0.00002052,956.00000000,1
1531210540770,1531210540764,11940882,0.00002052,1604.00000000,1
1531210540770,1531210540764,11940883,0.00002051,2546.00000000,1
1531210543989,1531210543985,11940884,0.00002050,1.00000000,1
1531210548000,1531210547996,11940885,0.00002050,3000.00000000,1
1531210548301,1531210548296,11940886,0.00002050,1996.00000000,1
1531210557839,1531210557835,11940887,0.00002052,855.00000000,1
1531210559217,1531210559211,11940888,0.00002052,844.00000000,1
1531210559377,1531210559373,11940889,0.00002052,3332.00000000,1
1531210560213,1531210560209,11940890,0.00002052,590.00000000,0
1531210563336,1531210563330,11940891,0.00002052,590.00000000,0
1531210564334,1531210564329,11940892,0.00002051,7670.00000000,1
1531210564358,1531210564352,11940893,0.00002052,519.00000000,0
1531210573479,1531210573476,11940894,0.00002052,2.00000000,1
1531210577286,1531210577281,11940895,0.00002052,5031.00000000,1
1531210584237,1531210584233,11940896,0.00002052,123.00000000,1
1531210602741,1531210602734,11940897,0.00002052,18.00000000,1
1531210608710,1531210608704,11940898,0.00002052,32.00000000,1
1531210612640,1531210612637,11940899,0.00002052,7154.00000000,1
1531210622317,1531210622310,11940900,0.00002052,2.00000000,1
1531210624150,1531210624146,11940901,0.00002052,55.00000000,1
1531210630650,1531210630645,11940902,0.00002051,33089.00000000,1
1531210630662,1531210630658,11940903,0.00002051,39705.00000000,0
1531210630678,1531210630674,11940904,0.00002051,33089.00000000,1
1531210630796,1531210630791,11940905,0.00002050,3.00000000,1
1531210632581,1531210632576,11940906,0.00002052,399.00000000,0
1531210633382,1531210633377,11940907,0.00002051,3.00000000,1
1531210635674,1531210635674,11940908,0.00002051,32414.00000000,1
1531210635699,1531210635695,11940909,0.00002051,38274.00000000,1
1531210644226,1531210644222,11940910,0.00002051,3.00000000,0
1531210647076,1531210647073,11940911,0.00002052,60.00000000,0
1531210652936,1531210652931,11940912,0.00002051,38274.00000000,1
1531210657751,1531210657746,11940913,0.00002051,3.00000000,0
1531210657751,1531210657746,11940914,0.00002052,11971.00000000,0
1531210657751,1531210657746,11940915,0.00002053,326.00000000,0
1531210661352,1531210661346,11940916,0.00002053,2433.00000000,0
1531210663717,1531210663714,11940917,0.00002051,2.00000000,1
1531210664601,1531210664596,11940918,0.00002051,25000.00000000,1
1531210664601,1531210664596,11940919,0.00002050,122626.00000000,1
1531210666949,1531210666944,11940920,0.00002053,267.00000000,0
1531210666949,1531210666944,11940921,0.00002054,145.00000000,0
1531210671244,1531210671240,11940922,0.00002051,25000.00000000,1
1531210671483,1531210671479,11940923,0.00002051,3381.00000000,1
1531210673723,1531210673719,11940924,0.00002052,37200.00000000,0
1531210673734,1531210673729,11940925,0.00002051,30408.00000000,1
1531210673751,1531210673748,11940926,0.00002051,10067.00000000,1
1531210679930,1531210679925,11940927,0.00002051,28381.00000000,0
1531210680943,1531210680939,11940928,0.00002051,10067.00000000,1
1531210680943,1531210680939,11940929,0.00002050,14933.00000000,1
1531210689169,1531210689164,11940930,0.00002052,36.00000000,0
1531210690650,1531210690644,11940931,0.00002050,10164.00000000,1
1531210690650,1531210690644,11940932,0.00002047,17836.00000000,1
1531210694109,1531210694106,11940933,0.00002050,876.00000000,0
1531210694271,1531210694266,11940934,0.00002050,591.00000000,0
1531210694482,1531210694477,11940935,0.00002050,516.00000000,0
1531210694642,1531210694638,11940936,0.00002050,71.00000000,0
1531210695065,1531210695061,11940937,0.00002050,5906.00000000,0
1531210695115,1531210695114,11940938,0.00002050,2286.00000000,0
1531210695158,1531210695154,11940939,0.00002050,591.00000000,0
1531210695214,1531210695210,11940940,0.00002050,1235.00000000,0
1531210695525,1531210695522,11940941,0.00002049,97.00000000,0
1531210695869,1531210695865,11940942,0.00002050,795.00000000,0
1531210698467,1531210698464,11940943,0.00002048,13.00000000,1
1531210698619,1531210698615,11940944,0.00002048,404.00000000,1
1531210700365,1531210700361,11940945,0.00002048,500.00000000,1
1531210701908,1531210701903,11940946,0.00002048,7208.00000000,1
1531210701927,1531210701924,11940947,0.00002048,663.00000000,0
1531210701990,1531210701986,11940948,0.00002048,253.00000000,0
1531210702015,1531210702012,11940949,0.00002048,1.00000000,0
1531210703946,1531210703940,11940950,0.00002049,97.00000000,1
1531210703946,1531210703940,11940951,0.00002048,506.00000000,1
1531210703946,1531210703940,11940952,0.00002047,2593.00000000,1
1531210703946,1531210703940,11940953,0.00002046,51804.00000000,1
1531210711639,1531210711628,11940954,0.00002049,50182.00000000,0
1531210711644,1531210711640,11940955,0.00002048,26694.00000000,1
1531210715416,1531210715409,11940956,0.00002047,119.00000000,1
1531210715416,1531210715409,11940957,0.00002046,30000.00000000,1
1531210715416,1531210715409,11940958,0.00002045,35652.00000000,1
1531210715429,1531210715424,11940959,0.00002045,395.00000000,0
1531210715431,1531210715427,11940960,0.00002045,7165.00000000,0
1531210715451,1531210715447,11940961,0.00002045,6669.00000000,0
1531210720540,1531210720536,11940962,0.00002049,72.00000000,0
1531210724438,1531210724433,11940963,0.00002048,36202.00000000,1
1531210725773,1531210725769,11940964,0.00002047,3.00000000,1
1531210727527,1531210727523,11940965,0.00002047,1751.00000000,1
1531210728349,1531210728344,11940966,0.00002046,1467.00000000,1
1531210728349,1531210728344,11940967,0.00002045,4952.00000000,1
1531210729553,1531210729549,11940968,0.00002050,593.00000000,0
1531210731174,1531210731175,11940969,0.00002046,14.00000000,1
1531210733538,1531210733538,11940970,0.00002047,249.00000000,1
1531210739310,1531210739306,11940971,0.00002049,96.00000000,0
1531210741738,1531210741735,11940972,0.00002048,2.00000000,1
1531210742277,1531210742273,11940973,0.00002049,1.00000000,0
1531210742277,1531210742273,11940974,0.00002050,589.00000000,0
1531210743179,1531210743179,11940975,0.00002047,1.00000000,1
1531210749508,1531210749504,11940976,0.00002050,452.00000000,0
1531210757061,1531210757057,11940977,0.00002049,26415.00000000,1
1531210757076,1531210757072,11940978,0.00002049,33114.00000000,0
1531210757086,1531210757080,11940979,0.00002049,5001.00000000,1
1531210757109,1531210757104,11940980,0.00002049,21414.00000000,1
1531210757968,1531210757962,11940981,0.00002050,163.00000000,0
1531210757968,1531210757962,11940982,0.00002051,73.00000000,0
1531210757968,1531210757962,11940983,0.00002053,2645.00000000,0
1531210757968,1531210757962,11940984,0.00002054,619.00000000,0
1531210759297,1531210759292,11940985,0.00002049,1.00000000,1
1531210765753,1531210765748,11940986,0.00002052,41697.00000000,0
1531210765772,1531210765767,11940987,0.00002050,32728.00000000,1
1531210765791,1531210765786,11940988,0.00002050,25740.00000000,1
1531210775542,1531210775536,11940989,0.00002050,797.00000000,0
1531210778111,1531210778107,11940990,0.00002049,16.00000000,1
1531210779570,1531210779564,11940991,0.00002049,31849.00000000,1
1531210779570,1531210779564,11940992,0.00002048,97.00000000,1
1531210779570,1531210779564,11940993,0.00002047,740.00000000,1
1531210779570,1531210779564,11940994,0.00002045,4206.00000000,1
1531210779570,1531210779564,11940995,0.00002044,2432.00000000,1
1531210779570,1531210779564,11940996,0.00002043,9176.00000000,1
1531210779570,1531210779564,11940997,0.00002042,1500.00000000,1
1531210781173,1531210781168,11940998,0.00002047,2400.00000000,1
1531210781173,1531210781168,11940999,0.00002045,337.00000000,1
1531210781173,1531210781168,11941000,0.00002043,2000.00000000,1
1531210781173,1531210781168,11941001,0.00002042,11526.00000000,1
1531210781528,1531210781525,11941002,0.00002046,265.00000000,0
1531210781531,1531210781526,11941003,0.00002046,1.00000000,0
1531210781642,1531210781638,11941004,0.00002051,266.00000000,0
1531210782803,1531210782798,11941005,0.00002046,365.00000000,1
1531210783030,1531210783025,11941006,0.00002046,3.00000000,1
1531210783412,1531210783407,11941007,0.00002047,72.00000000,0
1531210785234,1531210785230,11941008,0.00002046,337.00000000,1
1531210791071,1531210791066,11941009,0.00002046,180.00000000,1
1531210794712,1531210794707,11941010,0.00002047,1.00000000,0
1531210795501,1531210795495,11941011,0.00002048,80.00000000,1
1531210795532,1531210795527,11941012,0.00002048,419.00000000,1
1531210797770,1531210797769,11941013,0.00002047,97.00000000,1
1531210797770,1531210797769,11941014,0.00002046,2.00000000,1
1531210800413,1531210800408,11941015,0.00002048,46078.00000000,0
1531210800421,1531210800417,11941016,0.00002050,16575.00000000,0
1531210800526,1531210800522,11941017,0.00002047,95.00000000,1
1531210800526,1531210800522,11941018,0.00002046,95.00000000,1
1531210800526,1531210800522,11941019,0.00002045,73.00000000,1
1531210800526,1531210800522,11941020,0.00002044,2737.00000000,1
1531210801651,1531210801646,11941021,0.00002047,380.00000000,1
1531210801651,1531210801646,11941022,0.00002045,95.00000000,1
1531210801651,1531210801646,11941023,0.00002044,22263.00000000,1
1531210801668,1531210801663,11941024,0.00002044,499.00000000,0
1531210801681,1531210801676,11941025,0.00002044,247.00000000,0
1531210801737,1531210801733,11941026,0.00002044,1516.00000000,0
1531210810468,1531210810464,11941027,0.00002046,2.00000000,1
1531210813897,1531210813893,11941028,0.00002046,4.00000000,1
1531210814770,1531210814767,11941029,0.00002047,42612.00000000,0
1531210814788,1531210814782,11941030,0.00002048,27573.00000000,0
1531210820535,1531210820529,11941031,0.00002046,4883.00000000,1
1531210827276,1531210827271,11941032,0.00002046,77.00000000,0
1531210827536,1531210827531,11941033,0.00002046,19.00000000,1
1531210831966,1531210831960,11941034,0.00002045,28705.00000000,0
1531210831978,1531210831973,11941035,0.00002046,8934.00000000,0
1531210831997,1531210831992,11941036,0.00002046,32608.00000000,0
1531210832338,1531210832334,11941037,0.00002047,1506.00000000,0
1531210837676,1531210837671,11941038,0.00002045,16150.00000000,0
1531210837695,1531210837690,11941039,0.00002046,31067.00000000,0
1531210837720,1531210837715,11941040,0.00002046,23024.00000000,0
1531210842018,1531210842014,11941041,0.00002047,97.00000000,0
1531210850493,1531210850479,11941042,0.00002044,4164.00000000,1
1531210850493,1531210850479,11941043,0.00002043,5181.00000000,1
1531210850493,1531210850479,11941044,0.00002042,10796.00000000,1
1531210850493,1531210850479,11941045,0.00002041,73.00000000,1
1531210850493,1531210850479,11941046,0.00002040,6849.00000000,1
1531210850493,1531210850479,11941047,0.00002039,1495.00000000,1
1531210850493,1531210850479,11941048,0.00002038,8283.00000000,1
1531210850493,1531210850479,11941049,0.00002037,5094.00000000,1
1531210850493,1531210850479,11941050,0.00002036,194490.00000000,1
1531210850520,1531210850515,11941051,0.00002036,491.00000000,0
1531210850520,1531210850515,11941052,0.00002036,895.00000000,0
1531210850521,1531210850515,11941053,0.00002036,53046.00000000,0
1531210850528,1531210850524,11941054,0.00002036,11971.00000000,0
1531210850538,1531210850535,11941055,0.00002036,5461.00000000,0
1531210850552,1531210850550,11941056,0.00002036,92281.00000000,0
1531210850554,1531210850550,11941057,0.00002036,17472.00000000,0
1531210850560,1531210850557,11941058,0.00002036,5830.00000000,0
1531210850561,1531210850557,11941059,0.00002036,3154.00000000,0
1531210850568,1531210850564,11941060,0.00002036,13680.00000000,0
1531210850571,1531210850571,11941061,0.00002036,5830.00000000,0
1531210850575,1531210850571,11941062,0.00002036,280.00000000,0
1531210850581,1531210850578,11941063,0.00002036,19472.00000000,0
1531210850597,1531210850592,11941064,0.00002036,561.00000000,0
1531210850634,1531210850630,11941065,0.00002036,2000.00000000,0
1531210850640,1531210850635,11941066,0.00002036,15247.00000000,0
1531210850643,1531210850640,11941067,0.00002036,4576.00000000,0
1531210850655,1531210850654,11941068,0.00002036,15247.00000000,0
1531210850657,1531210850654,11941069,0.00002036,11967.00000000,0
1531210850659,1531210850654,11941070,0.00002036,21964.00000000,0
1531210850663,1531210850659,11941071,0.00002036,13261.00000000,0
1531210850670,1531210850666,11941072,0.00002036,16.00000000,0
1531210850673,1531210850669,11941073,0.00002036,13261.00000000,0
1531210850686,1531210850682,11941074,0.00002036,10970.00000000,0
1531210850693,1531210850692,11941075,0.00002036,1928.00000000,0
1531210850693,1531210850692,11941076,0.00002036,977.00000000,0
1531210850701,1531210850700,11941077,0.00002036,2835.00000000,0
1531210850719,1531210850714,11941078,0.00002036,325.00000000,0
1531210850759,1531210850755,11941079,0.00002036,98231.00000000,0
1531210850800,1531210850797,11941080,0.00002036,18319.00000000,0
1531210850803,1531210850799,11941081,0.00002036,14850.00000000,0
1531210850807,1531210850803,11941082,0.00002036,17792.00000000,0
1531210850812,1531210850807,11941083,0.00002036,6355.00000000,0
1531210850818,1531210850813,11941084,0.00002036,4141.00000000,0
1531210850827,1531210850824,11941085,0.00002036,10893.00000000,0
1531210850827,1531210850824,11941086,0.00002036,562.00000000,0
1531210850830,1531210850824,11941087,0.00002036,10245.00000000,0
1531210850831,1531210850827,11941088,0.00002036,9816.00000000,0
1531210850831,1531210850827,11941089,0.00002036,2000.00000000,0
1531210850835,1531210850830,11941090,0.00002036,205.00000000,0
1531210850841,1531210850837,11941091,0.00002036,8020.00000000,0
1531210850842,1531210850837,11941092,0.00002036,11343.00000000,0
1531210850856,1531210850851,11941093,0.00002036,7684.00000000,0
1531210850857,1531210850853,11941094,0.00002036,7684.00000000,0
1531210850858,1531210850853,11941095,0.00002036,4911.00000000,0
1531210850864,1531210850860,11941096,0.00002036,1538.00000000,0
1531210850872,1531210850869,11941097,0.00002036,10714.00000000,0
1531210850891,1531210850887,11941098,0.00002036,943.00000000,0
1531210850894,1531210850890,11941099,0.00002036,2000.00000000,0
1531210850928,1531210850926,11941100,0.00002036,1070.00000000,0
1531210850929,1531210850926,11941101,0.00002036,4240.00000000,0
1531210850942,1531210850938,11941102,0.00002036,4911.00000000,0
1531210850956,1531210850950,11941103,0.00002036,4911.00000000,0
1531210850962,1531210850958,11941104,0.00002036,2507.00000000,0
1531210850969,1531210850965,11941105,0.00002036,1871.00000000,0
1531210850986,1531210850982,11941106,0.00002036,240.00000000,0
1531210851004,1531210851000,11941107,0.00002036,325.00000000,0
1531210851005,1531210851001,11941108,0.00002036,9159.00000000,0
1531210851015,1531210851010,11941109,0.00002036,100.00000000,0
1531210851021,1531210851016,11941110,0.00002036,10674.00000000,0
1531210851042,1531210851037,11941111,0.00002036,3650.00000000,0
1531210851048,1531210851045,11941112,0.00002036,7565.00000000,0
1531210851051,1531210851048,11941113,0.00002036,9381.00000000,0
1531210851058,1531210851052,11941114,0.00002036,10000.00000000,0
1531210851068,1531210851064,11941115,0.00002036,9160.00000000,0
1531210851132,1531210851128,11941116,0.00002036,325.00000000,0
1531210851137,1531210851133,11941117,0.00002036,97.00000000,0
1531210851184,1531210851179,11941118,0.00002036,325.00000000,0
1531210851233,1531210851228,11941119,0.00002036,4140.00000000,0
1531210851239,1531210851235,11941120,0.00002036,9159.00000000,0
1531210851239,1531210851235,11941121,0.00002036,4140.00000000,0
1531210851242,1531210851238,11941122,0.00002036,5873.00000000,0
1531210851289,1531210851285,11941123,0.00002036,5085.00000000,0
1531210851310,1531210851304,11941124,0.00002036,19602.00000000,0
1531210851374,1531210851369,11941125,0.00002036,4878.00000000,0
1531210851434,1531210851429,11941126,0.00002036,9624.00000000,0
1531210851508,1531210851504,11941127,0.00002036,5559.00000000,0
1531210851540,1531210851536,11941128,0.00002036,123212.00000000,0
1531210851553,1531210851548,11941129,0.00002036,325.00000000,0
1531210851603,1531210851600,11941130,0.00002036,325.00000000,0
1531210851794,1531210851790,11941131,0.00002036,543.00000000,0
1531210851812,1531210851806,11941132,0.00002036,3052.00000000,0
1531210851843,1531210851841,11941133,0.00002036,4911.00000000,0
1531210851881,1531210851878,11941134,0.00002036,4339.00000000,0
1531210852107,1531210852102,11941135,0.00002036,283.00000000,0
1531210852216,1531210852212,11941136,0.00002036,39258.00000000,0
1531210852319,1531210852313,11941137,0.00002036,4878.00000000,0
1531210852368,1531210852363,11941138,0.00002036,109.00000000,0
1531210852461,1531210852455,11941139,0.00002036,1071.00000000,0
1531210852520,1531210852516,11941140,0.00002036,490.00000000,0
1531210852689,1531210852684,11941141,0.00002036,50.00000000,0
1531210852998,1531210852994,11941142,0.00002036,2441.00000000,0
1531210853037,1531210853032,11941143,0.00002036,2433.00000000,0
1531210853098,1531210853096,11941144,0.00002036,491.00000000,0
1531210853101,1531210853097,11941145,0.00002036,491.00000000,0
1531210853231,1531210853226,11941146,0.00002036,221.00000000,0
1531210853301,1531210853297,11941147,0.00002036,4885.00000000,0
1531210853398,1531210853395,11941148,0.00002036,1515.00000000,0
1531210854028,1531210854025,11941149,0.00002036,840.00000000,0
1531210854218,1531210854214,11941150,0.00002036,30368.00000000,0
1531210854240,1531210854236,11941151,0.00002036,1284.00000000,0
1531210854268,1531210854264,11941152,0.00002036,4592.00000000,0
1531210854553,1531210854549,11941153,0.00002036,260.00000000,0
1531210854782,1531210854782,11941154,0.00002036,843.00000000,0
1531210855188,1531210855184,11941155,0.00002036,491.00000000,0
1531210855203,1531210855197,11941156,0.00002036,491.00000000,0
1531210855219,1531210855214,11941157,0.00002036,2899.00000000,0
1531210855364,1531210855358,11941158,0.00002036,2433.00000000,0
1531210855985,1531210855980,11941159,0.00002035,54.00000000,1
1531210856191,1531210856187,11941160,0.00002035,4992.00000000,1
1531210856253,1531210856248,11941161,0.00002035,343.00000000,0
1531210856333,1531210856330,11941162,0.00002035,126.00000000,0
1531210856619,1531210856615,11941163,0.00002035,842.00000000,0
1531210856744,1531210856739,11941164,0.00002035,270.00000000,0
1531210856827,1531210856823,11941165,0.00002035,483.00000000,0
1531210856855,1531210856849,11941166,0.00002035,491.00000000,0
1531210856995,1531210856991,11941167,0.00002035,590.00000000,0
1531210857297,1531210857292,11941168,0.00002035,195.00000000,0
1531210857435,1531210857431,11941169,0.00002034,1970.00000000,1
1531210858190,1531210858186,11941170,0.00002035,837.00000000,0
1531210858437,1531210858436,11941171,0.00002035,289.00000000,0
1531210858695,1531210858693,11941172,0.00002034,582.00000000,1
1531210858735,1531210858731,11941173,0.00002034,339.00000000,1
1531210858892,1531210858887,11941174,0.00002034,291.00000000,1
1531210859731,1531210859726,11941175,0.00002035,836.00000000,0
1531210860400,1531210860396,11941176,0.00002034,269.00000000,1
1531210860542,1531210860538,11941177,0.00002034,10239.00000000,1
1531210862539,1531210862533,11941178,0.00002033,7582.00000000,1
1531210862621,1531210862617,11941179,0.00002034,73.00000000,0
1531210863116,1531210863112,11941180,0.00002033,272.00000000,0
1531210863371,1531210863365,11941181,0.00002035,984.00000000,0
1531210865028,1531210865021,11941182,0.00002032,4240.00000000,1
1531210865783,1531210865775,11941183,0.00002035,540.00000000,0
1531210866508,1531210866504,11941184,0.00002032,2000.00000000,1
1531210867041,1531210867036,11941185,0.00002035,361.00000000,0
1531210867846,1531210867841,11941186,0.00002035,52.00000000,1
1531210869245,1531210869239,11941187,0.00002033,67.00000000,0
1531210869624,1531210869619,11941188,0.00002033,72.00000000,0
1531210870444,1531210870439,11941189,0.00002033,884.00000000,0
1531210870945,1531210870941,11941190,0.00002033,847.00000000,0
1531210871752,1531210871749,11941191,0.00002033,929.00000000,0
1531210872291,1531210872286,11941192,0.00002032,1190.00000000,1
1531210872291,1531210872286,11941193,0.00002031,10.00000000,1
1531210872476,1531210872470,11941194,0.00002033,2102.00000000,0
1531210875001,1531210874997,11941195,0.00002033,884.00000000,0
1531210875575,1531210875570,11941196,0.00002033,1000.00000000,0
1531210876582,1531210876581,11941197,0.00002033,4923.00000000,0
1531210876589,1531210876584,11941198,0.00002033,4923.00000000,0
1531210876598,1531210876593,11941199,0.00002033,4923.00000000,0
1531210876628,1531210876623,11941200,0.00002033,438.00000000,0
1531210876655,1531210876650,11941201,0.00002033,4923.00000000,0
1531210876665,1531210876660,11941202,0.00002033,1169.00000000,0
1531210877000,1531210876996,11941203,0.00002033,884.00000000,0
1531210877415,1531210877411,11941204,0.00002033,14726.00000000,0
1531210877446,1531210877440,11941205,0.00002033,31889.00000000,0
1531210878541,1531210878537,11941206,0.00002033,477.00000000,0
1531210879045,1531210879042,11941207,0.00002036,245.00000000,0
1531210883096,1531210883092,11941208,0.00002032,98.00000000,1
1531210883096,1531210883092,11941209,0.00002031,7586.00000000,1
1531210884214,1531210884209,11941210,0.00002032,6355.00000000,1
1531210885196,1531210885191,11941211,0.00002035,98.00000000,0
1531210885196,1531210885191,11941212,0.00002036,402.00000000,0
1531210886125,1531210886120,11941213,0.00002033,410.00000000,1
1531210886125,1531210886120,11941214,0.00002032,3731.00000000,1
1531210889062,1531210889059,11941215,0.00002033,2644.00000000,1
1531210889259,1531210889254,11941216,0.00002033,492.00000000,0
1531210889541,1531210889537,11941217,0.00002033,6026.00000000,0
1531210901146,1531210901142,11941218,0.00002034,50.00000000,1
1531210908879,1531210908875,11941219,0.00002034,1754.00000000,1
1531210908879,1531210908875,11941220,0.00002032,98.00000000,1
1531210908879,1531210908875,11941221,0.00002031,1119.00000000,1
1531210909035,1531210909030,11941222,0.00002036,1.00000000,0
1531210909329,1531210909325,11941223,0.00002036,458.00000000,0
1531210910465,1531210910461,11941224,0.00002036,155.00000000,0
1531210917997,1531210917992,11941225,0.00002034,84140.00000000,1
1531210918533,1531210918528,11941226,0.00002036,414.00000000,0
1531210930908,1531210930904,11941227,0.00002035,57.00000000,0
1531210930908,1531210930904,11941228,0.00002036,20.00000000,0
1531210937222,1531210937217,11941229,0.00002035,156.00000000,1
1531210937246,1531210937241,11941230,0.00002035,60390.00000000,1
1531210937266,1531210937261,11941231,0.00002035,42360.00000000,1
1531210937957,1531210937952,11941232,0.00002036,25000.00000000,0
1531210937986,1531210937980,11941233,0.00002036,634.00000000,0
1531210944765,1531210944760,11941234,0.00002036,3200.00000000,0
1531210947656,1531210947652,11941235,0.00002036,2.00000000,0
1531210948383,1531210948377,11941236,0.00002035,417.00000000,0
1531210948397,1531210948392,11941237,0.00002034,150.00000000,1
1531210952193,1531210952187,11941238,0.00002034,90.00000000,0
1531210960974,1531210960970,11941239,0.00002034,7571.00000000,0
1531210961593,1531210961588,11941240,0.00002034,399.00000000,0
1531210971338,1531210971334,11941241,0.00002034,15618.00000000,0
1531210973022,1531210973017,11941242,0.00002034,5687.00000000,0
1531210977053,1531210977047,11941243,0.00002034,343.00000000,0
1531210977930,1531210977924,11941244,0.00002034,7724.00000000,0
1531210981556,1531210981552,11941245,0.00002034,2470.00000000,0
1531210983313,1531210983309,11941246,0.00002034,343.00000000,0
1531210989202,1531210989197,11941247,0.00002034,598.00000000,0
1531210992321,1531210992317,11941248,0.00002033,596.00000000,1
1531211010128,1531211010123,11941249,0.00002034,6672.00000000,0
1531211017242,1531211017238,11941250,0.00002034,596.00000000,0
1531211017248,1531211017244,11941251,0.00002034,595.00000000,0
1531211017350,1531211017345,11941252,0.00002034,1435.00000000,0
1531211020542,1531211020537,11941253,0.00002036,36.00000000,0
1531211021776,1531211021771,11941254,0.00002036,7.00000000,0
1531211026621,1531211026616,11941255,0.00002036,24538.00000000,0
1531211039913,1531211039908,11941256,0.00002035,17838.00000000,1
1531211039932,1531211039927,11941257,0.00002035,8308.00000000,0
1531211039952,1531211039948,11941258,0.00002035,7934.00000000,1
1531211039964,1531211039958,11941259,0.00002035,9904.00000000,1
1531211040084,1531211040079,11941260,0.00002036,1577.00000000,0
1531211042070,1531211042065,11941261,0.00002036,9.00000000,0
1531211043924,1531211043919,11941262,0.00002035,160.00000000,1
1531211047308,1531211047302,11941263,0.00002036,372.00000000,0
1531211051941,1531211051938,11941264,0.00002035,356.00000000,1
1531211056216,1531211056211,11941265,0.00002036,49115.00000000,0
1531211060409,1531211060403,11941266,0.00002036,1.00000000,0
1531211065016,1531211065012,11941267,0.00002035,528.00000000,1
1531211065861,1531211065855,11941268,0.00002035,7477.00000000,1
1531211065877,1531211065873,11941269,0.00002035,1968.00000000,0
1531211065887,1531211065882,11941270,0.00002035,7477.00000000,1
1531211073963,1531211073955,11941271,0.00002035,528.00000000,0
1531211074075,1531211074070,11941272,0.00002036,1.00000000,0
1531211078726,1531211078722,11941273,0.00002036,28.00000000,0
1531211085222,1531211085216,11941274,0.00002036,27018.00000000,0
1531211085761,1531211085757,11941275,0.00002037,103.00000000,1
1531211088499,1531211088494,11941276,0.00002036,25744.00000000,1
1531211088499,1531211088494,11941277,0.00002035,2256.00000000,1
1531211092688,1531211092683,11941278,0.00002036,3457.00000000,1
1531211092700,1531211092697,11941279,0.00002036,828.00000000,0
1531211092714,1531211092710,11941280,0.00002036,3457.00000000,1
1531211093403,1531211093397,11941281,0.00002037,240.00000000,0
1531211105750,1531211105745,11941282,0.00002037,10234.00000000,1
1531211106768,1531211106760,11941283,0.00002037,212.00000000,1
1531211107880,1531211107876,11941284,0.00002038,4.00000000,0
1531211124296,1531211124290,11941285,0.00002036,38076.00000000,1
1531211124308,1531211124304,11941286,0.00002036,18156.00000000,0
1531211124318,1531211124313,11941287,0.00002036,80.00000000,1
1531211124340,1531211124335,11941288,0.00002036,37996.00000000,1
1531211129875,1531211129874,11941289,0.00002037,69.00000000,0
1531211129875,1531211129874,11941290,0.00002038,234.00000000,0
1531211137668,1531211137664,11941291,0.00002035,46627.00000000,1
1531211137690,1531211137686,11941292,0.00002035,21643.00000000,1
1531211138065,1531211138061,11941293,0.00002036,7476.00000000,1
1531211141248,1531211141248,11941294,0.00002037,2644.00000000,0
1531211141248,1531211141248,11941295,0.00002038,19927.00000000,0
1531211144632,1531211144627,11941296,0.00002036,50.00000000,1
1531211145487,1531211145482,11941297,0.00002035,512.00000000,1
1531211149861,1531211149856,11941298,0.00002036,6138.00000000,1
1531211152584,1531211152579,11941299,0.00002038,106.00000000,0
1531211164000,1531211163995,11941300,0.00002036,46005.00000000,1
1531211164024,1531211164020,11941301,0.00002036,55685.00000000,1
1531211164042,1531211164038,11941302,0.00002036,16086.00000000,1
1531211172764,1531211172760,11941303,0.00002035,596.00000000,1
1531211172855,1531211172851,11941304,0.00002035,24404.00000000,1
1531211178040,1531211178036,11941305,0.00002035,15072.00000000,0
1531211178058,1531211178053,11941306,0.00002036,16086.00000000,0
1531211184171,1531211184167,11941307,0.00002038,7.00000000,0
1531211185026,1531211185022,11941308,0.00002035,17013.00000000,1
1531211197723,1531211197719,11941309,0.00002034,26533.00000000,1
1531211202244,1531211202239,11941310,0.00002034,4852.00000000,0
1531211206670,1531211206666,11941311,0.00002034,21079.00000000,0
1531211207633,1531211207630,11941312,0.00002034,4852.00000000,1
1531211208641,1531211208637,11941313,0.00002034,235.00000000,1
1531211212060,1531211212056,11941314,0.00002035,7987.00000000,0
1531211212060,1531211212056,11941315,0.00002036,9166.00000000,0
1531211217264,1531211217260,11941316,0.00002034,4940.00000000,0
1531211217278,1531211217274,11941317,0.00002035,2423.00000000,0
1531211229134,1531211229130,11941318,0.00002035,1768.00000000,0
1531211229775,1531211229771,11941319,0.00002035,454.00000000,0
1531211230245,1531211230240,11941320,0.00002035,2222.00000000,1
1531211232778,1531211232775,11941321,0.00002036,1.00000000,0
1531211239644,1531211239640,11941322,0.00002035,1113.00000000,0
1531211252354,1531211252350,11941323,0.00002035,343.00000000,0
1531211263791,1531211263788,11941324,0.00002035,1351.00000000,0
1531211264172,1531211264169,11941325,0.00002035,883.00000000,0
1531211266359,1531211266355,11941326,0.00002035,2710.00000000,0
1531211266384,1531211266379,11941327,0.00002035,1313.00000000,0
1531211271132,1531211271128,11941328,0.00002036,4829.00000000,0
1531211271146,1531211271143,11941329,0.00002035,2234.00000000,1
1531211272282,1531211272278,11941330,0.00002034,11636.00000000,0
1531211272381,1531211272376,11941331,0.00002034,276.00000000,0
1531211272516,1531211272510,11941332,0.00002034,884.00000000,0
1531211272584,1531211272581,11941333,0.00002034,12204.00000000,0
1531211275766,1531211275763,11941334,0.00002035,260.00000000,0
1531211280245,1531211280239,11941335,0.00002034,2433.00000000,1
1531211282140,1531211282135,11941336,0.00002034,22567.00000000,0
1531211282242,1531211282238,11941337,0.00002035,274.00000000,0
1531211284392,1531211284387,11941338,0.00002034,166.00000000,0
1531211284399,1531211284395,11941339,0.00002035,779.00000000,0
1531211284587,1531211284583,11941340,0.00002035,2768.00000000,1
1531211289411,1531211289407,11941341,0.00002035,331.00000000,0
1531211290767,1531211290763,11941342,0.00002034,6641.00000000,0
1531211290783,1531211290780,11941343,0.00002035,2583.00000000,0
1531211290967,1531211290962,11941344,0.00002036,98.00000000,0
1531211291527,1531211291522,11941345,0.00002036,170.00000000,1
1531211291527,1531211291522,11941346,0.00002035,331.00000000,1
1531211293381,1531211293376,11941347,0.00002035,85.00000000,0
1531211296897,1531211296893,11941348,0.00002033,2617.00000000,1
1531211302491,1531211302486,11941349,0.00002033,7439.00000000,1
1531211308803,1531211308799,11941350,0.00002034,276.00000000,0
1531211308939,1531211308935,11941351,0.00002034,329.00000000,0
1531211309297,1531211309294,11941352,0.00002034,89.00000000,0
1531211310990,1531211310986,11941353,0.00002034,271.00000000,0
1531211312567,1531211312562,11941354,0.00002033,2177.00000000,0
1531211312584,1531211312580,11941355,0.00002034,3327.00000000,0
1531211312611,1531211312606,11941356,0.00002034,569.00000000,0
1531211320088,1531211320082,11941357,0.00002034,965.00000000,1
1531211320109,1531211320103,11941358,0.00002034,3496.00000000,0
1531211320126,1531211320122,11941359,0.00002034,965.00000000,1
1531211320492,1531211320487,11941360,0.00002034,273.00000000,0
1531211323056,1531211323051,11941361,0.00002033,271.00000000,0
1531211323430,1531211323427,11941362,0.00002033,6432.00000000,0
1531211325228,1531211325223,11941363,0.00002033,1.00000000,0
1531211325273,1531211325273,11941364,0.00002034,275.00000000,0
1531211325459,1531211325455,11941365,0.00002033,1350.00000000,1
1531211325473,1531211325469,11941366,0.00002033,3525.00000000,0
1531211325489,1531211325485,11941367,0.00002034,21.00000000,0
1531211325596,1531211325591,11941368,0.00002034,1513.00000000,1
1531211329467,1531211329463,11941369,0.00002035,524.00000000,0
1531211332047,1531211332042,11941370,0.00002035,5.00000000,0
1531211338146,1531211338142,11941371,0.00002034,272.00000000,0
1531211340687,1531211340683,11941372,0.00002034,272.00000000,0
1531211341128,1531211341124,11941373,0.00002034,4975.00000000,0
1531211341143,1531211341139,11941374,0.00002034,1480.00000000,0
1531211357911,1531211357906,11941375,0.00002034,2024.00000000,1
1531211373836,1531211373831,11941376,0.00002035,1.00000000,0
1531211374167,1531211374163,11941377,0.00002035,4.00000000,0
1531211392865,1531211392860,11941378,0.00002035,2000.00000000,0
1531211396498,1531211396494,11941379,0.00002035,21880.00000000,0
1531211400483,1531211400479,11941380,0.00002036,2543.00000000,1
1531211400545,1531211400541,11941381,0.00002036,1431.00000000,1
1531211400648,1531211400645,11941382,0.00002036,1431.00000000,1
1531211400697,1531211400692,11941383,0.00002036,1431.00000000,1
1531211400833,1531211400828,11941384,0.00002036,973.00000000,1
1531211416198,1531211416193,11941385,0.00002035,53.00000000,1
1531211424309,1531211424304,11941386,0.00002036,1.00000000,0
1531211431933,1531211431929,11941387,0.00002036,522.00000000,0
1531211450323,1531211450319,11941388,0.00002035,20306.00000000,1
1531211451697,1531211451695,11941389,0.00002034,4.00000000,0
1531211451746,1531211451742,11941390,0.00002034,275.00000000,0
1531211452307,1531211452302,11941391,0.00002034,425.00000000,0
1531211457740,1531211457735,11941392,0.00002035,3.00000000,0
1531211460361,1531211460355,11941393,0.00002034,974.00000000,0
1531211460484,1531211460480,11941394,0.00002034,272.00000000,0
1531211462781,1531211462776,11941395,0.00002034,272.00000000,0
1531211463906,1531211463905,11941396,0.00002033,8026.00000000,0
1531211463913,1531211463908,11941397,0.00002034,5117.00000000,0
1531211463932,1531211463928,11941398,0.00002034,2456.00000000,0
1531211470085,1531211470083,11941399,0.00002034,1518.00000000,1
1531211470092,1531211470088,11941400,0.00002034,1470.00000000,0
1531211470106,1531211470102,11941401,0.00002034,1518.00000000,1
1531211470608,1531211470603,11941402,0.00002034,268.00000000,0
1531211473153,1531211473149,11941403,0.00002034,275.00000000,0
1531211473400,1531211473396,11941404,0.00002034,4.00000000,0
1531211473514,1531211473510,11941405,0.00002034,1909.00000000,0
1531211475247,1531211475243,11941406,0.00002035,897.00000000,0
1531211475697,1531211475691,11941407,0.00002034,1768.00000000,1
1531211485863,1531211485859,11941408,0.00002035,3.00000000,0
1531211488732,1531211488727,11941409,0.00002034,270.00000000,0
1531211491476,1531211491472,11941410,0.00002034,268.00000000,0
1531211491877,1531211491872,11941411,0.00002033,2211.00000000,1
1531211491888,1531211491884,11941412,0.00002033,10461.00000000,0
1531211491901,1531211491897,11941413,0.00002034,8142.00000000,0
1531211493757,1531211493753,11941414,0.00002035,275.00000000,0
1531211502736,1531211502733,11941415,0.00002034,1282.00000000,1
1531211502750,1531211502745,11941416,0.00002033,2211.00000000,1
1531211502998,1531211502994,11941417,0.00002033,277.00000000,0
1531211503641,1531211503637,11941418,0.00002033,4728.00000000,0
1531211503658,1531211503654,11941419,0.00002033,4281.00000000,0
1531211504249,1531211504244,11941420,0.00002033,1175.00000000,0
1531211504249,1531211504244,11941421,0.00002035,1420.00000000,0
1531211512132,1531211512127,11941422,0.00002035,2096.00000000,0
1531211517257,1531211517253,11941423,0.00002033,256.00000000,1
1531211519391,1531211519387,11941424,0.00002034,46022.00000000,0
1531211519404,1531211519400,11941425,0.00002033,16665.00000000,1
1531211520886,1531211520881,11941426,0.00002033,256.00000000,0
1531211523446,1531211523440,11941427,0.00002035,15.00000000,1
1531211526484,1531211526480,11941428,0.00002032,419.00000000,1
1531211529864,1531211529861,11941429,0.00002034,13973.00000000,1
1531211540134,1531211540128,11941430,0.00002032,331.00000000,1
1531211540996,1531211540991,11941431,0.00002033,101.00000000,0
1531211541198,1531211541193,11941432,0.00002032,1453.00000000,0
1531211542283,1531211542278,11941433,0.00002032,2331.00000000,1
1531211542283,1531211542278,11941434,0.00002031,1152.00000000,1
1531211546813,1531211546812,11941435,0.00002032,3540.00000000,1
1531211552266,1531211552260,11941436,0.00002033,491.00000000,0
1531211557725,1531211557721,11941437,0.00002032,21916.00000000,1
1531211570154,1531211570150,11941438,0.00002033,1533.00000000,0
1531211570154,1531211570150,11941439,0.00002034,512.00000000,0
1531211570154,1531211570150,11941440,0.00002035,106235.00000000,0
1531211580610,1531211580606,11941441,0.00002034,600.00000000,0
1531211580687,1531211580682,11941442,0.00002033,1465.00000000,0
1531211580701,1531211580695,11941443,0.00002034,572.00000000,0
1531211580724,1531211580719,11941444,0.00002034,49.00000000,1
1531211580743,1531211580743,11941445,0.00002034,12.00000000,1
1531211581242,1531211581238,11941446,0.00002035,19.00000000,0
1531211592249,1531211592245,11941447,0.00002032,8580.00000000,0
1531211592268,1531211592264,11941448,0.00002034,2980.00000000,0
1531211599592,1531211599588,11941449,0.00002035,3.00000000,0
1531211604444,1531211604439,11941450,0.00002032,1112.00000000,1
1531211604474,1531211604469,11941451,0.00002031,1112.00000000,1
1531211605467,1531211605462,11941452,0.00002032,435.00000000,0
1531211612217,1531211612213,11941453,0.00002034,3884.00000000,0
1531211626833,1531211626828,11941454,0.00002032,1178.00000000,1
1531211626860,1531211626856,11941455,0.00002033,756.00000000,0
1531211630731,1531211630728,11941456,0.00002032,6179.00000000,1
1531211636854,1531211636851,11941457,0.00002032,139.00000000,0
1531211637731,1531211637726,11941458,0.00002032,983.00000000,1
1531211642726,1531211642723,11941459,0.00002033,130.00000000,1
1531211648955,1531211648949,11941460,0.00002033,2.00000000,0
1531211651013,1531211651012,11941461,0.00002032,2234.00000000,1
1531211651028,1531211651023,11941462,0.00002032,2919.00000000,0
1531211651041,1531211651035,11941463,0.00002033,3030.00000000,0
1531211651255,1531211651251,11941464,0.00002033,2.00000000,1
1531211651255,1531211651251,11941465,0.00002032,2232.00000000,1
1531211653958,1531211653954,11941466,0.00002032,1223.00000000,1
1531211656806,1531211656801,11941467,0.00002032,1222.00000000,1
1531211659724,1531211659720,11941468,0.00002032,1221.00000000,1
1531211661096,1531211661091,11941469,0.00002033,1093.00000000,0
1531211663696,1531211663689,11941470,0.00002034,10.00000000,0
1531211667836,1531211667831,11941471,0.00002032,100.00000000,1
1531211667919,1531211667914,11941472,0.00002032,1121.00000000,1
1531211669881,1531211669876,11941473,0.00002032,6093.00000000,1
1531211671208,1531211671204,11941474,0.00002032,5050.00000000,0
1531211671218,1531211671213,11941475,0.00002033,3374.00000000,0
1531211671234,1531211671230,11941476,0.00002033,4354.00000000,0
1531211675387,1531211675383,11941477,0.00002032,14.00000000,1
1531211678303,1531211678302,11941478,0.00002032,1207.00000000,1
1531211678320,1531211678315,11941479,0.00002032,13076.00000000,0
1531211678328,1531211678324,11941480,0.00002033,3437.00000000,0
1531211678342,1531211678337,11941481,0.00002033,7288.00000000,0
1531211692888,1531211692883,11941482,0.00002032,1674.00000000,1
1531211692916,1531211692912,11941483,0.00002033,752.00000000,0
1531211692935,1531211692932,11941484,0.00002033,931.00000000,0
1531211695672,1531211695668,11941485,0.00002034,3.00000000,0
1531211706797,1531211706793,11941486,0.00002032,109.00000000,1
1531211706932,1531211706927,11941487,0.00002032,1.00000000,1
1531211707853,1531211707849,11941488,0.00002033,655.00000000,0
1531211708879,1531211708874,11941489,0.00002032,3004.00000000,1
1531211709010,1531211709006,11941490,0.00002033,141.00000000,0
1531211709880,1531211709874,11941491,0.00002033,655.00000000,1
1531211716871,1531211716866,11941492,0.00002033,143.00000000,0
1531211716871,1531211716866,11941493,0.00002034,34.00000000,0
1531211721635,1531211721630,11941494,0.00002033,597.00000000,0
1531211722394,1531211722390,11941495,0.00002033,209.00000000,0
1531211724891,1531211724886,11941496,0.00002033,746.00000000,0
1531211725754,1531211725750,11941497,0.00002033,826.00000000,1
1531211742005,1531211742000,11941498,0.00002033,53.00000000,0
1531211753338,1531211753335,11941499,0.00002033,16208.00000000,0
1531211763101,1531211763095,11941500,0.00002033,1.00000000,0
1531211775557,1531211775553,11941501,0.00002033,74.00000000,0
1531211776638,1531211776633,11941502,0.00002033,605.00000000,0
1531211777276,1531211777273,11941503,0.00002033,1.00000000,0
1531211785430,1531211785426,11941504,0.00002032,303.00000000,1
1531211808281,1531211808274,11941505,0.00002032,21.00000000,1
1531211824430,1531211824427,11941506,0.00002032,1951.00000000,1
1531211834025,1531211834021,11941507,0.00002032,533.00000000,1
1531211842881,1531211842876,11941508,0.00002032,980.00000000,1
1531211849706,1531211849703,11941509,0.00002032,2648.00000000,1
1531211849908,1531211849904,11941510,0.00002032,1462.00000000,1
1531211853566,1531211853562,11941511,0.00002032,2222.00000000,0
1531211854572,1531211854568,11941512,0.00002032,3623.00000000,0
1531211854902,1531211854896,11941513,0.00002032,1806.00000000,1
1531211856181,1531211856176,11941514,0.00002033,6.00000000,0
1531211861746,1531211861742,11941515,0.00002032,597.00000000,0
1531211880781,1531211880778,11941516,0.00002031,131.00000000,1
1531211885300,1531211885294,11941517,0.00002032,4.00000000,0
1531211894535,1531211894530,11941518,0.00002031,127.00000000,1
1531211908200,1531211908194,11941519,0.00002032,608.00000000,0
1531211921118,1531211921114,11941520,0.00002032,597.00000000,0
1531211924025,1531211924020,11941521,0.00002031,77.00000000,1
1531211934835,1531211934832,11941522,0.00002031,38388.00000000,1
1531211936098,1531211936095,11941523,0.00002032,5.00000000,0
1531211941743,1531211941738,11941524,0.00002032,1.00000000,0
1531211945383,1531211945377,11941525,0.00002031,16818.00000000,1
1531211946313,1531211946308,11941526,0.00002030,291.00000000,1
1531211946361,1531211946357,11941527,0.00002030,243.00000000,1
1531211946547,1531211946543,11941528,0.00002031,294.00000000,1
1531211946568,1531211946563,11941529,0.00002032,276.00000000,0
1531211946725,1531211946721,11941530,0.00002031,294.00000000,1
1531211946725,1531211946721,11941531,0.00002031,107.00000000,1
1531211946754,1531211946750,11941532,0.00002031,1077.00000000,1
1531211946761,1531211946757,11941533,0.00002030,122.00000000,1
1531211946802,1531211946797,11941534,0.00002030,136.00000000,1
1531211946928,1531211946923,11941535,0.00002030,145.00000000,1
1531211947517,1531211947513,11941536,0.00002030,294.00000000,1
1531211947543,1531211947537,11941537,0.00002030,465.00000000,1
1531211947880,1531211947875,11941538,0.00002031,97.00000000,1
1531211947904,1531211947899,11941539,0.00002031,1674.00000000,1
1531211947920,1531211947915,11941540,0.00002030,243.00000000,1
1531211948046,1531211948042,11941541,0.00002030,156.00000000,1
1531211948114,1531211948109,11941542,0.00002030,156.00000000,1
1531211948212,1531211948208,11941543,0.00002030,291.00000000,1
1531211948252,1531211948247,11941544,0.00002030,230.00000000,1
1531211948427,1531211948424,11941545,0.00002032,2.00000000,0
1531211948498,1531211948497,11941546,0.00002030,111.00000000,1
1531211948671,1531211948667,11941547,0.00002032,52.00000000,0
1531211948997,1531211948991,11941548,0.00002030,9.00000000,1
1531211949284,1531211949280,11941549,0.00002030,279.00000000,1
1531211949343,1531211949337,11941550,0.00002030,156.00000000,1
1531211950702,1531211950698,11941551,0.00002030,121.00000000,1
1531211950783,1531211950783,11941552,0.00002030,72.00000000,1
1531211951693,1531211951690,11941553,0.00002032,1.00000000,0
1531211951847,1531211951847,11941554,0.00002030,291.00000000,1
1531211958221,1531211958218,11941555,0.00002031,13043.00000000,1
1531211965674,1531211965670,11941556,0.00002030,3000.00000000,1
1531211966900,1531211966895,11941557,0.00002031,256.00000000,0
1531211966954,1531211966950,11941558,0.00002031,511.00000000,0
1531211971135,1531211971130,11941559,0.00002031,43338.00000000,0
1531211971157,1531211971153,11941560,0.00002031,34462.00000000,0
1531211983453,1531211983449,11941561,0.00002031,200.00000000,1
1531211990993,1531211990989,11941562,0.00002031,1406.00000000,1
1531212003434,1531212003430,11941563,0.00002031,99.00000000,1
1531212003916,1531212003911,11941564,0.00002032,1634.00000000,0
1531212004361,1531212004357,11941565,0.00002032,10201.00000000,0
1531212004389,1531212004383,11941566,0.00002032,32006.00000000,0
1531212012589,1531212012588,11941567,0.00002032,2149.00000000,0
1531212012622,1531212012618,11941568,0.00002032,1708.00000000,0
1531212014342,1531212014336,11941569,0.00002032,1099.00000000,0
1531212018529,1531212018524,11941570,0.00002032,2425.00000000,0
1531212023748,1531212023744,11941571,0.00002032,66.00000000,0
1531212023761,1531212023757,11941572,0.00002032,1772.00000000,0
1531212024188,1531212024183,11941573,0.00002032,56.00000000,0
1531212025690,1531212025685,11941574,0.00002032,4872.00000000,0
1531212027113,1531212027108,11941575,0.00002032,185.00000000,0
1531212029003,1531212028998,11941576,0.00002032,119.00000000,0
1531212030483,1531212030480,11941577,0.00002032,22.00000000,0
1531212039454,1531212039450,11941578,0.00002032,80.00000000,0
1531212041643,1531212041637,11941579,0.00002032,1.00000000,0
1531212042862,1531212042857,11941580,0.00002032,1332.00000000,0
1531212044154,1531212044149,11941581,0.00002031,2919.00000000,1
1531212049429,1531212049424,11941582,0.00002032,1.00000000,0
1531212062359,1531212062355,11941583,0.00002032,150.00000000,0
1531212064727,1531212064723,11941584,0.00002032,597.00000000,0
1531212067235,1531212067231,11941585,0.00002032,3339.00000000,0
1531212074778,1531212074773,11941586,0.00002032,3543.00000000,0
1531212075786,1531212075782,11941587,0.00002032,290.00000000,0
1531212075958,1531212075953,11941588,0.00002032,597.00000000,0
1531212076127,1531212076122,11941589,0.00002032,1403.00000000,0
1531212078317,1531212078313,11941590,0.00002032,108.00000000,0
1531212082536,1531212082532,11941591,0.00002032,492.00000000,0
1531212091079,1531212091073,11941592,0.00002032,4872.00000000,0
1531212092135,1531212092130,11941593,0.00002032,3547.00000000,0
1531212092157,1531212092152,11941594,0.00002032,2751.00000000,0
1531212093317,1531212093313,11941595,0.00002032,5975.00000000,0
1531212093470,1531212093466,11941596,0.00002032,5975.00000000,0
1531212093596,1531212093591,11941597,0.00002032,4581.00000000,0
1531212095681,1531212095676,11941598,0.00002035,14.00000000,0
1531212095803,1531212095798,11941599,0.00002035,18.00000000,0
1531212095888,1531212095883,11941600,0.00002035,11.00000000,0
1531212100165,1531212100161,11941601,0.00002035,1.00000000,0
1531212105182,1531212105178,11941602,0.00002034,4358.00000000,0
1531212119719,1531212119713,11941603,0.00002032,11997.00000000,0
1531212119732,1531212119728,11941604,0.00002034,289.00000000,0
1531212119747,1531212119744,11941605,0.00002034,8449.00000000,0
1531212133729,1531212133724,11941606,0.00002031,3.00000000,1
1531212137996,1531212137992,11941607,0.00002033,2.00000000,0
1531212138455,1531212138450,11941608,0.00002033,2639.00000000,0
1531212138953,1531212138949,11941609,0.00002033,2.00000000,1
1531212138953,1531212138949,11941610,0.00002031,101777.00000000,1
1531212144299,1531212144294,11941611,0.00002033,2316.00000000,0
1531212162268,1531212162266,11941612,0.00002032,3707.00000000,0
1531212162558,1531212162553,11941613,0.00002032,3431.00000000,0
1531212172337,1531212172333,11941614,0.00002032,597.00000000,0
1531212172427,1531212172423,11941615,0.00002032,566.00000000,0
1531212172820,1531212172814,11941616,0.00002032,8491.00000000,0
1531212175872,1531212175867,11941617,0.00002031,23557.00000000,1
1531212175893,1531212175889,11941618,0.00002032,1.00000000,0
1531212182512,1531212182509,11941619,0.00002033,700.00000000,0
1531212191614,1531212191608,11941620,0.00002032,1911.00000000,1
1531212191640,1531212191635,11941621,0.00002032,9654.00000000,1
1531212197209,1531212197204,11941622,0.00002033,3.00000000,0
1531212203000,1531212202996,11941623,0.00002033,597.00000000,0
1531212208481,1531212208480,11941624,0.00002032,425.00000000,1
1531212223489,1531212223485,11941625,0.00002032,4.00000000,1
1531212257133,1531212257127,11941626,0.00002032,208.00000000,1
1531212285134,1531212285128,11941627,0.00002032,334.00000000,0
1531212307993,1531212307989,11941628,0.00002032,493.00000000,0
1531212336400,1531212336396,11941629,0.00002032,2.00000000,0
1531212339028,1531212339023,11941630,0.00002032,1185.00000000,0
1531212340829,1531212340823,11941631,0.00002032,103.00000000,1
1531212351518,1531212351513,11941632,0.00002032,1008.00000000,0
1531212353037,1531212353032,11941633,0.00002032,1111.00000000,1
1531212353348,1531212353343,11941634,0.00002033,458.00000000,0
1531212354511,1531212354507,11941635,0.00002033,1.00000000,0
1531212355862,1531212355859,11941636,0.00002031,4000.00000000,1
1531212356359,1531212356355,11941637,0.00002033,1.00000000,0
1531212356580,1531212356575,11941638,0.00002032,1111.00000000,1
1531212359280,1531212359274,11941639,0.00002032,15266.00000000,1
1531212359303,1531212359298,11941640,0.00002032,8246.00000000,1
1531212359321,1531212359316,11941641,0.00002032,7542.00000000,1
1531212359990,1531212359987,11941642,0.00002032,1.00000000,0
1531212361887,1531212361882,11941643,0.00002032,827.00000000,0
1531212367536,1531212367530,11941644,0.00002032,207.00000000,0
1531212375782,1531212375777,11941645,0.00002032,10401.00000000,1
1531212375862,1531212375858,11941646,0.00002032,597.00000000,0
1531212375885,1531212375881,11941647,0.00002032,3734.00000000,0
1531212376027,1531212376023,11941648,0.00002032,1590.00000000,0
1531212376038,1531212376034,11941649,0.00002032,8430.00000000,0
1531212378966,1531212378961,11941650,0.00002032,1590.00000000,1
1531212388743,1531212388737,11941651,0.00002032,597.00000000,0
1531212401568,1531212401560,11941652,0.00002032,2.00000000,0
1531212401921,1531212401915,11941653,0.00002032,598.00000000,0
1531212404815,1531212404809,11941654,0.00002031,4.00000000,1
1531212408506,1531212408505,11941655,0.00002032,227.00000000,0
1531212409678,1531212409674,11941656,0.00002032,597.00000000,0
1531212409684,1531212409680,11941657,0.00002032,839.00000000,0
1531212412709,1531212412703,11941658,0.00002032,597.00000000,1
1531212412902,1531212412899,11941659,0.00002032,597.00000000,0
1531212415896,1531212415896,11941660,0.00002032,1681.00000000,0
1531212416524,1531212416518,11941661,0.00002032,2681.00000000,0
1531212416524,1531212416518,11941662,0.00002033,808.00000000,0
1531212420957,1531212420953,11941663,0.00002033,2385.00000000,0
1531212428745,1531212428740,11941664,0.00002032,598.00000000,1
1531212429750,1531212429746,11941665,0.00002031,11842.00000000,1
1531212435738,1531212435733,11941666,0.00002032,906.00000000,1
1531212439763,1531212439760,11941667,0.00002033,1.00000000,0
1531212441740,1531212441735,11941668,0.00002032,609.00000000,1
1531212451265,1531212451260,11941669,0.00002033,190.00000000,0
1531212451415,1531212451410,11941670,0.00002033,2318.00000000,0
1531212453528,1531212453523,11941671,0.00002032,819.00000000,1
1531212453543,1531212453538,11941672,0.00002032,360.00000000,0
1531212453551,1531212453545,11941673,0.00002032,819.00000000,1
1531212456272,1531212456267,11941674,0.00002032,1387.00000000,1
1531212459214,1531212459210,11941675,0.00002032,1735.00000000,0
1531212459995,1531212459989,11941676,0.00002031,2000.00000000,1
1531212460288,1531212460284,11941677,0.00002031,9185.00000000,1
1531212462128,1531212462125,11941678,0.00002031,6787.00000000,1
1531212462574,1531212462571,11941679,0.00002031,3047.00000000,1
1531212464197,1531212464191,11941680,0.00002032,938.00000000,0
1531212465297,1531212465291,11941681,0.00002031,4856.00000000,1
1531212498159,1531212498155,11941682,0.00002032,5.00000000,0
1531212500121,1531212500117,11941683,0.00002032,2.00000000,0
1531212504500,1531212504496,11941684,0.00002032,5.00000000,0
1531212527324,1531212527320,11941685,0.00002031,4.00000000,1
1531212528203,1531212528201,11941686,0.00002032,200.00000000,0
1531212546380,1531212546376,11941687,0.00002031,500.00000000,1
1531212550363,1531212550358,11941688,0.00002031,17552.00000000,1
1531212577788,1531212577783,11941689,0.00002031,1750.00000000,1
1531212598227,1531212598222,11941690,0.00002031,495.00000000,1
1531212599217,1531212599212,11941691,0.00002031,1850.00000000,1
1531212608551,1531212608545,11941692,0.00002031,7053.00000000,1
1531212625003,1531212624997,11941693,0.00002031,4444.00000000,1
1531212635839,1531212635835,11941694,0.00002031,141.00000000,1
1531212642213,1531212642209,11941695,0.00002031,2712.00000000,1
1531212642213,1531212642209,11941696,0.00002030,243593.00000000,1
1531212643040,1531212643035,11941697,0.00002030,17236.00000000,1
1531212643101,1531212643096,11941698,0.00002030,1970.00000000,0
1531212643231,1531212643226,11941699,0.00002030,1970.00000000,0
1531212643232,1531212643228,11941700,0.00002030,511.00000000,0
1531212643348,1531212643345,11941701,0.00002030,1970.00000000,0
1531212643737,1531212643732,11941702,0.00002029,1120.00000000,1
1531212644257,1531212644251,11941703,0.00002029,291.00000000,1
1531212644259,1531212644254,11941704,0.00002029,122.00000000,1
1531212644289,1531212644284,11941705,0.00002029,1176.00000000,1
1531212644289,1531212644284,11941706,0.00002028,2377.00000000,1
1531212644990,1531212644984,11941707,0.00002028,296.00000000,1
1531212645333,1531212645329,11941708,0.00002030,1691.00000000,0
1531212645380,1531212645376,11941709,0.00002028,122.00000000,1
1531212645403,1531212645399,11941710,0.00002028,6584.00000000,1
1531212645502,1531212645498,11941711,0.00002027,112.00000000,1
1531212645511,1531212645505,11941712,0.00002027,291.00000000,1
1531212646200,1531212646195,11941713,0.00002030,98.00000000,0
1531212646272,1531212646267,11941714,0.00002030,220.00000000,1
1531212646570,1531212646567,11941715,0.00002030,161.00000000,1
1531212646739,1531212646735,11941716,0.00002030,153.00000000,1
1531212649599,1531212649596,11941717,0.00002029,98.00000000,1
1531212649599,1531212649596,11941718,0.00002028,1502.00000000,1
1531212653690,1531212653686,11941719,0.00002029,725.00000000,1
1531212656786,1531212656781,11941720,0.00002029,711.00000000,1
1531212656812,1531212656808,11941721,0.00002029,725.00000000,0
1531212660570,1531212660566,11941722,0.00002028,9.00000000,1
1531212663289,1531212663281,11941723,0.00002028,1493.00000000,1
1531212663289,1531212663281,11941724,0.00002027,25000.00000000,1
1531212663289,1531212663281,11941725,0.00002026,11582.00000000,1
1531212663289,1531212663281,11941726,0.00002025,28265.00000000,1
1531212663303,1531212663298,11941727,0.00002025,50555.00000000,0
1531212665594,1531212665589,11941728,0.00002027,7.00000000,1
1531212665664,1531212665659,11941729,0.00002027,7.00000000,1
1531212667166,1531212667161,11941730,0.00002029,267.00000000,0
1531212667565,1531212667560,11941731,0.00002027,59.00000000,1
1531212667778,1531212667773,11941732,0.00002027,4884.00000000,1
1531212670686,1531212670681,11941733,0.00002029,55.00000000,0
1531212671050,1531212671044,11941734,0.00002028,1112.00000000,0
1531212679045,1531212679042,11941735,0.00002029,239.00000000,0
1531212692181,1531212692176,11941736,0.00002029,2435.00000000,1
1531212692193,1531212692189,11941737,0.00002029,282.00000000,0
1531212692202,1531212692198,11941738,0.00002029,1089.00000000,1
1531212692218,1531212692213,11941739,0.00002029,1346.00000000,1
1531212698459,1531212698455,11941740,0.00002028,50.00000000,1
1531212698774,1531212698772,11941741,0.00002030,1.00000000,0
1531212698818,1531212698814,11941742,0.00002028,50.00000000,1
1531212699366,1531212699362,11941743,0.00002028,424.00000000,1
1531212699478,1531212699473,11941744,0.00002028,50.00000000,1
1531212699703,1531212699700,11941745,0.00002028,100.00000000,1
1531212699754,1531212699750,11941746,0.00002028,446.00000000,1
1531212707998,1531212707993,11941747,0.00002029,1754.00000000,0
1531212708014,1531212708010,11941748,0.00002028,1174.00000000,1
1531212708034,1531212708030,11941749,0.00002028,1310.00000000,1
1531212718570,1531212718566,11941750,0.00002028,50.00000000,1
1531212720096,1531212720092,11941751,0.00002028,91.00000000,1
1531212720755,1531212720751,11941752,0.00002028,50.00000000,0
1531212720864,1531212720861,11941753,0.00002030,50.00000000,0
1531212722326,1531212722320,11941754,0.00002030,23.00000000,0
1531212722326,1531212722320,11941755,0.00002031,27.00000000,0
1531212724272,1531212724269,11941756,0.00002029,55.00000000,1
1531212724592,1531212724588,11941757,0.00002029,99.00000000,1
1531212725944,1531212725939,11941758,0.00002029,1580.00000000,1
1531212725956,1531212725951,11941759,0.00002029,376.00000000,0
1531212725970,1531212725966,11941760,0.00002029,479.00000000,1
1531212725993,1531212725989,11941761,0.00002029,1101.00000000,1
1531212727120,1531212727115,11941762,0.00002029,154.00000000,0
1531212733389,1531212733385,11941763,0.00002030,110.00000000,0
1531212737519,1531212737514,11941764,0.00002029,1013.00000000,1
1531212738719,1531212738714,11941765,0.00002029,988.00000000,1
1531212767891,1531212767887,11941766,0.00002030,500.00000000,1
1531212767891,1531212767887,11941767,0.00002029,3043.00000000,1
1531212767891,1531212767887,11941768,0.00002027,56225.00000000,1
1531212773260,1531212773256,11941769,0.00002029,978.00000000,0
1531212773272,1531212773267,11941770,0.00002028,1144.00000000,1
1531212773295,1531212773290,11941771,0.00002028,627.00000000,1
1531212778631,1531212778625,11941772,0.00002029,809.00000000,0
1531212778642,1531212778636,11941773,0.00002028,810.00000000,1
1531212793400,1531212793396,11941774,0.00002030,1665.00000000,0
1531212794757,1531212794753,11941775,0.00002030,1412.00000000,0
1531212798618,1531212798614,11941776,0.00002030,10614.00000000,0
1531212798637,1531212798633,11941777,0.00002030,276.00000000,1
1531212798637,1531212798633,11941778,0.00002029,9374.00000000,1
1531212799944,1531212799943,11941779,0.00002032,13.00000000,0
1531212800137,1531212800133,11941780,0.00002032,10.00000000,0
1531212800205,1531212800200,11941781,0.00002032,41.00000000,0
1531212800247,1531212800245,11941782,0.00002032,72.00000000,0
1531212800311,1531212800306,11941783,0.00002032,36.00000000,0
1531212800340,1531212800336,11941784,0.00002032,17.00000000,0
1531212800419,1531212800415,11941785,0.00002032,18.00000000,0
1531212800708,1531212800702,11941786,0.00002032,17.00000000,0
1531212800750,1531212800746,11941787,0.00002032,29.00000000,0
1531212800750,1531212800746,11941788,0.00002033,104.00000000,0
1531212800800,1531212800796,11941789,0.00002033,77.00000000,0
1531212800986,1531212800983,11941790,0.00002033,26.00000000,0
1531212801081,1531212801076,11941791,0.00002033,13.00000000,0
1531212801153,1531212801149,11941792,0.00002033,11.00000000,0
1531212801296,1531212801292,11941793,0.00002033,37.00000000,0
1531212801360,1531212801355,11941794,0.00002033,53.00000000,0
1531212801448,1531212801444,11941795,0.00002033,72.00000000,0
1531212801551,1531212801544,11941796,0.00002033,121.00000000,0
1531212803318,1531212803313,11941797,0.00002033,9536.00000000,0
1531212804310,1531212804306,11941798,0.00002034,2973.00000000,0
1531212805505,1531212805500,11941799,0.00002034,74.00000000,0
1531212806710,1531212806705,11941800,0.00002033,15886.00000000,0
1531212806729,1531212806724,11941801,0.00002032,7156.00000000,1
1531212807573,1531212807569,11941802,0.00002034,75.00000000,0
1531212807759,1531212807756,11941803,0.00002034,51.00000000,1
1531212809736,1531212809730,11941804,0.00002034,19.00000000,0
1531212809887,1531212809882,11941805,0.00002034,31.00000000,0
1531212809887,1531212809882,11941806,0.00002035,37.00000000,0
1531212810242,1531212810237,11941807,0.00002035,72.00000000,0
1531212810247,1531212810243,11941808,0.00002035,35.00000000,0
1531212810399,1531212810396,11941809,0.00002035,57.00000000,0
1531212810736,1531212810732,11941810,0.00002035,17.00000000,0
1531212812781,1531212812776,11941811,0.00002034,4656.00000000,0
1531212815415,1531212815411,11941812,0.00002033,1237.00000000,1
1531212819039,1531212819036,11941813,0.00002033,16003.00000000,1
1531212819064,1531212819059,11941814,0.00002033,17034.00000000,1
1531212822263,1531212822260,11941815,0.00002033,35.00000000,0
1531212822335,1531212822331,11941816,0.00002033,23.00000000,0
1531212822807,1531212822801,11941817,0.00002033,1090.00000000,0
1531212826213,1531212826207,11941818,0.00002033,2.00000000,0
1531212827910,1531212827904,11941819,0.00002033,87.00000000,0
1531212840000,1531212839996,11941820,0.00002034,25576.00000000,0
1531212840017,1531212840013,11941821,0.00002033,20299.00000000,1
1531212850582,1531212850577,11941822,0.00002032,19921.00000000,1
1531212864915,1531212864910,11941823,0.00002032,14916.00000000,1
1531212875047,1531212875043,11941824,0.00002031,2.00000000,1
1531212875324,1531212875320,11941825,0.00002032,23.00000000,0
1531212883063,1531212883058,11941826,0.00002032,149.00000000,0
1531212883719,1531212883714,11941827,0.00002032,165.00000000,0
1531212906703,1531212906698,11941828,0.00002032,1174.00000000,0
1531212907794,1531212907790,11941829,0.00002033,50.00000000,1
1531212916775,1531212916769,11941830,0.00002033,1627.00000000,1
1531212923781,1531212923777,11941831,0.00002033,466.00000000,1
1531212931191,1531212931187,11941832,0.00002032,160.00000000,1
1531212931207,1531212931203,11941833,0.00002032,972.00000000,1
1531212942097,1531212942093,11941834,0.00002032,1231.00000000,1
1531212942121,1531212942117,11941835,0.00002032,310.00000000,1
1531212950005,1531212950000,11941836,0.00002034,1.00000000,0
1531212953283,1531212953277,11941837,0.00002033,147.00000000,1
1531212953283,1531212953277,11941838,0.00002032,1061.00000000,1
1531212954227,1531212954222,11941839,0.00002031,199.00000000,1
1531212954639,1531212954634,11941840,0.00002032,234.00000000,0
1531212954639,1531212954634,11941841,0.00002034,3208.00000000,0
1531212954639,1531212954634,11941842,0.00002035,24894.00000000,0
1531212954784,1531212954781,11941843,0.00002035,11839.00000000,1
1531212964913,1531212964893,11941844,0.00002032,544.00000000,1
1531212964925,1531212964920,11941845,0.00002032,439.00000000,1
1531212967365,1531212967362,11941846,0.00002035,492.00000000,0
1531212967649,1531212967645,11941847,0.00002035,819.00000000,1
1531212967791,1531212967787,11941848,0.00002035,78.00000000,1
1531212970765,1531212970760,11941849,0.00002034,1526.00000000,0
1531212970779,1531212970774,11941850,0.00002032,1272.00000000,1
1531212978267,1531212978263,11941851,0.00002035,3.00000000,0
1531212979369,1531212979365,11941852,0.00002034,835.00000000,0
1531212979383,1531212979378,11941853,0.00002033,329.00000000,1
1531212981432,1531212981428,11941854,0.00002033,225.00000000,1
1531212985683,1531212985679,11941855,0.00002033,1.00000000,1
1531212986265,1531212986256,11941856,0.00002033,8.00000000,0
1531212992361,1531212992358,11941857,0.00002032,98.00000000,1
1531212992378,1531212992374,11941858,0.00002032,172.00000000,0
1531212992391,1531212992385,11941859,0.00002033,217.00000000,0
1531213002802,1531213002797,11941860,0.00002034,956.00000000,1
1531213006352,1531213006348,11941861,0.00002033,9.00000000,1
1531213014465,1531213014460,11941862,0.00002033,217.00000000,0
1531213020794,1531213020790,11941863,0.00002034,1121.00000000,1
1531213021832,1531213021827,11941864,0.00002035,25420.00000000,0
1531213022873,1531213022866,11941865,0.00002035,4743.00000000,1
1531213022902,1531213022896,11941866,0.00002035,12837.00000000,1
1531213024629,1531213024623,11941867,0.00002033,9.00000000,1
1531213038832,1531213038828,11941868,0.00002032,100.00000000,1
1531213040954,1531213040949,11941869,0.00002033,217.00000000,0
1531213049896,1531213049891,11941870,0.00002032,1199.00000000,1
1531213049896,1531213049891,11941871,0.00002031,3448.00000000,1
1531213049950,1531213049946,11941872,0.00002031,1925.00000000,0
1531213049957,1531213049953,11941873,0.00002031,598.00000000,0
1531213049966,1531213049964,11941874,0.00002031,2003.00000000,0
1531213050611,1531213050605,11941875,0.00002031,827.00000000,0
1531213055246,1531213055243,11941876,0.00002035,15.00000000,0
1531213055257,1531213055252,11941877,0.00002035,9.00000000,0
1531213058567,1531213058562,11941878,0.00002033,490.00000000,0
1531213058589,1531213058585,11941879,0.00002032,356.00000000,1
1531213059809,1531213059804,11941880,0.00002032,1085.00000000,0
1531213075150,1531213075147,11941881,0.00002031,4739.00000000,1
1531213075150,1531213075147,11941882,0.00002030,256.00000000,1
1531213105448,1531213105442,11941883,0.00002032,2975.00000000,0
1531213107627,1531213107623,11941884,0.00002032,2.00000000,0
1531213112728,1531213112722,11941885,0.00002032,1.00000000,0
1531213120721,1531213120717,11941886,0.00002032,1.00000000,0
1531213138044,1531213138039,11941887,0.00002032,5364.00000000,0
1531213140808,1531213140802,11941888,0.00002033,1013.00000000,1
1531213158864,1531213158861,11941889,0.00002033,1968.00000000,1
1531213161758,1531213161754,11941890,0.00002035,16.00000000,0
1531213161815,1531213161810,11941891,0.00002033,4207.00000000,1
1531213161844,1531213161839,11941892,0.00002032,200.00000000,1
1531213173984,1531213173979,11941893,0.00002032,4882.00000000,1
1531213207426,1531213207422,11941894,0.00002033,5123.00000000,1
1531213207443,1531213207438,11941895,0.00002033,5430.00000000,0
1531213207452,1531213207448,11941896,0.00002033,5123.00000000,1
1531213209549,1531213209544,11941897,0.00002032,680.00000000,1
1531213209549,1531213209544,11941898,0.00002030,57.00000000,1
1531213213572,1531213213568,11941899,0.00002034,57.00000000,0
1531213213822,1531213213817,11941900,0.00002034,276.00000000,1
1531213217365,1531213217359,11941901,0.00002031,2134.00000000,1
1531213217384,1531213217380,11941902,0.00002031,5606.00000000,1
1531213223842,1531213223836,11941903,0.00002033,113.00000000,1
1531213224223,1531213224218,11941904,0.00002030,98.00000000,1
1531213224223,1531213224218,11941905,0.00002029,420.00000000,1
1531213224251,1531213224247,11941906,0.00002029,127.00000000,0
1531213224284,1531213224278,11941907,0.00002029,76.00000000,0
1531213224286,1531213224280,11941908,0.00002029,791.00000000,0
1531213224330,1531213224324,11941909,0.00002029,148.00000000,0
1531213224803,1531213224797,11941910,0.00002029,481.00000000,0
1531213232794,1531213232790,11941911,0.00002032,3261.00000000,0
1531213232813,1531213232809,11941912,0.00002030,2091.00000000,1
1531213237848,1531213237845,11941913,0.00002034,5.00000000,0
1531213246051,1531213246047,11941914,0.00002032,4591.00000000,1
1531213247395,1531213247392,11941915,0.00002034,1.00000000,0
1531213254143,1531213254138,11941916,0.00002034,92.00000000,0
1531213254464,1531213254458,11941917,0.00002034,2.00000000,1
1531213254808,1531213254804,11941918,0.00002034,411.00000000,1
1531213265821,1531213265816,11941919,0.00002034,1759.00000000,1
1531213271443,1531213271437,11941920,0.00002032,2600.00000000,1
1531213271465,1531213271461,11941921,0.00002032,3906.00000000,1
1531213278882,1531213278876,11941922,0.00002033,1267.00000000,0
1531213278900,1531213278895,11941923,0.00002032,617.00000000,1
1531213278922,1531213278918,11941924,0.00002032,813.00000000,1
1531213292578,1531213292574,11941925,0.00002032,1883.00000000,1
1531213299613,1531213299608,11941926,0.00002032,1505.00000000,1
1531213313827,1531213313823,11941927,0.00002033,2688.00000000,0
1531213313839,1531213313834,11941928,0.00002032,1842.00000000,1
1531213320868,1531213320864,11941929,0.00002032,2369.00000000,1
1531213327841,1531213327836,11941930,0.00002033,4067.00000000,1
1531213334860,1531213334852,11941931,0.00002031,873.00000000,1
1531213334860,1531213334852,11941932,0.00002028,4726.00000000,1
1531213334860,1531213334852,11941933,0.00002027,493.00000000,1
1531213334860,1531213334852,11941934,0.00002026,818.00000000,1
1531213336638,1531213336634,11941935,0.00002030,76.00000000,0
1531213337843,1531213337838,11941936,0.00002031,609.00000000,0
1531213338851,1531213338847,11941937,0.00002031,123.00000000,0
1531213340610,1531213340607,11941938,0.00002030,4738.00000000,1
1531213340647,1531213340640,11941939,0.00002030,1056.00000000,0
1531213343573,1531213343567,11941940,0.00002030,9830.00000000,0
1531213343669,1531213343665,11941941,0.00002030,5805.00000000,0
1531213344853,1531213344847,11941942,0.00002030,3323.00000000,0
1531213350143,1531213350140,11941943,0.00002031,5.00000000,0
1531213360529,1531213360523,11941944,0.00002030,457.00000000,0
1531213370743,1531213370740,11941945,0.00002031,292.00000000,0
1531213370771,1531213370768,11941946,0.00002032,147.00000000,0
1531213373155,1531213373150,11941947,0.00002034,739.00000000,0
1531213376340,1531213376335,11941948,0.00002034,1.00000000,0
1531213379330,1531213379326,11941949,0.00002034,543.00000000,0
1531213387151,1531213387147,11941950,0.00002032,2187.00000000,1
1531213387221,1531213387216,11941951,0.00002032,493.00000000,1
1531213390610,1531213390605,11941952,0.00002032,1380.00000000,1
1531213393348,1531213393343,11941953,0.00002031,2.00000000,1
1531213394239,1531213394235,11941954,0.00002031,1482.00000000,1
1531213394256,1531213394251,11941955,0.00002031,246.00000000,0
1531213394275,1531213394270,11941956,0.00002032,1283.00000000,0
1531213401871,1531213401867,11941957,0.00002033,3860.00000000,1
1531213404485,1531213404480,11941958,0.00002032,1380.00000000,1
1531213413103,1531213413098,11941959,0.00002032,736.00000000,0
1531213416834,1531213416828,11941960,0.00002032,8.00000000,0
1531213417823,1531213417819,11941961,0.00002031,1235.00000000,1
1531213417851,1531213417846,11941962,0.00002032,539.00000000,0
1531213419204,1531213419198,11941963,0.00002032,599.00000000,1
1531213429885,1531213429881,11941964,0.00002033,2103.00000000,1
1531213432080,1531213432075,11941965,0.00002032,1525.00000000,1
1531213432080,1531213432075,11941966,0.00002029,25000.00000000,1
1531213432080,1531213432075,11941967,0.00002028,1218.00000000,1
1531213432080,1531213432075,11941968,0.00002027,17110.00000000,1
1531213434188,1531213434183,11941969,0.00002031,343.00000000,0
1531213440463,1531213440460,11941970,0.00002030,1771.00000000,1
1531213440463,1531213440460,11941971,0.00002027,229.00000000,1
1531213442003,1531213441998,11941972,0.00002030,407.00000000,0
1531213442132,1531213442128,11941973,0.00002030,1075.00000000,0
1531213454053,1531213454048,11941974,0.00002030,583.00000000,0
1531213458240,1531213458235,11941975,0.00002031,32.00000000,0
1531213464032,1531213464027,11941976,0.00002029,50.00000000,1
1531213464824,1531213464819,11941977,0.00002029,683.00000000,1
1531213464842,1531213464837,11941978,0.00002029,939.00000000,1
1531213464888,1531213464883,11941979,0.00002029,50.00000000,0
1531213473561,1531213473558,11941980,0.00002031,260.00000000,0
1531213475616,1531213475610,11941981,0.00002033,6.00000000,0
1531213500095,1531213500090,11941982,0.00002031,890.00000000,0
1531213510776,1531213510770,11941983,0.00002031,1777.00000000,0
1531213510788,1531213510784,11941984,0.00002033,977.00000000,0
1531213519496,1531213519491,11941985,0.00002031,5.00000000,1
1531213521445,1531213521440,11941986,0.00002033,3.00000000,0
1531213524402,1531213524396,11941987,0.00002032,1130.00000000,1
1531213524411,1531213524405,11941988,0.00002032,1287.00000000,0
1531213524420,1531213524416,11941989,0.00002032,1130.00000000,1
1531213536007,1531213536003,11941990,0.00002031,221.00000000,1
1531213536015,1531213536011,11941991,0.00002031,58962.00000000,0
1531213536034,1531213536029,11941992,0.00002032,6548.00000000,0
1531213536057,1531213536053,11941993,0.00002032,30397.00000000,0
1531213536808,1531213536804,11941994,0.00002029,464.00000000,1
1531213537132,1531213537126,11941995,0.00002033,1.00000000,0
1531213541074,1531213541069,11941996,0.00002030,344.00000000,1
1531213541824,1531213541819,11941997,0.00002030,2593.00000000,1
1531213545388,1531213545383,11941998,0.00002030,15134.00000000,1
1531213548366,1531213548361,11941999,0.00002032,1.00000000,0
1531213557533,1531213557527,11942000,0.00002031,16269.00000000,1
1531213571339,1531213571335,11942001,0.00002031,25729.00000000,1
1531213571359,1531213571355,11942002,0.00002031,29626.00000000,1
1531213575495,1531213575491,11942003,0.00002032,196.00000000,0
1531213575912,1531213575908,11942004,0.00002032,104.00000000,1
1531213576379,1531213576374,11942005,0.00002031,3644.00000000,1
1531213580088,1531213580084,11942006,0.00002032,3087.00000000,0
1531213598821,1531213598817,11942007,0.00002032,9241.00000000,0
1531213598840,1531213598836,11942008,0.00002031,8557.00000000,1
1531213609570,1531213609566,11942009,0.00002032,3750.00000000,0
1531213610301,1531213610298,11942010,0.00002032,3.00000000,0
1531213612607,1531213612602,11942011,0.00002030,64884.00000000,0
1531213612620,1531213612616,11942012,0.00002032,27745.00000000,0
1531213618953,1531213618950,11942013,0.00002032,3753.00000000,1
1531213619114,1531213619108,11942014,0.00002032,6.00000000,0
1531213621895,1531213621892,11942015,0.00002031,23237.00000000,0
1531213623583,1531213623578,11942016,0.00002031,30163.00000000,0
1531213623765,1531213623762,11942017,0.00002032,2.00000000,0
1531213628555,1531213628552,11942018,0.00002032,500.00000000,0
1531213631696,1531213631690,11942019,0.00002031,459.00000000,1
1531213634358,1531213634352,11942020,0.00002031,1590.00000000,1
1531213634391,1531213634386,11942021,0.00002031,10066.00000000,1
1531213637555,1531213637550,11942022,0.00002031,21565.00000000,0
1531213637647,1531213637643,11942023,0.00002032,300.00000000,0
1531213637965,1531213637960,11942024,0.00002030,1696.00000000,0
1531213662496,1531213662491,11942025,0.00002030,1.00000000,0
1531213662496,1531213662491,11942026,0.00002032,4.00000000,0
1531213666199,1531213666194,11942027,0.00002032,5604.00000000,0
1531213672834,1531213672831,11942028,0.00002030,840.00000000,1
1531213673309,1531213673306,11942029,0.00002032,8.00000000,0
1531213679490,1531213679485,11942030,0.00002031,1243.00000000,1
1531213679515,1531213679510,11942031,0.00002031,1096.00000000,1
1531213679528,1531213679523,11942032,0.00002031,598.00000000,1
1531213681096,1531213681090,11942033,0.00002032,3953.00000000,0
1531213681353,1531213681349,11942034,0.00002029,2521.00000000,1
1531213695211,1531213695206,11942035,0.00002031,998.00000000,1
1531213695220,1531213695216,11942036,0.00002031,55.00000000,0
1531213695234,1531213695229,11942037,0.00002031,405.00000000,1
1531213695252,1531213695247,11942038,0.00002031,593.00000000,1
1531213705363,1531213705359,11942039,0.00002030,1219.00000000,1
1531213705380,1531213705375,11942040,0.00002030,389.00000000,1
1531213706496,1531213706492,11942041,0.00002032,1.00000000,0
1531213716415,1531213716411,11942042,0.00002031,3572.00000000,0
1531213716429,1531213716425,11942043,0.00002030,1216.00000000,1
1531213719705,1531213719699,11942044,0.00002032,13.00000000,0
1531213725319,1531213725314,11942045,0.00002031,3983.00000000,0
1531213725328,1531213725324,11942046,0.00002030,1393.00000000,1
1531213729439,1531213729434,11942047,0.00002031,27.00000000,1
1531213731865,1531213731861,11942048,0.00002031,196.00000000,1
1531213732039,1531213732034,11942049,0.00002031,603.00000000,0
1531213739921,1531213739917,11942050,0.00002031,1.00000000,0
1531213741847,1531213741843,11942051,0.00002032,2.00000000,0
1531213742949,1531213742945,11942052,0.00002032,333.00000000,0
1531213745966,1531213745961,11942053,0.00002032,1.00000000,0
1531213750899,1531213750895,11942054,0.00002031,730.00000000,1
1531213750926,1531213750922,11942055,0.00002031,901.00000000,1
1531213750953,1531213750949,11942056,0.00002031,562.00000000,1
1531213760454,1531213760449,11942057,0.00002030,926.00000000,1
1531213764679,1531213764676,11942058,0.00002031,255.00000000,0
1531213764693,1531213764689,11942059,0.00002030,909.00000000,1
1531213764715,1531213764710,11942060,0.00002030,166.00000000,1
1531213773241,1531213773237,11942061,0.00002032,2.00000000,0
1531213774891,1531213774888,11942062,0.00002031,1172.00000000,0
1531213774902,1531213774897,11942063,0.00002030,519.00000000,1
1531213774923,1531213774918,11942064,0.00002030,599.00000000,1
1531213785756,1531213785752,11942065,0.00002030,50.00000000,1
1531213786908,1531213786904,11942066,0.00002031,1093.00000000,1
1531213791046,1531213791041,11942067,0.00002029,2223.00000000,1
1531213792304,1531213792299,11942068,0.00002030,1534.00000000,0
1531213796918,1531213796914,11942069,0.00002030,1.00000000,0
1531213796918,1531213796914,11942070,0.00002032,1.00000000,0
1531213803903,1531213803900,11942071,0.00002031,2384.00000000,1
1531213806345,1531213806340,11942072,0.00002032,3.00000000,0
1531213810243,1531213810239,11942073,0.00002032,24250.00000000,0
1531213815120,1531213815117,11942074,0.00002033,1.00000000,0
1531213817120,1531213817115,11942075,0.00002032,1042.00000000,0
1531213817136,1531213817132,11942076,0.00002031,474.00000000,1
1531213849094,1531213849091,11942077,0.00002033,270.00000000,1
1531213849899,1531213849895,11942078,0.00002033,742.00000000,1
1531213852692,1531213852688,11942079,0.00002032,173.00000000,1
1531213852692,1531213852688,11942080,0.00002031,277.00000000,1
1531213853601,1531213853597,11942081,0.00002034,6.00000000,0
1531213859534,1531213859528,11942082,0.00002033,1143.00000000,0
1531213859546,1531213859542,11942083,0.00002032,428.00000000,1
1531213859564,1531213859559,11942084,0.00002032,622.00000000,1
1531213870112,1531213870108,11942085,0.00002033,1889.00000000,0
1531213870129,1531213870126,11942086,0.00002032,867.00000000,1
1531213874289,1531213874284,11942087,0.00002033,1953.00000000,0
1531213874297,1531213874293,11942088,0.00002032,417.00000000,1
1531213874311,1531213874305,11942089,0.00002032,1437.00000000,1
1531213875666,1531213875663,11942090,0.00002032,433.00000000,1
1531213888885,1531213888881,11942091,0.00002032,1.00000000,0
1531213892769,1531213892766,11942092,0.00002032,1421.00000000,0
1531213900866,1531213900861,11942093,0.00002031,100.00000000,1
1531213917642,1531213917637,11942094,0.00002032,81.00000000,0
1531213931058,1531213931054,11942095,0.00002032,3721.00000000,0
1531213931170,1531213931166,11942096,0.00002032,2593.00000000,0
1531213931888,1531213931882,11942097,0.00002032,2301.00000000,0
1531213931990,1531213931985,11942098,0.00002032,3.00000000,0
1531213932459,1531213932455,11942099,0.00002032,14726.00000000,0
1531213935817,1531213935812,11942100,0.00002031,492.00000000,1
1531213939123,1531213939119,11942101,0.00002032,52.00000000,0
1531213943211,1531213943207,11942102,0.00002031,555.00000000,1
1531213944607,1531213944603,11942103,0.00002031,1.00000000,1
1531213946075,1531213946070,11942104,0.00002031,66.00000000,1
1531213948910,1531213948905,11942105,0.00002031,128.00000000,1
1531213951835,1531213951832,11942106,0.00002032,5.00000000,0
1531213954233,1531213954230,11942107,0.00002032,14282.00000000,0
1531213961484,1531213961479,11942108,0.00002033,416.00000000,0
1531213961496,1531213961491,11942109,0.00002032,267.00000000,1
1531213966218,1531213966211,11942110,0.00002032,1968.00000000,1
1531213966218,1531213966211,11942111,0.00002031,4878.00000000,1
1531213966218,1531213966211,11942112,0.00002030,4672.00000000,1
1531213966218,1531213966211,11942113,0.00002029,8250.00000000,1
1531213966218,1531213966211,11942114,0.00002028,13292.00000000,1
1531213966228,1531213966224,11942115,0.00002027,1968.00000000,1
1531213966300,1531213966297,11942116,0.00002028,113.00000000,0
1531213966312,1531213966308,11942117,0.00002027,3583.00000000,1
1531213966413,1531213966408,11942118,0.00002028,16128.00000000,0
1531213966413,1531213966408,11942119,0.00002031,1242.00000000,0
1531213966585,1531213966582,11942120,0.00002031,706.00000000,0
1531213966662,1531213966658,11942121,0.00002033,1262.00000000,1
1531213971926,1531213971922,11942122,0.00002031,6.00000000,0
1531213973429,1531213973426,11942123,0.00002029,548.00000000,1
1531213973440,1531213973435,11942124,0.00002029,241.00000000,1
1531213977724,1531213977719,11942125,0.00002030,503.00000000,1
1531213977739,1531213977735,11942126,0.00002030,806.00000000,1
1531213983956,1531213983952,11942127,0.00002030,1286.00000000,1
1531213983977,1531213983973,11942128,0.00002030,50.00000000,1
1531213988399,1531213988394,11942129,0.00002030,1101.00000000,1
1531213988421,1531213988417,11942130,0.00002030,1238.00000000,1
1531213988438,1531213988433,11942131,0.00002030,984.00000000,1
1531213996772,1531213996767,11942132,0.00002031,92.00000000,0
1531213998641,1531213998637,11942133,0.00002031,353.00000000,0
1531213998657,1531213998652,11942134,0.00002030,967.00000000,1
1531213998673,1531213998668,11942135,0.00002030,169.00000000,1
1531214011070,1531214011066,11942136,0.00002031,3627.00000000,0
1531214011080,1531214011076,11942137,0.00002030,2240.00000000,1
1531214012558,1531214012555,11942138,0.00002032,13163.00000000,0
1531214015211,1531214015206,11942139,0.00002032,2.00000000,0
1531214026065,1531214026062,11942140,0.00002031,4408.00000000,1
1531214026077,1531214026073,11942141,0.00002031,471.00000000,0
1531214026091,1531214026087,11942142,0.00002031,2408.00000000,1
1531214026109,1531214026104,11942143,0.00002031,2000.00000000,1
1531214041561,1531214041557,11942144,0.00002031,1688.00000000,1
1531214041588,1531214041584,11942145,0.00002031,1759.00000000,1
1531214041976,1531214041971,11942146,0.00002031,10251.00000000,1
1531214041976,1531214041971,11942147,0.00002029,2222.00000000,1
1531214041976,1531214041971,11942148,0.00002028,9642.00000000,1
1531214041976,1531214041971,11942149,0.00002027,13134.00000000,1
1531214041981,1531214041977,11942150,0.00002026,10251.00000000,1
1531214042013,1531214042009,11942151,0.00002026,1748.00000000,1
1531214042077,1531214042072,11942152,0.00002026,3414.00000000,0
1531214042084,1531214042079,11942153,0.00002026,741.00000000,0
1531214042088,1531214042085,11942154,0.00002026,1949.00000000,0
1531214042089,1531214042085,11942155,0.00002026,2399.00000000,0
1531214042151,1531214042147,11942156,0.00002027,1700.00000000,0
1531214042266,1531214042260,11942157,0.00002027,3401.00000000,0
1531214042269,1531214042263,11942158,0.00002027,295.00000000,0
1531214042269,1531214042263,11942159,0.00002028,1405.00000000,0
1531214042509,1531214042505,11942160,0.00002028,268.00000000,0
1531214042558,1531214042553,11942161,0.00002028,184.00000000,0
1531214042645,1531214042641,11942162,0.00002028,8502.00000000,0
1531214042711,1531214042706,11942163,0.00002027,3414.00000000,1
1531214042784,1531214042780,11942164,0.00002028,90.00000000,0
1531214042840,1531214042835,11942165,0.00002027,2593.00000000,1
1531214043091,1531214043086,11942166,0.00002027,9.00000000,1
1531214043172,1531214043168,11942167,0.00002027,9.00000000,1
1531214044042,1531214044038,11942168,0.00002028,4896.00000000,0
1531214046450,1531214046447,11942169,0.00002028,1.00000000,0
1531214046450,1531214046447,11942170,0.00002029,2455.00000000,0
1531214047945,1531214047941,11942171,0.00002028,100.00000000,1
1531214051909,1531214051906,11942172,0.00002028,947.00000000,1
1531214051940,1531214051934,11942173,0.00002028,810.00000000,1
1531214052534,1531214052531,11942174,0.00002028,100.00000000,0
1531214058455,1531214058448,11942175,0.00002029,863.00000000,0
1531214060212,1531214060207,11942176,0.00002029,508.00000000,0
1531214068392,1531214068388,11942177,0.00002029,95.00000000,0
1531214069342,1531214069339,11942178,0.00002029,300.00000000,0
1531214069561,1531214069556,11942179,0.00002029,7.00000000,0
1531214069896,1531214069893,11942180,0.00002029,8.00000000,0
1531214071225,1531214071221,11942181,0.00002028,343.00000000,1
1531214075568,1531214075565,11942182,0.00002029,20.00000000,0
1531214078522,1531214078518,11942183,0.00002029,733.00000000,0
1531214083501,1531214083495,11942184,0.00002028,1500.00000000,1
1531214085734,1531214085730,11942185,0.00002029,6703.00000000,0
1531214088350,1531214088345,11942186,0.00002028,269.00000000,1
1531214088971,1531214088966,11942187,0.00002029,672.00000000,0
1531214093589,1531214093585,11942188,0.00002027,142.00000000,1
1531214095507,1531214095503,11942189,0.00002029,822.00000000,0
1531214098944,1531214098940,11942190,0.00002029,630.00000000,0
1531214099128,1531214099124,11942191,0.00002029,863.00000000,0
1531214102316,1531214102311,11942192,0.00002028,476.00000000,1
1531214102335,1531214102331,11942193,0.00002028,866.00000000,1
1531214111299,1531214111295,11942194,0.00002028,147.00000000,1
1531214114946,1531214114942,11942195,0.00002029,3.00000000,0
1531214115635,1531214115631,11942196,0.00002029,610.00000000,0
1531214120602,1531214120598,11942197,0.00002027,164.00000000,1
1531214124936,1531214124932,11942198,0.00002028,1809.00000000,1
1531214126156,1531214126151,11942199,0.00002028,1808.00000000,0
1531214128241,1531214128237,11942200,0.00002028,1.00000000,0
1531214128241,1531214128237,11942201,0.00002029,2.00000000,0
1531214128881,1531214128876,11942202,0.00002029,820.00000000,0
1531214139925,1531214139921,11942203,0.00002028,305.00000000,1
1531214144109,1531214144106,11942204,0.00002029,1.00000000,0
1531214145209,1531214145206,11942205,0.00002029,1.00000000,0
1531214145880,1531214145875,11942206,0.00002029,801.00000000,0
1531214147271,1531214147266,11942207,0.00002029,1055.00000000,0
1531214153879,1531214153873,11942208,0.00002028,780.00000000,1
1531214153895,1531214153891,11942209,0.00002028,366.00000000,1
1531214161447,1531214161441,11942210,0.00002028,765.00000000,1
1531214161457,1531214161451,11942211,0.00002028,274.00000000,0
1531214161469,1531214161465,11942212,0.00002028,765.00000000,1
1531214168445,1531214168442,11942213,0.00002029,863.00000000,0
1531214169787,1531214169781,11942214,0.00002027,858.00000000,1
1531214175211,1531214175207,11942215,0.00002029,377.00000000,0
1531214177491,1531214177486,11942216,0.00002028,833.00000000,0
1531214177503,1531214177498,11942217,0.00002027,300.00000000,1
1531214178518,1531214178513,11942218,0.00002029,612.00000000,0
1531214181926,1531214181922,11942219,0.00002029,4.00000000,0
1531214183512,1531214183507,11942220,0.00002028,1357.00000000,1
1531214183536,1531214183531,11942221,0.00002028,1236.00000000,1
1531214183558,1531214183554,11942222,0.00002028,999.00000000,1
1531214188056,1531214188047,11942223,0.00002026,15354.00000000,1
1531214188056,1531214188047,11942224,0.00002025,29169.00000000,1
1531214188056,1531214188047,11942225,0.00002024,1946.00000000,1
1531214188056,1531214188047,11942226,0.00002023,8886.00000000,1
1531214189740,1531214189737,11942227,0.00002028,98.00000000,0
1531214190203,1531214190199,11942228,0.00002025,9.00000000,1
1531214190265,1531214190259,11942229,0.00002025,9.00000000,1
1531214193220,1531214193215,11942230,0.00002029,1.00000000,0
1531214198509,1531214198504,11942231,0.00002028,4783.00000000,0
1531214198671,1531214198667,11942232,0.00002028,268.00000000,0
1531214198865,1531214198861,11942233,0.00002028,2674.00000000,0
1531214199372,1531214199368,11942234,0.00002027,2461.00000000,0
1531214199391,1531214199388,11942235,0.00002026,141.00000000,1
1531214199406,1531214199402,11942236,0.00002026,1195.00000000,1
1531214200020,1531214200016,11942237,0.00002028,4486.00000000,0
1531214201068,1531214201063,11942238,0.00002028,1.00000000,0
1531214201068,1531214201063,11942239,0.00002029,267.00000000,0
1531214201735,1531214201730,11942240,0.00002029,41.00000000,0
1531214202467,1531214202462,11942241,0.00002029,863.00000000,0
1531214204937,1531214204933,11942242,0.00002028,4011.00000000,1
1531214205537,1531214205532,11942243,0.00002028,3549.00000000,0
1531214205707,1531214205703,11942244,0.00002028,1.00000000,0
1531214205707,1531214205703,11942245,0.00002029,269.00000000,0
1531214206050,1531214206047,11942246,0.00002027,92.00000000,0
1531214206065,1531214206061,11942247,0.00002026,92.00000000,1
1531214209174,1531214209170,11942248,0.00002026,5616.00000000,0
1531214209289,1531214209282,11942249,0.00002026,1.00000000,0
1531214209915,1531214209912,11942250,0.00002028,272.00000000,1
1531214212934,1531214212930,11942251,0.00002028,1772.00000000,0
1531214213372,1531214213367,11942252,0.00002028,1.00000000,0
1531214213372,1531214213367,11942253,0.00002029,269.00000000,0
1531214214833,1531214214829,11942254,0.00002029,863.00000000,0
1531214214960,1531214214956,11942255,0.00002026,387.00000000,1
1531214220180,1531214220174,11942256,0.00002028,687.00000000,0
1531214220197,1531214220192,11942257,0.00002027,359.00000000,1
1531214224147,1531214224143,11942258,0.00002028,247.00000000,0
1531214224147,1531214224143,11942259,0.00002029,27.00000000,0
1531214224422,1531214224416,11942260,0.00002026,50.00000000,1
1531214224925,1531214224920,11942261,0.00002027,153.00000000,0
1531214233167,1531214233162,11942262,0.00002027,2.00000000,0
1531214233370,1531214233366,11942263,0.00002027,92.00000000,0
1531214235170,1531214235165,11942264,0.00002026,100.00000000,1
1531214235353,1531214235350,11942265,0.00002028,74.00000000,0
1531214238107,1531214238102,11942266,0.00002029,863.00000000,0
1531214245929,1531214245925,11942267,0.00002028,73.00000000,1
1531214245947,1531214245943,11942268,0.00002028,784.00000000,1
1531214247783,1531214247778,11942269,0.00002028,641.00000000,0
1531214251698,1531214251693,11942270,0.00002027,642.00000000,1
1531214251754,1531214251749,11942271,0.00002027,1257.00000000,0
1531214252968,1531214252964,11942272,0.00002028,1112.00000000,0
1531214253533,1531214253528,11942273,0.00002029,119.00000000,0
1531214254374,1531214254369,11942274,0.00002028,250.00000000,1
1531214254461,1531214254457,11942275,0.00002028,75.00000000,1
1531214254922,1531214254919,11942276,0.00002028,65.00000000,1
1531214255159,1531214255154,11942277,0.00002028,50.00000000,1
1531214262720,1531214262715,11942278,0.00002028,100.00000000,1
1531214263393,1531214263390,11942279,0.00002028,1684.00000000,1
1531214264824,1531214264820,11942280,0.00002028,100.00000000,0
1531214271067,1531214271063,11942281,0.00002029,20.00000000,0
1531214276360,1531214276356,11942282,0.00002029,1.00000000,0
1531214277027,1531214277023,11942283,0.00002029,863.00000000,0
1531214279086,1531214279082,11942284,0.00002027,983.00000000,1
1531214291621,1531214291616,11942285,0.00002027,1095.00000000,1
1531214299349,1531214299345,11942286,0.00002027,169.00000000,1
1531214299368,1531214299364,11942287,0.00002027,1286.00000000,1
1531214299799,1531214299794,11942288,0.00002029,429.00000000,0
1531214303739,1531214303735,11942289,0.00002029,8.00000000,0
1531214309509,1531214309504,11942290,0.00002029,130.00000000,0
1531214312448,1531214312444,11942291,0.00002028,1248.00000000,0
1531214312461,1531214312456,11942292,0.00002027,1406.00000000,1
1531214312485,1531214312480,11942293,0.00002027,595.00000000,1
1531214320537,1531214320532,11942294,0.00002028,2085.00000000,0
1531214320554,1531214320548,11942295,0.00002027,1257.00000000,1
1531214321146,1531214321142,11942296,0.00002029,209.00000000,0
1531214327362,1531214327358,11942297,0.00002029,17.00000000,0
1531214332306,1531214332301,11942298,0.00002029,54.00000000,0
1531214332470,1531214332465,11942299,0.00002028,2312.00000000,0
1531214332483,1531214332478,11942300,0.00002027,1101.00000000,1
1531214338356,1531214338353,11942301,0.00002029,1000.00000000,0
1531214345617,1531214345611,11942302,0.00002029,31.00000000,0
1531214346528,1531214346524,11942303,0.00002027,185.00000000,1
1531214348637,1531214348633,11942304,0.00002029,1.00000000,0
1531214351788,1531214351784,11942305,0.00002028,126.00000000,1
1531214351808,1531214351804,11942306,0.00002028,50.00000000,1
1531214355811,1531214355806,11942307,0.00002029,197.00000000,0
1531214357527,1531214357523,11942308,0.00002029,863.00000000,0
1531214361067,1531214361063,11942309,0.00002029,600.00000000,0
1531214361382,1531214361377,11942310,0.00002028,838.00000000,1
1531214361396,1531214361391,11942311,0.00002028,419.00000000,0
1531214361411,1531214361407,11942312,0.00002028,838.00000000,1
1531214367223,1531214367219,11942313,0.00002029,610.00000000,0
1531214368692,1531214368687,11942314,0.00002027,29600.00000000,1
1531214370100,1531214370097,11942315,0.00002029,9.00000000,0
1531214376928,1531214376924,11942316,0.00002029,165.00000000,0
1531214378141,1531214378136,11942317,0.00002028,1398.00000000,1
1531214378164,1531214378159,11942318,0.00002028,1055.00000000,1
1531214384565,1531214384561,11942319,0.00002028,1090.00000000,1
1531214384589,1531214384585,11942320,0.00002028,63.00000000,1
1531214395313,1531214395308,11942321,0.00002029,600.00000000,0
1531214400419,1531214400415,11942322,0.00002029,863.00000000,0
1531214403523,1531214403517,11942323,0.00002028,586.00000000,1
1531214403538,1531214403532,11942324,0.00002028,268.00000000,0
1531214403552,1531214403548,11942325,0.00002028,586.00000000,1
1531214405196,1531214405191,11942326,0.00002029,19.00000000,0
1531214416123,1531214416119,11942327,0.00002029,611.00000000,0
1531214418352,1531214418348,11942328,0.00002028,1399.00000000,1
1531214418379,1531214418376,11942329,0.00002028,736.00000000,1
1531214418394,1531214418389,11942330,0.00002028,667.00000000,1
1531214425928,1531214425923,11942331,0.00002029,100.00000000,0
1531214426003,1531214425997,11942332,0.00002029,1913.00000000,0
1531214426959,1531214426955,11942333,0.00002027,400.00000000,1
1531214429301,1531214429296,11942334,0.00002028,103.00000000,0
1531214429967,1531214429963,11942335,0.00002026,1328.00000000,1
1531214435353,1531214435350,11942336,0.00002028,269.00000000,0
1531214436665,1531214436660,11942337,0.00002028,3.00000000,0
1531214437809,1531214437806,11942338,0.00002028,273.00000000,0
1531214438329,1531214438325,11942339,0.00002028,1.00000000,0
1531214440108,1531214440104,11942340,0.00002027,98.00000000,0
1531214440108,1531214440104,11942341,0.00002028,175.00000000,0
1531214442661,1531214442658,11942342,0.00002027,98.00000000,0
1531214442661,1531214442658,11942343,0.00002028,172.00000000,0
1531214442856,1531214442852,11942344,0.00002028,6.00000000,0
1531214442917,1531214442907,11942345,0.00002025,1389.00000000,1
1531214442917,1531214442907,11942346,0.00002024,98.00000000,1
1531214442917,1531214442907,11942347,0.00002023,1968.00000000,1
1531214444753,1531214444748,11942348,0.00002027,196.00000000,0
1531214444753,1531214444748,11942349,0.00002028,1127.00000000,0
1531214445478,1531214445474,11942350,0.00002027,74.00000000,0
1531214445487,1531214445483,11942351,0.00002026,74.00000000,0
1531214445487,1531214445483,11942352,0.00002028,122.00000000,0
1531214449397,1531214449392,11942353,0.00002027,74.00000000,0
1531214449397,1531214449392,11942354,0.00002028,434.00000000,0
1531214449978,1531214449975,11942355,0.00002028,272.00000000,0
1531214451025,1531214451021,11942356,0.00002027,98.00000000,0
1531214451025,1531214451021,11942357,0.00002028,479.00000000,0
1531214451025,1531214451021,11942358,0.00002029,1854.00000000,0
1531214451484,1531214451480,11942359,0.00002029,174.00000000,1
1531214451878,1531214451874,11942360,0.00002026,9.00000000,1
1531214452088,1531214452084,11942361,0.00002026,89.00000000,1
1531214452088,1531214452084,11942362,0.00002025,2234.00000000,1
1531214452121,1531214452116,11942363,0.00002025,562.00000000,0
1531214452163,1531214452158,11942364,0.00002025,51.00000000,0
1531214452231,1531214452228,11942365,0.00002025,514.00000000,0
1531214452468,1531214452463,11942366,0.00002025,878.00000000,0
1531214452522,1531214452517,11942367,0.00002025,878.00000000,0
1531214452677,1531214452673,11942368,0.00002025,269.00000000,0
1531214453006,1531214453002,11942369,0.00002022,10365.00000000,1
1531214453863,1531214453859,11942370,0.00002025,186.00000000,0
1531214453923,1531214453918,11942371,0.00002025,186.00000000,0
1531214453947,1531214453942,11942372,0.00002025,90.00000000,0
1531214453961,1531214453956,11942373,0.00002025,1653.00000000,0
1531214453966,1531214453962,11942374,0.00002025,8.00000000,0
1531214454048,1531214454044,11942375,0.00002029,85.00000000,0
1531214454073,1531214454069,11942376,0.00002029,90.00000000,0
1531214454154,1531214454150,11942377,0.00002025,342.00000000,1
1531214454374,1531214454370,11942378,0.00002025,154.00000000,1
1531214454521,1531214454516,11942379,0.00002025,98.00000000,0
1531214454855,1531214454852,11942380,0.00002025,276.00000000,0
1531214455015,1531214455010,11942381,0.00002025,58.00000000,0
1531214455442,1531214455439,11942382,0.00002022,9.00000000,1
1531214455614,1531214455610,11942383,0.00002022,9.00000000,1
1531214455659,1531214455655,11942384,0.00002022,7.00000000,1
1531214455679,1531214455675,11942385,0.00002022,9.00000000,1
1531214455726,1531214455722,11942386,0.00002022,8.00000000,1
1531214456612,1531214456609,11942387,0.00002025,294.00000000,0
1531214457506,1531214457501,11942388,0.00002027,270.00000000,1
1531214457589,1531214457586,11942389,0.00002027,270.00000000,0
1531214459771,1531214459767,11942390,0.00002028,271.00000000,0
1531214462142,1531214462138,11942391,0.00002030,328.00000000,0
1531214462536,1531214462533,11942392,0.00002025,391.00000000,1
1531214463967,1531214463963,11942393,0.00002025,98.00000000,0
1531214464677,1531214464674,11942394,0.00002025,98.00000000,0
1531214464677,1531214464674,11942395,0.00002026,5.00000000,0
1531214468481,1531214468476,11942396,0.00002025,2.00000000,0
1531214468871,1531214468867,11942397,0.00002025,91.00000000,0
1531214469027,1531214469023,11942398,0.00002026,7.00000000,0
1531214471968,1531214471964,11942399,0.00002026,108.00000000,1
1531214472832,1531214472827,11942400,0.00002025,93.00000000,1
1531214472887,1531214472883,11942401,0.00002025,3771.00000000,0
1531214473117,1531214473114,11942402,0.00002024,86.00000000,0
1531214473228,1531214473225,11942403,0.00002025,2227.00000000,0
