event_time,trade_time,trade_id,price,quantity,maker
1531210369678,1531210369671,2010928,0.00004716,77.00000000,1
1531210369678,1531210369671,2010929,0.00004703,467.00000000,1
1531210369678,1531210369671,2010930,0.00004700,1231.00000000,1
1531210379047,1531210379044,2010931,0.00004719,3.00000000,0
1531210397050,1531210397045,2010932,0.00004719,122.00000000,0
1531210399041,1531210399038,2010933,0.00004719,243.00000000,0
1531210399721,1531210399717,2010934,0.00004720,78.00000000,0
1531210400797,1531210400793,2010935,0.00004730,98.00000000,0
1531210401733,1531210401730,2010936,0.00004730,145.00000000,1
1531210761712,1531210761707,2010937,0.00004720,138.00000000,1
1531210761712,1531210761707,2010938,0.00004716,125.00000000,1
1531210761712,1531210761707,2010939,0.00004706,57.00000000,1
1531210774261,1531210774257,2010940,0.00004706,212.00000000,1
1531210774261,1531210774257,2010941,0.00004705,44.00000000,1
1531210822190,1531210822185,2010942,0.00004719,227.00000000,0
1531210824490,1531210824487,2010943,0.00004727,44.00000000,0
1531210824551,1531210824548,2010944,0.00004727,151.00000000,1
1531210827699,1531210827694,2010945,0.00004727,122.00000000,1
1531210827723,1531210827719,2010946,0.00004719,90.00000000,1
1531210827779,1531210827774,2010947,0.00004705,31.00000000,0
1531210832182,1531210832176,2010948,0.00004729,57.00000000,0
1531210870868,1531210870864,2010949,0.00004736,57.00000000,0
1531210873910,1531210873905,2010950,0.00004736,52.00000000,0
1531210887911,1531210887907,2010951,0.00004708,126.00000000,0
1531211021733,1531211021727,2010952,0.00004709,424.00000000,1
1531211021733,1531211021727,2010953,0.00004708,2405.00000000,1
1531211068834,1531211068830,2010954,0.00004708,276.00000000,1
1531211125316,1531211125311,2010955,0.00004724,212.00000000,0
1531211125329,1531211125330,2010956,0.00004725,144.00000000,0
1531211125334,1531211125331,2010957,0.00004725,376.00000000,0
1531211125341,1531211125337,2010958,0.00004736,29.00000000,0
1531211125341,1531211125337,2010959,0.00004737,416.00000000,0
1531211125341,1531211125337,2010960,0.00004741,422.00000000,0
1531211125344,1531211125344,2010961,0.00004741,160.00000000,0
1531211125344,1531211125344,2010962,0.00004758,22.00000000,0
1531211125344,1531211125344,2010963,0.00004764,29.00000000,0
1531211126706,1531211126699,2010964,0.00004725,139.00000000,1
1531211126706,1531211126699,2010965,0.00004724,122.00000000,1
1531211136072,1531211136067,2010966,0.00004724,225.00000000,1
1531211139122,1531211139118,2010967,0.00004724,25.00000000,1
1531211139122,1531211139118,2010968,0.00004716,237.00000000,1
1531211139122,1531211139118,2010969,0.00004715,158.00000000,1
1531211139122,1531211139118,2010970,0.00004713,44.00000000,1
1531211139122,1531211139118,2010971,0.00004708,537.00000000,1
1531211180425,1531211180421,2010972,0.00004721,212.00000000,1
1531211180425,1531211180421,2010973,0.00004720,1791.00000000,1
1531211180425,1531211180421,2010974,0.00004711,121.00000000,1
1531211180425,1531211180421,2010975,0.00004710,3590.00000000,1
1531211180425,1531211180421,2010976,0.00004708,3677.00000000,1
1531211180425,1531211180421,2010977,0.00004700,2966.00000000,1
1531211203281,1531211203277,2010978,0.00004705,22.00000000,1
1531211349738,1531211349734,2010979,0.00004725,63.00000000,0
1531211353532,1531211353527,2010980,0.00004725,52.00000000,0
1531211378470,1531211378466,2010981,0.00004720,214.00000000,1
1531211387107,1531211387102,2010982,0.00004724,139.00000000,0
1531211387107,1531211387102,2010983,0.00004725,6.00000000,0
1531211387107,1531211387102,2010984,0.00004726,212.00000000,0
1531211387107,1531211387102,2010985,0.00004727,22.00000000,0
1531211387107,1531211387102,2010986,0.00004748,158.00000000,0
1531211387107,1531211387102,2010987,0.00004749,237.00000000,0
1531211387124,1531211387121,2010988,0.00004750,117.00000000,1
1531211387128,1531211387127,2010989,0.00004750,376.00000000,1
1531211387129,1531211387127,2010990,0.00004750,117.00000000,1
1531211387161,1531211387155,2010991,0.00004750,144.00000000,1
1531211387193,1531211387190,2010992,0.00004750,371.00000000,1
1531211387894,1531211387889,2010993,0.00004750,1782.00000000,1
1531211389653,1531211389648,2010994,0.00004750,8.00000000,1
1531211390213,1531211390208,2010995,0.00004750,5.00000000,1
1531211390661,1531211390656,2010996,0.00004750,50.00000000,1
1531211391022,1531211391018,2010997,0.00004750,12.00000000,1
1531211391568,1531211391564,2010998,0.00004750,25.00000000,1
1531211392005,1531211392001,2010999,0.00004750,6.00000000,1
1531211392846,1531211392842,2011000,0.00004750,8.00000000,1
1531211393350,1531211393345,2011001,0.00004750,8.00000000,1
1531211394133,1531211394128,2011002,0.00004750,8.00000000,1
1531211394668,1531211394665,2011003,0.00004750,8.00000000,1
1531211395151,1531211395147,2011004,0.00004750,6.00000000,1
1531211395598,1531211395592,2011005,0.00004750,6.00000000,1
1531211396253,1531211396253,2011006,0.00004750,6.00000000,1
1531211396617,1531211396612,2011007,0.00004750,13.00000000,1
1531211397172,1531211397166,2011008,0.00004750,6.00000000,1
1531211397762,1531211397758,2011009,0.00004750,6.00000000,1
1531211398175,1531211398171,2011010,0.00004750,16.00000000,1
1531211398622,1531211398617,2011011,0.00004750,6.00000000,1
1531211399225,1531211399221,2011012,0.00004750,12.00000000,1
1531211399679,1531211399672,2011013,0.00004750,12.00000000,1
1531211400166,1531211400163,2011014,0.00004750,6.00000000,1
1531211400667,1531211400663,2011015,0.00004750,8.00000000,1
1531211401358,1531211401354,2011016,0.00004750,8.00000000,1
1531211401688,1531211401683,2011017,0.00004750,6.00000000,1
1531211402258,1531211402255,2011018,0.00004750,8.00000000,1
1531211402714,1531211402709,2011019,0.00004750,4.00000000,1
1531211403232,1531211403227,2011020,0.00004750,5.00000000,1
1531211403749,1531211403745,2011021,0.00004750,13.00000000,1
1531211404213,1531211404209,2011022,0.00004750,8.00000000,1
1531211404658,1531211404655,2011023,0.00004750,20.00000000,1
1531211405228,1531211405224,2011024,0.00004750,8.00000000,1
1531211424893,1531211424890,2011025,0.00004750,467.00000000,1
1531211441495,1531211441494,2011026,0.00004750,5.00000000,1
1531211515524,1531211515524,2011027,0.00004750,288.00000000,1
1531211521222,1531211521219,2011028,0.00004750,1456.00000000,1
1531211521328,1531211521324,2011029,0.00004750,9255.00000000,1
1531211521328,1531211521324,2011030,0.00004750,635.00000000,1
1531211521328,1531211521324,2011031,0.00004720,100.00000000,1
1531211833303,1531211833297,2011032,0.00004735,45.00000000,0
1531211841602,1531211841597,2011033,0.00004735,15.00000000,0
1531212009070,1531212009066,2011034,0.00004722,133.00000000,1
1531212009070,1531212009066,2011035,0.00004710,4976.00000000,1
1531212065776,1531212065771,2011036,0.00004722,35.00000000,1
1531212082807,1531212082802,2011037,0.00004735,4.00000000,0
1531212154964,1531212154960,2011038,0.00004735,36.00000000,0
1531212155775,1531212155769,2011039,0.00004735,175.00000000,1
1531212461817,1531212461814,2011040,0.00004735,157.00000000,1
1531212789208,1531212789204,2011041,0.00004721,147.00000000,1
1531212789975,1531212789971,2011042,0.00004720,1528.00000000,1
1531212791829,1531212791824,2011043,0.00004716,1355.00000000,1
1531212792941,1531212792937,2011044,0.00004708,671.00000000,1
1531212792941,1531212792937,2011045,0.00004707,46.00000000,1
1531212799198,1531212799193,2011046,0.00004709,749.00000000,1
1531212810195,1531212810189,2011047,0.00004720,211.00000000,0
1531212812350,1531212812346,2011048,0.00004719,707.00000000,0
1531212814276,1531212814272,2011049,0.00004718,146.00000000,0
1531212814383,1531212814379,2011050,0.00004718,1.00000000,0
1531212814600,1531212814595,2011051,0.00004719,1.00000000,0
1531212814600,1531212814595,2011052,0.00004720,184.00000000,0
1531212872624,1531212872619,2011053,0.00004734,5.00000000,0
1531212929218,1531212929214,2011054,0.00004717,136.00000000,1
1531212938175,1531212938170,2011055,0.00004714,210.00000000,0
1531212938217,1531212938213,2011056,0.00004715,146.00000000,0
1531212938552,1531212938549,2011057,0.00004715,168.00000000,0
1531212939177,1531212939173,2011058,0.00004714,212.00000000,0
1531212940200,1531212940194,2011059,0.00004713,136.00000000,0
1531212940200,1531212940194,2011060,0.00004714,76.00000000,0
1531212941190,1531212941185,2011061,0.00004714,212.00000000,0
1531212942190,1531212942186,2011062,0.00004714,212.00000000,0
1531212942833,1531212942828,2011063,0.00004714,294.00000000,0
1531212943193,1531212943189,2011064,0.00004714,212.00000000,0
1531212949153,1531212949148,2011065,0.00004715,151.00000000,0
1531212963297,1531212963292,2011066,0.00004709,181.00000000,1
1531212970185,1531212970182,2011067,0.00004715,212.00000000,0
1531212970220,1531212970215,2011068,0.00004715,398.00000000,0
1531212972254,1531212972251,2011069,0.00004715,497.00000000,0
1531212988930,1531212988925,2011070,0.00004715,1074.00000000,0
1531212989176,1531212989171,2011071,0.00004715,212.00000000,0
1531212989709,1531212989705,2011072,0.00004715,379.00000000,0
1531212989868,1531212989864,2011073,0.00004715,2857.00000000,0
1531212990497,1531212990492,2011074,0.00004734,1.00000000,0
1531213108794,1531213108791,2011075,0.00004723,64.00000000,1
1531213157093,1531213157088,2011076,0.00004721,122.00000000,1
1531213157962,1531213157959,2011077,0.00004715,41.00000000,1
1531213159027,1531213159022,2011078,0.00004715,53.00000000,0
1531213299963,1531213299959,2011079,0.00004714,84.00000000,1
1531213300884,1531213300880,2011080,0.00004714,126.00000000,0
1531213365178,1531213365175,2011081,0.00004733,24.00000000,0
1531213367287,1531213367281,2011082,0.00004732,1.00000000,0
1531213530197,1531213530193,2011083,0.00004713,166.00000000,1
1531213580986,1531213580980,2011084,0.00004712,40.00000000,0
1531213599978,1531213599973,2011085,0.00004713,331.00000000,0
1531213995426,1531213995422,2011086,0.00004711,295.00000000,1
1531214232138,1531214232133,2011087,0.00004712,568.00000000,1
1531214393291,1531214393287,2011088,0.00004733,22.00000000,0
1531214397484,1531214397480,2011089,0.00004716,12.00000000,1
1531214551333,1531214551329,2011090,0.00004716,285.00000000,1
1531214552767,1531214552763,2011091,0.00004713,57.00000000,1
1531214584148,1531214584144,2011092,0.00004713,32.00000000,1
1531214613885,1531214613880,2011093,0.00004711,212.00000000,1
1531214655809,1531214655805,2011094,0.00004711,31.00000000,0
1531214664153,1531214664148,2011095,0.00004732,121.00000000,0
1531214664153,1531214664148,2011096,0.00004733,62.00000000,0
1531214664153,1531214664148,2011097,0.00004736,28.00000000,0
1531214852420,1531214852416,2011098,0.00004721,150.00000000,1
1531214852420,1531214852416,2011099,0.00004716,286.00000000,1
1531215029713,1531215029710,2011100,0.00004716,228.00000000,1
1531215319702,1531215319697,2011101,0.00004717,21.00000000,1
1531215466273,1531215466270,2011102,0.00004716,539.00000000,1
1531215467053,1531215467050,2011103,0.00004716,286.00000000,0
1531215479516,1531215479513,2011104,0.00004709,453.00000000,1
1531215482212,1531215482208,2011105,0.00004708,1062.00000000,1
1531215485102,1531215485097,2011106,0.00004707,749.00000000,1
1531215493175,1531215493171,2011107,0.00004716,334.00000000,0
1531215501121,1531215501116,2011108,0.00004716,1196.00000000,0
1531215502522,1531215502518,2011109,0.00004716,133.00000000,0
1531215506790,1531215506786,2011110,0.00004716,2274.00000000,0
1531215527676,1531215527673,2011111,0.00004705,36.00000000,1
1531215585043,1531215585039,2011112,0.00004716,3.00000000,0
1531215585043,1531215585039,2011113,0.00004717,6614.00000000,0
1531215585093,1531215585089,2011114,0.00004717,13386.00000000,0
1531215642606,1531215642602,2011115,0.00004725,484.00000000,1
1531215642606,1531215642602,2011116,0.00004700,305.00000000,1
1531215642606,1531215642602,2011117,0.00004698,31.00000000,1
1531215642606,1531215642602,2011118,0.00004691,30.00000000,1
1531215642606,1531215642602,2011119,0.00004687,160.00000000,1
1531215642606,1531215642602,2011120,0.00004678,971.00000000,1
1531215642624,1531215642621,2011121,0.00004680,563.00000000,0
1531215642684,1531215642679,2011122,0.00004700,293.00000000,0
1531215642690,1531215642687,2011123,0.00004700,9117.00000000,0
1531215643633,1531215643629,2011124,0.00004720,160.00000000,0
1531215878608,1531215878603,2011125,0.00004709,230.00000000,1
1531215890960,1531215890956,2011126,0.00004709,519.00000000,1
1531215890975,1531215890971,2011127,0.00004709,3917.00000000,0
1531215984937,1531215984931,2011128,0.00004708,749.00000000,1
1531215984937,1531215984931,2011129,0.00004700,638.00000000,1
1531215984937,1531215984931,2011130,0.00004689,160.00000000,1
1531215984937,1531215984931,2011131,0.00004679,162.00000000,1
1531215984937,1531215984931,2011132,0.00004677,218.00000000,1
1531215984937,1531215984931,2011133,0.00004672,44.00000000,1
1531215984937,1531215984931,2011134,0.00004664,2728.00000000,1
1531215985623,1531215985619,2011135,0.00004712,81.00000000,0
1531215985656,1531215985652,2011136,0.00004722,159.00000000,0
1531215985964,1531215985961,2011137,0.00004712,81.00000000,0
1531215986072,1531215986068,2011138,0.00004718,2.00000000,0
1531215986372,1531215986368,2011139,0.00004711,150.00000000,0
1531215986418,1531215986415,2011140,0.00004668,91.00000000,1
1531215986874,1531215986871,2011141,0.00004669,3.00000000,1
1531215987192,1531215987187,2011142,0.00004718,20.00000000,0
1531215987192,1531215987187,2011143,0.00004720,191.00000000,0
1531215987208,1531215987204,2011144,0.00004720,990.00000000,0
1531215987458,1531215987454,2011145,0.00004709,126.00000000,0
1531215988237,1531215988233,2011146,0.00004706,24.00000000,0
1531215988280,1531215988275,2011147,0.00004713,127.00000000,0
1531215994419,1531215994415,2011148,0.00004718,59.00000000,0
1531215994494,1531215994490,2011149,0.00004718,26.00000000,0
1531216002174,1531216002170,2011150,0.00004718,59.00000000,1
1531216002266,1531216002262,2011151,0.00004722,1.00000000,0
1531216002266,1531216002262,2011152,0.00004732,62.00000000,0
1531216010085,1531216010080,2011153,0.00004688,99.00000000,0
1531216048095,1531216048092,2011154,0.00004701,92.00000000,1
1531216053498,1531216053494,2011155,0.00004700,22.00000000,0
1531216066449,1531216066445,2011156,0.00004696,145.00000000,1
1531216066848,1531216066843,2011157,0.00004700,687.00000000,0
1531216080408,1531216080405,2011158,0.00004700,41.00000000,1
1531216166546,1531216166541,2011159,0.00004730,575.00000000,0
1531216166546,1531216166541,2011160,0.00004731,125.00000000,0
1531216166546,1531216166541,2011161,0.00004734,181.00000000,0
1531216166546,1531216166541,2011162,0.00004746,3699.00000000,0
1531216166546,1531216166541,2011163,0.00004747,2308.00000000,0
1531216328681,1531216328678,2011164,0.00004750,84.00000000,0
1531216362483,1531216362480,2011165,0.00004750,44.00000000,0
1531216362493,1531216362489,2011166,0.00004750,336.00000000,1
1531216376197,1531216376192,2011167,0.00004729,140.00000000,1
1531216637631,1531216637628,2011168,0.00004714,82.00000000,1
1531216652798,1531216652792,2011169,0.00004729,182.00000000,0
1531216652798,1531216652792,2011170,0.00004764,181.00000000,0
1531216652798,1531216652792,2011171,0.00004767,716.00000000,0
1531216652798,1531216652792,2011172,0.00004768,1305.00000000,0
1531216657442,1531216657438,2011173,0.00004775,570.00000000,0
1531216659850,1531216659848,2011174,0.00004775,142.00000000,0
1531216662590,1531216662586,2011175,0.00004776,47.00000000,0
1531216674153,1531216674149,2011176,0.00004776,1330.00000000,0
1531216710591,1531216710585,2011177,0.00004748,1640.00000000,0
1531216718748,1531216718743,2011178,0.00004748,1.00000000,0
1531216718748,1531216718743,2011179,0.00004776,812.00000000,0
1531216722201,1531216722196,2011180,0.00004746,129.00000000,1
1531216791207,1531216791203,2011181,0.00004752,78.00000000,1
1531216885968,1531216885964,2011182,0.00004730,203.00000000,1
1531216902046,1531216902042,2011183,0.00004733,255.00000000,1
1531216910743,1531216910738,2011184,0.00004733,99.00000000,1
1531216975110,1531216975106,2011185,0.00004733,1444.00000000,0
1531217019570,1531217019566,2011186,0.00004733,97.00000000,0
1531217064458,1531217064453,2011187,0.00004740,97.00000000,1
1531217425291,1531217425288,2011188,0.00004733,81.00000000,1
1531217493671,1531217493666,2011189,0.00004732,1394.00000000,1
1531217493671,1531217493666,2011190,0.00004731,698.00000000,1
1531217496314,1531217496309,2011191,0.00004731,147.00000000,1
1531217515308,1531217515304,2011192,0.00004730,287.00000000,1
1531217620048,1531217620043,2011193,0.00004732,211.00000000,0
1531217746781,1531217746777,2011194,0.00004724,78.00000000,0
1531217807398,1531217807393,2011195,0.00004729,190.00000000,0
1531217810519,1531217810515,2011196,0.00004709,149.00000000,1
1531217810519,1531217810515,2011197,0.00004708,41.00000000,1
1531217912820,1531217912816,2011198,0.00004718,6.00000000,0
1531217912891,1531217912886,2011199,0.00004718,8.00000000,0
1531217913051,1531217913046,2011200,0.00004718,8.00000000,0
1531217913200,1531217913196,2011201,0.00004718,8.00000000,0
1531217913243,1531217913239,2011202,0.00004718,12.00000000,0
1531217913309,1531217913304,2011203,0.00004718,6.00000000,0
1531217913377,1531217913373,2011204,0.00004718,5.00000000,0
1531217913482,1531217913478,2011205,0.00004718,16.00000000,0
1531217913606,1531217913602,2011206,0.00004718,6.00000000,0
1531217913753,1531217913748,2011207,0.00004718,6.00000000,0
1531217913837,1531217913833,2011208,0.00004718,13.00000000,0
1531217913877,1531217913873,2011209,0.00004718,8.00000000,0
1531217913935,1531217913930,2011210,0.00004718,5.00000000,0
1531217914149,1531217914143,2011211,0.00004718,12.00000000,0
1531217914286,1531217914282,2011212,0.00004718,8.00000000,0
1531217914340,1531217914336,2011213,0.00004718,5.00000000,0
1531217914403,1531217914398,2011214,0.00004718,20.00000000,0
1531217914512,1531217914508,2011215,0.00004718,4.00000000,0
1531217914611,1531217914606,2011216,0.00004718,13.00000000,0
1531217914722,1531217914718,2011217,0.00004718,6.00000000,0
1531217914809,1531217914805,2011218,0.00004718,8.00000000,0
1531217914867,1531217914863,2011219,0.00004718,6.00000000,0
1531217914921,1531217914917,2011220,0.00004718,12.00000000,0
1531217915094,1531217915089,2011221,0.00004718,6.00000000,0
1531217915160,1531217915155,2011222,0.00004718,8.00000000,0
1531217915190,1531217915186,2011223,0.00004718,6.00000000,0
1531217915200,1531217915195,2011224,0.00004718,3.00000000,0
1531217915200,1531217915195,2011225,0.00004720,5.00000000,0
1531217915523,1531217915518,2011226,0.00004720,8.00000000,0
1531217915598,1531217915592,2011227,0.00004717,6.00000000,0
1531217933757,1531217933752,2011228,0.00004716,25.00000000,0
1531217933849,1531217933845,2011229,0.00004716,5.00000000,0
1531217933849,1531217933845,2011230,0.00004724,45.00000000,0
1531217933927,1531217933921,2011231,0.00004724,8.00000000,0
1531218127535,1531218127530,2011232,0.00004720,30.00000000,0
1531218127535,1531218127530,2011233,0.00004721,36.00000000,0
1531218127555,1531218127551,2011234,0.00004721,54.00000000,0
1531218127577,1531218127572,2011235,0.00004728,41.00000000,0
1531218127648,1531218127644,2011236,0.00004732,114.00000000,0
1531218127671,1531218127666,2011237,0.00004732,22.00000000,0
1531218128685,1531218128680,2011238,0.00004732,115.00000000,0
1531218351088,1531218351083,2011239,0.00004709,140.00000000,1
1531218351088,1531218351083,2011240,0.00004702,44.00000000,1
1531218351088,1531218351083,2011241,0.00004700,50.00000000,1
1531218351088,1531218351083,2011242,0.00004695,127.00000000,1
1531218351088,1531218351083,2011243,0.00004689,34.00000000,1
1531218358545,1531218358540,2011244,0.00004695,79.00000000,1
1531218381794,1531218381789,2011245,0.00004695,576.00000000,1
1531218381807,1531218381803,2011246,0.00004695,518.00000000,0
1531218416256,1531218416252,2011247,0.00004697,22.00000000,1
1531218645448,1531218645441,2011248,0.00004711,126.00000000,0
1531218660852,1531218660847,2011249,0.00004711,1.00000000,0
1531218669235,1531218669232,2011250,0.00004718,140.00000000,0
1531218708810,1531218708805,2011251,0.00004703,135.00000000,1
1531218708810,1531218708805,2011252,0.00004700,173.00000000,1
1531218716807,1531218716803,2011253,0.00004702,543.00000000,1
1531218904658,1531218904653,2011254,0.00004703,234.00000000,1
1531218904676,1531218904672,2011255,0.00004703,216.00000000,0
1531218956831,1531218956826,2011256,0.00004704,1.00000000,1
1531218957167,1531218957162,2011257,0.00004722,135.00000000,0
1531219006617,1531219006612,2011258,0.00004725,22.00000000,0
1531219020856,1531219020851,2011259,0.00004722,3027.00000000,1
1531219062878,1531219062874,2011260,0.00004721,461.00000000,0
1531219095508,1531219095504,2011261,0.00004714,21.00000000,1
1531219099757,1531219099752,2011262,0.00004714,728.00000000,1
1531219099778,1531219099773,2011263,0.00004714,289.00000000,0
1531219253668,1531219253664,2011264,0.00004715,2.00000000,1
1531219282539,1531219282533,2011265,0.00004715,542.00000000,1
1531219282555,1531219282550,2011266,0.00004715,340.00000000,0
1531219449235,1531219449231,2011267,0.00004717,154.00000000,1
1531219482534,1531219482528,2011268,0.00004718,21.00000000,1
1531219484080,1531219484074,2011269,0.00004717,21.00000000,1
1531219794314,1531219794311,2011270,0.00004722,19.00000000,1
1531219796026,1531219796022,2011271,0.00004717,19.00000000,1
1531219810706,1531219810701,2011272,0.00004720,19.00000000,1
1531219811906,1531219811901,2011273,0.00004719,19.00000000,1
1531219819804,1531219819799,2011274,0.00004720,142.00000000,1
1531219846588,1531219846583,2011275,0.00004743,36.00000000,0
1531219875412,1531219875406,2011276,0.00004722,8.00000000,1
1531219875851,1531219875845,2011277,0.00004722,5.00000000,1
1531219876429,1531219876425,2011278,0.00004722,50.00000000,1
1531219876706,1531219876702,2011279,0.00004722,12.00000000,1
1531219877455,1531219877451,2011280,0.00004722,25.00000000,1
1531219877761,1531219877756,2011281,0.00004722,6.00000000,1
1531219878511,1531219878506,2011282,0.00004721,8.00000000,1
1531219878839,1531219878833,2011283,0.00004721,8.00000000,1
1531219879482,1531219879480,2011284,0.00004721,8.00000000,1
1531219879624,1531219879619,2011285,0.00004721,8.00000000,1
1531219880509,1531219880502,2011286,0.00004721,6.00000000,1
1531219880962,1531219880956,2011287,0.00004721,6.00000000,1
1531219881564,1531219881560,2011288,0.00004721,6.00000000,1
1531219882058,1531219882053,2011289,0.00004721,13.00000000,1
1531219882519,1531219882515,2011290,0.00004721,6.00000000,1
1531219882993,1531219882990,2011291,0.00004721,6.00000000,1
1531219884029,1531219884024,2011292,0.00004721,5.00000000,1
1531219884430,1531219884429,2011293,0.00004721,16.00000000,1
1531219885122,1531219885115,2011294,0.00004721,6.00000000,1
1531219885186,1531219885181,2011295,0.00004721,12.00000000,1
1531219885969,1531219885964,2011296,0.00004721,6.00000000,1
1531219886570,1531219886565,2011297,0.00004721,8.00000000,1
1531219886782,1531219886778,2011298,0.00004721,12.00000000,1
1531219887303,1531219887298,2011299,0.00004721,6.00000000,1
1531219888238,1531219888232,2011300,0.00004721,4.00000000,1
1531219888692,1531219888688,2011301,0.00004721,8.00000000,1
1531219889126,1531219889121,2011302,0.00004721,5.00000000,1
1531219889573,1531219889567,2011303,0.00004721,13.00000000,1
1531219890116,1531219890114,2011304,0.00004721,8.00000000,1
1531219890680,1531219890676,2011305,0.00004721,8.00000000,1
1531219899796,1531219899792,2011306,0.00004721,57.00000000,1
1531219930985,1531219930980,2011307,0.00004719,22.00000000,0
1531219967113,1531219967109,2011308,0.00004719,22.00000000,0
1531220103468,1531220103464,2011309,0.00004719,40.00000000,0
1531220191516,1531220191511,2011310,0.00004719,843.00000000,0
1531220334561,1531220334555,2011311,0.00004719,262.00000000,0
1531220344550,1531220344546,2011312,0.00004719,5677.00000000,0
1531220970952,1531220970946,2011313,0.00004717,58.00000000,1
1531220971547,1531220971543,2011314,0.00004717,92.00000000,0
1531221040507,1531221040501,2011315,0.00004737,105.00000000,0
1531221042305,1531221042299,2011316,0.00004717,90.00000000,1
1531221043611,1531221043605,2011317,0.00004717,15.00000000,1
1531221044786,1531221044780,2011318,0.00004717,1.00000000,1
1531221065087,1531221065083,2011319,0.00004722,140.00000000,1
1531221065109,1531221065105,2011320,0.00004718,106.00000000,1
1531221065109,1531221065105,2011321,0.00004717,141.00000000,1
1531221065183,1531221065175,2011322,0.00004717,141.00000000,1
1531221218611,1531221218605,2011323,0.00004717,207.00000000,0
1531221219619,1531221219614,2011324,0.00004717,2678.00000000,0
1531221262756,1531221262751,2011325,0.00004739,139.00000000,0
1531221265856,1531221265854,2011326,0.00004719,139.00000000,1
1531221307502,1531221307496,2011327,0.00004739,1.00000000,0
1531221307531,1531221307526,2011328,0.00004740,21.00000000,1
1531221398255,1531221398250,2011329,0.00004743,258.00000000,0
1531221430554,1531221430550,2011330,0.00004743,185.00000000,0
1531221430554,1531221430550,2011331,0.00004744,73.00000000,0
1531221791554,1531221791549,2011332,0.00004746,22.00000000,0
1531221830963,1531221830959,2011333,0.00004724,255.00000000,1
1531221830963,1531221830959,2011334,0.00004723,227.00000000,1
1531221856921,1531221856916,2011335,0.00004723,22.00000000,1
1531221977958,1531221977953,2011336,0.00004741,42.00000000,0
1531221992589,1531221992584,2011337,0.00004724,208.00000000,1
1531222158578,1531222158574,2011338,0.00004741,55.00000000,0
1531222338252,1531222338248,2011339,0.00004741,22.00000000,0
1531222371549,1531222371544,2011340,0.00004716,21.00000000,1
1531222378435,1531222378430,2011341,0.00004718,146.00000000,1
1531222378435,1531222378430,2011342,0.00004716,3038.00000000,1
1531222511226,1531222511223,2011343,0.00004716,50.00000000,1
1531222554461,1531222554456,2011344,0.00004716,5.00000000,1
1531222568281,1531222568278,2011345,0.00004716,334.00000000,1
1531222645515,1531222645511,2011346,0.00004716,679.00000000,1
1531222735956,1531222735952,2011347,0.00004716,1986.00000000,1
1531222736711,1531222736707,2011348,0.00004715,7279.00000000,1
1531222740140,1531222740136,2011349,0.00004706,22.00000000,1
1531222741725,1531222741721,2011350,0.00004701,22.00000000,1
1531222742688,1531222742685,2011351,0.00004716,50.00000000,0
1531222742798,1531222742794,2011352,0.00004716,43.00000000,1
1531222775223,1531222775218,2011353,0.00004700,30.00000000,1
1531222775223,1531222775218,2011354,0.00004699,44.00000000,1
1531222796357,1531222796353,2011355,0.00004694,122.00000000,1
1531222797210,1531222797206,2011356,0.00004694,91.00000000,1
1531222802816,1531222802813,2011357,0.00004693,72.00000000,1
1531222814105,1531222814100,2011358,0.00004688,323.00000000,1
1531222814105,1531222814100,2011359,0.00004685,84.00000000,1
1531222814105,1531222814100,2011360,0.00004684,22.00000000,1
1531222814105,1531222814100,2011361,0.00004668,22.00000000,1
1531222814105,1531222814100,2011362,0.00004666,23.00000000,1
1531222814105,1531222814100,2011363,0.00004662,112.00000000,1
1531222814105,1531222814100,2011364,0.00004661,23.00000000,1
1531222814105,1531222814100,2011365,0.00004660,1803.00000000,1
1531222823606,1531222823603,2011366,0.00004665,72.00000000,1
1531222823606,1531222823603,2011367,0.00004660,283.00000000,1
1531222842292,1531222842287,2011368,0.00004660,22.00000000,1
1531222915628,1531222915624,2011369,0.00004669,232.00000000,0
1531222915628,1531222915624,2011370,0.00004670,99.00000000,0
1531222915628,1531222915624,2011371,0.00004693,72.00000000,0
1531222915628,1531222915624,2011372,0.00004701,457.00000000,0
1531222922277,1531222922273,2011373,0.00004661,100.00000000,1
1531222983394,1531222983391,2011374,0.00004665,37.00000000,1
1531223027415,1531223027412,2011375,0.00004667,103.00000000,1
1531223027415,1531223027412,2011376,0.00004666,214.00000000,1
1531223027415,1531223027412,2011377,0.00004665,292.00000000,1
1531223027415,1531223027412,2011378,0.00004664,72.00000000,1
1531223027415,1531223027412,2011379,0.00004660,54.00000000,1
1531223036776,1531223036773,2011380,0.00004690,8.00000000,0
1531223036864,1531223036861,2011381,0.00004690,8.00000000,0
1531223036944,1531223036940,2011382,0.00004690,13.00000000,0
1531223037120,1531223037116,2011383,0.00004690,4.00000000,0
1531223037162,1531223037158,2011384,0.00004690,8.00000000,0
1531223037223,1531223037219,2011385,0.00004690,5.00000000,0
1531223037444,1531223037440,2011386,0.00004690,6.00000000,0
1531223037515,1531223037513,2011387,0.00004690,8.00000000,0
1531223037563,1531223037559,2011388,0.00004690,6.00000000,0
1531223037640,1531223037636,2011389,0.00004690,12.00000000,0
1531223037695,1531223037692,2011390,0.00004690,12.00000000,0
1531223037742,1531223037742,2011391,0.00004690,6.00000000,0
1531223038018,1531223038013,2011392,0.00004690,16.00000000,0
1531223038076,1531223038072,2011393,0.00004690,5.00000000,0
1531223038130,1531223038127,2011394,0.00004690,6.00000000,0
1531223038239,1531223038236,2011395,0.00004690,6.00000000,0
1531223038310,1531223038307,2011396,0.00004690,13.00000000,0
1531223038369,1531223038366,2011397,0.00004690,6.00000000,0
1531223038816,1531223038811,2011398,0.00004690,6.00000000,0
1531223038883,1531223038879,2011399,0.00004690,8.00000000,0
1531223038897,1531223038894,2011400,0.00004690,6.00000000,0
1531223039045,1531223039041,2011401,0.00004690,8.00000000,0
1531223039054,1531223039051,2011402,0.00004690,8.00000000,0
1531223039087,1531223039084,2011403,0.00004690,8.00000000,0
1531223039289,1531223039285,2011404,0.00004690,6.00000000,0
1531223039389,1531223039385,2011405,0.00004690,16.00000000,0
1531223039389,1531223039385,2011406,0.00004691,9.00000000,0
1531223039494,1531223039490,2011407,0.00004691,50.00000000,0
1531223039550,1531223039546,2011408,0.00004691,5.00000000,0
1531223039584,1531223039580,2011409,0.00004691,8.00000000,0
1531223039584,1531223039580,2011410,0.00004699,4.00000000,0
1531223039620,1531223039616,2011411,0.00004699,8.00000000,0
1531223163743,1531223163740,2011412,0.00004665,173.00000000,1
1531223194433,1531223194427,2011413,0.00004689,146.00000000,0
1531223194433,1531223194427,2011414,0.00004690,112.00000000,0
1531223194433,1531223194427,2011415,0.00004695,1391.00000000,0
1531223194433,1531223194427,2011416,0.00004696,1117.00000000,0
1531223194433,1531223194427,2011417,0.00004699,1258.00000000,0
1531223210475,1531223210472,2011418,0.00004666,36.00000000,1
1531223312035,1531223312031,2011419,0.00004699,208.00000000,0
1531223315144,1531223315142,2011420,0.00004668,208.00000000,1
1531223325998,1531223325994,2011421,0.00004699,1.00000000,0
1531223325998,1531223325994,2011422,0.00004700,73.00000000,0
1531223410194,1531223410191,2011423,0.00004700,148.00000000,0
1531223424516,1531223424513,2011424,0.00004700,60.00000000,0
1531223424516,1531223424513,2011425,0.00004703,62.00000000,0
1531223427394,1531223427391,2011426,0.00004702,4318.00000000,0
1531223430640,1531223430636,2011427,0.00004702,1981.00000000,0
1531223449407,1531223449404,2011428,0.00004703,130.00000000,0
1531223468089,1531223468087,2011429,0.00004703,131.00000000,0
1531223468089,1531223468087,2011430,0.00004707,6.00000000,0
1531223486822,1531223486817,2011431,0.00004707,16.00000000,0
1531223486822,1531223486817,2011432,0.00004711,129.00000000,0
1531223509999,1531223509996,2011433,0.00004712,154.00000000,0
1531223546687,1531223546684,2011434,0.00004711,163.00000000,0
1531223560005,1531223560002,2011435,0.00004693,139.00000000,1
1531223560005,1531223560002,2011436,0.00004684,430.00000000,1
1531223560005,1531223560002,2011437,0.00004683,158.00000000,1
1531223564459,1531223564456,2011438,0.00004681,12.00000000,0
1531223579006,1531223579002,2011439,0.00004681,57.00000000,0
1531223627281,1531223627277,2011440,0.00004704,139.00000000,0
1531223627281,1531223627277,2011441,0.00004709,73.00000000,0
1531223671626,1531223671623,2011442,0.00004708,22.00000000,0
1531223689041,1531223689036,2011443,0.00004688,3.00000000,1
1531223690390,1531223690388,2011444,0.00004681,3.00000000,1
1531223693285,1531223693282,2011445,0.00004681,28.00000000,1
1531223748439,1531223748437,2011446,0.00004708,169.00000000,0
1531223779796,1531223779791,2011447,0.00004708,238.00000000,0
1531223779796,1531223779791,2011448,0.00004710,85.00000000,0
1531223779796,1531223779791,2011449,0.00004711,3587.00000000,0
1531223779796,1531223779791,2011450,0.00004712,3759.00000000,0
1531223821208,1531223821205,2011451,0.00004696,627.00000000,1
1531223821863,1531223821859,2011452,0.00004681,142.00000000,0
1531223823905,1531223823901,2011453,0.00004680,142.00000000,0
1531223825845,1531223825844,2011454,0.00004681,485.00000000,0
1531223826831,1531223826826,2011455,0.00004684,142.00000000,0
1531223831986,1531223831982,2011456,0.00004687,142.00000000,0
1531223846461,1531223846458,2011457,0.00004696,126.00000000,0
1531223849494,1531223849491,2011458,0.00004696,313.00000000,0
1531223850218,1531223850214,2011459,0.00004696,188.00000000,0
1531223871709,1531223871707,2011460,0.00004712,22.00000000,0
1531223926847,1531223926844,2011461,0.00004712,1145.00000000,0
1531223954960,1531223954957,2011462,0.00004696,41.00000000,1
1531223994632,1531223994629,2011463,0.00004695,250.00000000,1
1531224016218,1531224016215,2011464,0.00004695,22.00000000,0
1531224074441,1531224074437,2011465,0.00004683,440.00000000,1
1531224196718,1531224196713,2011466,0.00004701,74.00000000,0
1531224196815,1531224196811,2011467,0.00004701,139.00000000,0
1531224211880,1531224211876,2011468,0.00004702,41.00000000,0
1531224224668,1531224224665,2011469,0.00004701,74.00000000,1
1531224229037,1531224229034,2011470,0.00004701,126.00000000,1
1531224255786,1531224255782,2011471,0.00004709,72.00000000,0
1531224255786,1531224255782,2011472,0.00004712,278.00000000,0
1531224275283,1531224275279,2011473,0.00004702,57.00000000,1
1531224372441,1531224372437,2011474,0.00004705,25.00000000,0
1531224408881,1531224408877,2011475,0.00004712,63.00000000,0
1531224439188,1531224439184,2011476,0.00004697,88.00000000,1
1531224501306,1531224501301,2011477,0.00004698,617.00000000,1
1531224507713,1531224507712,2011478,0.00004698,188.00000000,0
1531224507713,1531224507712,2011479,0.00004711,12.00000000,0
1531224631946,1531224631943,2011480,0.00004709,468.00000000,0
1531224635050,1531224635050,2011481,0.00004697,71.00000000,1
1531224856883,1531224856879,2011482,0.00004711,134.00000000,0
1531224857171,1531224857167,2011483,0.00004711,1.00000000,0
1531224857171,1531224857167,2011484,0.00004712,211.00000000,0
1531224859124,1531224859121,2011485,0.00004712,174.00000000,0
1531224893942,1531224893941,2011486,0.00004712,1.00000000,0
1531225054394,1531225054389,2011487,0.00004713,618.00000000,1
1531225054394,1531225054389,2011488,0.00004712,250.00000000,1
1531225174972,1531225174967,2011489,0.00004706,106.00000000,1
1531225235933,1531225235930,2011490,0.00004700,137.00000000,0
1531225250195,1531225250193,2011491,0.00004683,1.00000000,1
1531225254251,1531225254249,2011492,0.00004699,43.00000000,0
1531225283624,1531225283619,2011493,0.00004699,278.00000000,0
1531225351486,1531225351483,2011494,0.00004703,43.00000000,0
1531225596082,1531225596070,2011495,0.00004682,138.00000000,1
1531225596082,1531225596070,2011496,0.00004681,162.00000000,1
1531225629696,1531225629691,2011497,0.00004681,568.00000000,1
1531225629696,1531225629691,2011498,0.00004680,676.00000000,1
1531225669203,1531225669199,2011499,0.00004690,106.00000000,1
1531225702447,1531225702444,2011500,0.00004680,1654.00000000,1
1531225864854,1531225864852,2011501,0.00004680,101.00000000,1
1531225974806,1531225974802,2011502,0.00004681,240.00000000,1
1531226191626,1531226191624,2011503,0.00004681,100.00000000,1
1531226267316,1531226267310,2011504,0.00004681,50.00000000,1
1531226316069,1531226316066,2011505,0.00004689,20.00000000,0
1531226453115,1531226453111,2011506,0.00004689,4.00000000,0
1531226454903,1531226454888,2011507,0.00004689,38.00000000,0
1531226526062,1531226526057,2011508,0.00004689,170.00000000,0
1531226554407,1531226554403,2011509,0.00004691,1000.00000000,1
1531226558688,1531226558685,2011510,0.00004724,105.00000000,1
1531226564439,1531226564435,2011511,0.00004696,213.00000000,1
1531226570204,1531226570203,2011512,0.00004692,91.00000000,1
1531226572457,1531226572454,2011513,0.00004694,1000.00000000,1
1531226584369,1531226584364,2011514,0.00004695,840.00000000,1
1531226843484,1531226843481,2011515,0.00004700,72.00000000,0
1531226863487,1531226863483,2011516,0.00004683,16.00000000,1
1531226863966,1531226863962,2011517,0.00004683,25.00000000,1
1531226864541,1531226864537,2011518,0.00004683,4.00000000,1
1531226864541,1531226864537,2011519,0.00004681,6.00000000,1
1531226864751,1531226864747,2011520,0.00004681,80.00000000,1
1531226864751,1531226864747,2011521,0.00004680,19.00000000,1
1531226865126,1531226865122,2011522,0.00004680,24.00000000,1
1531226865552,1531226865552,2011523,0.00004680,50.00000000,1
1531226866311,1531226866306,2011524,0.00004680,12.00000000,1
1531226866497,1531226866492,2011525,0.00004680,16.00000000,1
1531226866802,1531226866795,2011526,0.00004680,16.00000000,1
1531226867254,1531226867251,2011527,0.00004680,16.00000000,1
1531226867707,1531226867703,2011528,0.00004680,16.00000000,1
1531226868009,1531226868005,2011529,0.00004680,12.00000000,1
1531226868399,1531226868394,2011530,0.00004680,112.00000000,1
1531226868399,1531226868394,2011531,0.00004673,22.00000000,1
1531226868399,1531226868394,2011532,0.00004672,22.00000000,1
1531226868399,1531226868394,2011533,0.00004670,3.00000000,1
1531226868940,1531226868937,2011534,0.00004670,13.00000000,1
1531226869322,1531226869317,2011535,0.00004670,13.00000000,1
1531226869772,1531226869773,2011536,0.00004670,26.00000000,1
1531226870308,1531226870304,2011537,0.00004670,13.00000000,1
1531226870748,1531226870745,2011538,0.00004670,13.00000000,1
1531226871160,1531226871156,2011539,0.00004670,11.00000000,1
1531226871579,1531226871574,2011540,0.00004670,33.00000000,1
1531226871965,1531226871967,2011541,0.00004670,13.00000000,1
1531226872371,1531226872368,2011542,0.00004670,24.00000000,1
1531226872707,1531226872704,2011543,0.00004670,25.00000000,1
1531226872999,1531226872994,2011544,0.00004670,12.00000000,1
1531226873419,1531226873416,2011545,0.00004670,16.00000000,1
1531226873837,1531226873832,2011546,0.00004670,13.00000000,1
1531226874295,1531226874293,2011547,0.00004670,16.00000000,1
1531226874734,1531226874730,2011548,0.00004670,9.00000000,1
1531226875122,1531226875117,2011549,0.00004670,10.00000000,1
1531226875523,1531226875518,2011550,0.00004670,25.00000000,1
1531226875882,1531226875878,2011551,0.00004670,16.00000000,1
1531226876307,1531226876302,2011552,0.00004670,16.00000000,1
1531226891198,1531226891195,2011553,0.00004698,1.00000000,0
1531226900113,1531226900110,2011554,0.00004695,66.00000000,0
1531226902265,1531226902260,2011555,0.00004695,139.00000000,1
1531226961705,1531226961702,2011556,0.00004694,205.00000000,0
1531226961705,1531226961702,2011557,0.00004695,477.00000000,0
1531226962475,1531226962470,2011558,0.00004695,1000.00000000,1
1531226970416,1531226970411,2011559,0.00004695,310.00000000,1
1531227013399,1531227013396,2011560,0.00004697,106.00000000,1
1531227085007,1531227085003,2011561,0.00004702,1.00000000,0
1531227224926,1531227224923,2011562,0.00004674,21.00000000,1
1531227226699,1531227226695,2011563,0.00004667,21.00000000,1
1531227248577,1531227248574,2011564,0.00004702,65.00000000,0
1531227308778,1531227308774,2011565,0.00004702,147.00000000,0
1531227309642,1531227309639,2011566,0.00004702,683.00000000,1
1531227419604,1531227419600,2011567,0.00004703,1.00000000,0
1531227426440,1531227426436,2011568,0.00004680,153.00000000,1
1531227426440,1531227426436,2011569,0.00004677,65.00000000,1
1531227426440,1531227426436,2011570,0.00004668,7507.00000000,1
1531227426440,1531227426436,2011571,0.00004667,3737.00000000,1
1531227434283,1531227434279,2011572,0.00004698,106.00000000,1
1531227790769,1531227790765,2011573,0.00004694,69.00000000,0
1531227793475,1531227793470,2011574,0.00004694,53.00000000,0
1531227793480,1531227793475,2011575,0.00004694,31.00000000,0
1531227793480,1531227793475,2011576,0.00004699,22.00000000,0
1531227864908,1531227864903,2011577,0.00004676,140.00000000,1
1531228114720,1531228114715,2011578,0.00004667,214.00000000,1
1531228114720,1531228114715,2011579,0.00004666,45.00000000,1
1531228114720,1531228114715,2011580,0.00004662,44.00000000,1
1531228114720,1531228114715,2011581,0.00004661,96.00000000,1
1531228114720,1531228114715,2011582,0.00004660,36.00000000,1
1531228152603,1531228152599,2011583,0.00004660,342.00000000,1
1531228175501,1531228175497,2011584,0.00004660,22.00000000,1
1531228523507,1531228523501,2011585,0.00004673,31.00000000,0
1531228563559,1531228563556,2011586,0.00004669,64.00000000,1
1531228581549,1531228581544,2011587,0.00004669,72.00000000,1
1531228684414,1531228684409,2011588,0.00004669,23.00000000,1
1531228880703,1531228880697,2011589,0.00004672,347.00000000,0
1531228906695,1531228906690,2011590,0.00004670,140.00000000,0
1531228907683,1531228907681,2011591,0.00004671,175.00000000,0
1531228961701,1531228961697,2011592,0.00004672,116.00000000,0
1531229067434,1531229067429,2011593,0.00004670,411.00000000,1
1531229068433,1531229068429,2011594,0.00004669,318.00000000,1
1531229089174,1531229089169,2011595,0.00004672,1.00000000,0
1531229089174,1531229089169,2011596,0.00004680,183.00000000,0
1531229089353,1531229089351,2011597,0.00004681,4771.00000000,0
1531229154145,1531229154140,2011598,0.00004685,64.00000000,0
1531229154145,1531229154140,2011599,0.00004691,45.00000000,0
1531229154145,1531229154140,2011600,0.00004699,391.00000000,0
1531229215151,1531229215146,2011601,0.00004703,254.00000000,0
1531229224596,1531229224595,2011602,0.00004703,112.00000000,1
1531229267768,1531229267765,2011603,0.00004684,58.00000000,1
1531229450543,1531229450539,2011604,0.00004696,22.00000000,0
1531229654426,1531229654421,2011605,0.00004692,22.00000000,0
1531229692329,1531229692325,2011606,0.00004700,22.00000000,0
1531229722573,1531229722567,2011607,0.00004700,89.00000000,0
1531229722573,1531229722567,2011608,0.00004702,8598.00000000,0
1531229725650,1531229725645,2011609,0.00004703,102.00000000,0
1531229726635,1531229726630,2011610,0.00004707,22.00000000,0
1531229726975,1531229726970,2011611,0.00004703,1000.00000000,1
1531229736219,1531229736215,2011612,0.00004703,1000.00000000,1
1531229738532,1531229738528,2011613,0.00004703,3255.00000000,1
1531229767699,1531229767694,2011614,0.00004700,1000.00000000,1
1531229773661,1531229773658,2011615,0.00004700,205.00000000,1
1531229775521,1531229775515,2011616,0.00004700,777.00000000,1
1531229783392,1531229783388,2011617,0.00004699,495.00000000,1
1531229792427,1531229792421,2011618,0.00004695,372.00000000,1
1531229808698,1531229808693,2011619,0.00004710,4.00000000,0
1531229882122,1531229882118,2011620,0.00004710,41.00000000,0
1531229885154,1531229885147,2011621,0.00004715,15.00000000,0
1531229890771,1531229890767,2011622,0.00004699,17.00000000,1
1531229892538,1531229892516,2011623,0.00004698,17.00000000,1
1531229901979,1531229901974,2011624,0.00004699,143.00000000,1
1531229904420,1531229904415,2011625,0.00004698,703.00000000,1
1531229987929,1531229987924,2011626,0.00004714,100.00000000,0
1531230020366,1531230020362,2011627,0.00004714,3.00000000,0
1531230054144,1531230054139,2011628,0.00004714,40.00000000,0
1531230054144,1531230054139,2011629,0.00004715,7.00000000,0
1531230054545,1531230054541,2011630,0.00004715,53.00000000,1
1531230070320,1531230070314,2011631,0.00004715,42.00000000,0
1531230070320,1531230070314,2011632,0.00004720,31.00000000,0
1531230070320,1531230070314,2011633,0.00004725,22.00000000,0
1531230070320,1531230070314,2011634,0.00004730,256.00000000,0
1531230070320,1531230070314,2011635,0.00004735,200.00000000,0
1531230070320,1531230070314,2011636,0.00004737,48.00000000,0
1531230070320,1531230070314,2011637,0.00004739,12594.00000000,0
1531230070339,1531230070334,2011638,0.00004739,860.00000000,1
1531230071990,1531230071986,2011639,0.00004715,151.00000000,1
1531230078019,1531230078012,2011640,0.00004738,151.00000000,0
1531230078019,1531230078012,2011641,0.00004740,320.00000000,0
1531230078019,1531230078012,2011642,0.00004743,129.00000000,0
1531230078019,1531230078012,2011643,0.00004744,22.00000000,0
1531230078019,1531230078012,2011644,0.00004746,6395.00000000,0
1531230115553,1531230115549,2011645,0.00004746,147.00000000,0
1531230123533,1531230123530,2011646,0.00004746,221.00000000,0
1531230136610,1531230136607,2011647,0.00004719,146.00000000,1
1531230142580,1531230142574,2011648,0.00004745,303.00000000,1
1531230142592,1531230142587,2011649,0.00004745,13.00000000,1
1531230144970,1531230144966,2011650,0.00004753,141.00000000,0
1531230145629,1531230145625,2011651,0.00004753,5.00000000,0
1531230146594,1531230146590,2011652,0.00004753,126.00000000,1
1531230152901,1531230152897,2011653,0.00004731,149.00000000,1
1531230153441,1531230153437,2011654,0.00004730,112.00000000,1
1531230159449,1531230159445,2011655,0.00004731,118.00000000,1
1531230192388,1531230192383,2011656,0.00004730,118.00000000,0
1531230192388,1531230192383,2011657,0.00004731,23.00000000,0
1531230192388,1531230192383,2011658,0.00004753,149.00000000,0
1531230192388,1531230192383,2011659,0.00004754,24.00000000,0
1531230192388,1531230192383,2011660,0.00004755,1687.00000000,0
1531230196931,1531230196927,2011661,0.00004760,44.00000000,0
1531230197171,1531230197167,2011662,0.00004760,121.00000000,1
1531230199158,1531230199153,2011663,0.00004761,2101.00000000,1
1531230199158,1531230199153,2011664,0.00004760,4281.00000000,1
1531230199781,1531230199776,2011665,0.00004760,93.00000000,1
1531230200942,1531230200938,2011666,0.00004760,460.00000000,1
1531230203137,1531230203130,2011667,0.00004725,553.00000000,1
1531230205934,1531230205929,2011668,0.00004728,65.00000000,1
1531230205934,1531230205929,2011669,0.00004727,82.00000000,1
1531230207781,1531230207777,2011670,0.00004729,71.00000000,1
1531230209825,1531230209820,2011671,0.00004729,43.00000000,1
1531230211705,1531230211701,2011672,0.00004729,65.00000000,1
1531230213772,1531230213767,2011673,0.00004730,66.00000000,1
1531230213772,1531230213767,2011674,0.00004729,80.00000000,1
1531230215650,1531230215645,2011675,0.00004729,1173.00000000,1
1531230217124,1531230217119,2011676,0.00004757,39.00000000,0
1531230237679,1531230237670,2011677,0.00004737,22.00000000,0
1531230273674,1531230273668,2011678,0.00004716,66.00000000,0
1531230273674,1531230273668,2011679,0.00004717,65.00000000,0
1531230325383,1531230325380,2011680,0.00004738,64.00000000,1
1531230346705,1531230346700,2011681,0.00004725,6004.00000000,1
1531230346705,1531230346700,2011682,0.00004724,7000.00000000,1
1531230346705,1531230346700,2011683,0.00004723,6996.00000000,1
1531230384717,1531230384712,2011684,0.00004725,141.00000000,1
1531230385127,1531230385121,2011685,0.00004725,131.00000000,1
1531230386544,1531230386539,2011686,0.00004725,316.00000000,1
1531230429559,1531230429554,2011687,0.00004725,166.00000000,1
1531230450084,1531230450078,2011688,0.00004731,31.00000000,0
1531230471562,1531230471559,2011689,0.00004723,465.00000000,1
1531230473564,1531230473559,2011690,0.00004716,132.00000000,1
1531230556661,1531230556656,2011691,0.00004714,44.00000000,1
1531230574746,1531230574742,2011692,0.00004712,64.00000000,1
1531230632937,1531230632932,2011693,0.00004705,218.00000000,1
1531230641157,1531230641153,2011694,0.00004705,104.00000000,1
1531230649710,1531230649706,2011695,0.00004704,201.00000000,1
1531230651724,1531230651720,2011696,0.00004699,735.00000000,1
1531230652824,1531230652820,2011697,0.00004698,397.00000000,1
1531230654574,1531230654569,2011698,0.00004697,22.00000000,1
1531230656569,1531230656567,2011699,0.00004691,68.00000000,1
1531230677711,1531230677707,2011700,0.00004683,28.00000000,1
1531230686727,1531230686723,2011701,0.00004679,65.00000000,1
1531230689567,1531230689563,2011702,0.00004677,22.00000000,1
1531230697714,1531230697709,2011703,0.00004677,1069.00000000,1
1531230699363,1531230699359,2011704,0.00004677,4062.00000000,1
1531230701236,1531230701232,2011705,0.00004673,78.00000000,1
1531230704910,1531230704906,2011706,0.00004672,78.00000000,1
1531230705295,1531230705291,2011707,0.00004672,146.00000000,0
1531230705747,1531230705742,2011708,0.00004672,53.00000000,0
1531230711859,1531230711855,2011709,0.00004672,75.00000000,0
1531230713067,1531230713062,2011710,0.00004671,30.00000000,0
1531230721076,1531230721072,2011711,0.00004668,22.00000000,1
1531230737520,1531230737516,2011712,0.00004672,69.00000000,0
1531230737828,1531230737824,2011713,0.00004668,1049.00000000,1
1531230738102,1531230738098,2011714,0.00004672,43.00000000,0
1531230753020,1531230753015,2011715,0.00004677,5467.00000000,0
1531230753261,1531230753258,2011716,0.00004677,1474.00000000,0
1531230754178,1531230754174,2011717,0.00004677,107.00000000,0
1531230754178,1531230754174,2011718,0.00004678,106.00000000,0
1531230771443,1531230771439,2011719,0.00004672,114.00000000,1
1531230774844,1531230774839,2011720,0.00004695,75.00000000,0
1531230785656,1531230785651,2011721,0.00004674,153.00000000,1
1531230785671,1531230785667,2011722,0.00004674,621.00000000,0
1531230785671,1531230785667,2011723,0.00004674,1.00000000,0
1531230785699,1531230785693,2011724,0.00004693,39.00000000,0
1531230785699,1531230785693,2011725,0.00004696,483.00000000,0
1531230785699,1531230785693,2011726,0.00004697,99.00000000,0
1531230798350,1531230798345,2011727,0.00004675,147.00000000,1
1531230798350,1531230798345,2011728,0.00004671,30.00000000,1
1531230798350,1531230798345,2011729,0.00004668,45.00000000,1
1531230798372,1531230798367,2011730,0.00004668,359.00000000,0
1531230808332,1531230808328,2011731,0.00004674,749.00000000,1
1531230808353,1531230808347,2011732,0.00004674,124.00000000,0
1531230816143,1531230816138,2011733,0.00004674,873.00000000,0
1531230833150,1531230833146,2011734,0.00004687,146.00000000,0
1531230833602,1531230833597,2011735,0.00004686,125.00000000,0
1531230834486,1531230834481,2011736,0.00004686,152.00000000,0
1531230857766,1531230857762,2011737,0.00004686,1.00000000,0
1531230858330,1531230858326,2011738,0.00004693,10.00000000,0
1531230867080,1531230867075,2011739,0.00004682,483.00000000,1
1531230867080,1531230867075,2011740,0.00004681,117.00000000,1
1531230914310,1531230914306,2011741,0.00004693,2.00000000,0
1531230943878,1531230943872,2011742,0.00004693,33.00000000,0
1531230943878,1531230943872,2011743,0.00004697,482.00000000,0
1531230943878,1531230943872,2011744,0.00004698,350.00000000,0
1531231126289,1531231126284,2011745,0.00004698,22.00000000,0
1531231184285,1531231184279,2011746,0.00004698,37.00000000,0
1531231184285,1531231184279,2011747,0.00004699,160.00000000,0
1531231184285,1531231184279,2011748,0.00004708,1766.00000000,0
1531231184285,1531231184279,2011749,0.00004709,735.00000000,0
1531231184285,1531231184279,2011750,0.00004710,2595.00000000,0
1531231207710,1531231207706,2011751,0.00004687,31.00000000,1
1531231231561,1531231231557,2011752,0.00004688,482.00000000,1
1531231231561,1531231231557,2011753,0.00004687,168.00000000,1
1531231232161,1531231232157,2011754,0.00004686,161.00000000,1
1531231263339,1531231263335,2011755,0.00004686,213.00000000,0
1531231410728,1531231410724,2011756,0.00004685,22.00000000,1
1531231473709,1531231473701,2011757,0.00004675,161.00000000,1
1531231473709,1531231473701,2011758,0.00004672,22.00000000,1
1531231473709,1531231473701,2011759,0.00004668,746.00000000,1
1531231473709,1531231473701,2011760,0.00004667,700.00000000,1
1531231473709,1531231473701,2011761,0.00004665,91.00000000,1
1531231473709,1531231473701,2011762,0.00004661,245.00000000,1
1531231473709,1531231473701,2011763,0.00004660,22.00000000,1
1531231473709,1531231473701,2011764,0.00004659,203.00000000,1
1531231473709,1531231473701,2011765,0.00004658,400.00000000,1
1531231473709,1531231473701,2011766,0.00004657,23.00000000,1
1531231473709,1531231473701,2011767,0.00004653,22.00000000,1
1531231473709,1531231473701,2011768,0.00004651,779.00000000,1
1531231473709,1531231473701,2011769,0.00004650,132.00000000,1
1531231473709,1531231473701,2011770,0.00004649,77.00000000,1
1531231473709,1531231473701,2011771,0.00004649,350.00000000,1
1531231473709,1531231473701,2011772,0.00004649,170.00000000,1
1531231473709,1531231473701,2011773,0.00004649,580.00000000,1
1531231550606,1531231550601,2011774,0.00004657,22.00000000,1
1531231579417,1531231579411,2011775,0.00004656,162.00000000,1
1531231579417,1531231579411,2011776,0.00004653,19.00000000,1
1531231604410,1531231604407,2011777,0.00004660,99.00000000,0
1531231655204,1531231655198,2011778,0.00004660,134.00000000,0
1531231675922,1531231675916,2011779,0.00004655,28.00000000,1
1531231675922,1531231675916,2011780,0.00004650,104.00000000,1
1531231715058,1531231715053,2011781,0.00004655,100.00000000,1
1531231715058,1531231715053,2011782,0.00004651,11734.00000000,1
1531231715058,1531231715053,2011783,0.00004650,227.00000000,1
1531231715147,1531231715144,2011784,0.00004650,158.00000000,0
1531231748813,1531231748808,2011785,0.00004649,168.00000000,1
1531231777808,1531231777805,2011786,0.00004651,26.00000000,1
1531231777849,1531231777844,2011787,0.00004649,754.00000000,1
1531231791917,1531231791911,2011788,0.00004667,22.00000000,0
1531231901736,1531231901731,2011789,0.00004649,399.00000000,1
1531232000592,1531232000588,2011790,0.00004667,117.00000000,0
1531232000614,1531232000610,2011791,0.00004667,204.00000000,1
1531232001846,1531232001842,2011792,0.00004649,674.00000000,1
1531232023723,1531232023718,2011793,0.00004668,26.00000000,0
1531232023762,1531232023757,2011794,0.00004668,295.00000000,1
1531232050648,1531232050644,2011795,0.00004669,76.00000000,0
1531232054330,1531232054327,2011796,0.00004669,53.00000000,0
1531232054362,1531232054355,2011797,0.00004669,32.00000000,0
1531232054362,1531232054355,2011798,0.00004670,21.00000000,0
1531232054794,1531232054789,2011799,0.00004670,53.00000000,0
1531232109605,1531232109600,2011800,0.00004670,37.00000000,0
1531232109630,1531232109627,2011801,0.00004670,428.00000000,1
1531232109854,1531232109851,2011802,0.00004670,25.00000000,1
1531232308741,1531232308737,2011803,0.00004650,102.00000000,1
1531232358247,1531232358244,2011804,0.00004671,102.00000000,0
1531232358467,1531232358463,2011805,0.00004671,9.00000000,1
1531232390492,1531232390486,2011806,0.00004653,139.00000000,1
1531232390492,1531232390486,2011807,0.00004652,361.00000000,1
1531232418002,1531232417998,2011808,0.00004652,142.00000000,1
1531232446244,1531232446239,2011809,0.00004652,8529.00000000,1
1531232446244,1531232446239,2011810,0.00004651,373.00000000,1
1531232446244,1531232446239,2011811,0.00004649,328.00000000,1
1531232446244,1531232446239,2011812,0.00004646,770.00000000,1
1531232462486,1531232462481,2011813,0.00004664,139.00000000,0
1531232462889,1531232462885,2011814,0.00004664,444.00000000,1
1531232624331,1531232624328,2011815,0.00004654,340.00000000,1
1531232650696,1531232650694,2011816,0.00004654,90.00000000,1
1531232669461,1531232669458,2011817,0.00004665,1.00000000,0
1531232783982,1531232783977,2011818,0.00004647,154.00000000,1
1531232834142,1531232834138,2011819,0.00004646,379.00000000,1
1531232983635,1531232983632,2011820,0.00004646,22.00000000,1
1531232984209,1531232984208,2011821,0.00004666,22.00000000,0
1531233065581,1531233065576,2011822,0.00004666,22.00000000,0
1531233125118,1531233125113,2011823,0.00004666,60.00000000,0
1531233126778,1531233126774,2011824,0.00004666,50.00000000,0
1531233403616,1531233403615,2011825,0.00004672,17.00000000,0
1531233537024,1531233537020,2011826,0.00004672,23.00000000,0
1531233541632,1531233541629,2011827,0.00004672,291.00000000,0
1531233541632,1531233541629,2011828,0.00004676,45.00000000,0
1531233541632,1531233541629,2011829,0.00004678,161.00000000,0
1531233650049,1531233650045,2011830,0.00004684,2.00000000,0
1531233677232,1531233677229,2011831,0.00004667,20.00000000,1
1531233677862,1531233677858,2011832,0.00004683,10777.00000000,0
1531233679392,1531233679389,2011833,0.00004666,20.00000000,1
1531233716971,1531233716966,2011834,0.00004684,132.00000000,0
1531233717007,1531233717004,2011835,0.00004684,259.00000000,1
1531233850780,1531233850777,2011836,0.00004685,149.00000000,0
1531233972563,1531233972558,2011837,0.00004688,363.00000000,0
1531234028479,1531234028475,2011838,0.00004667,128.00000000,1
1531234096155,1531234096152,2011839,0.00004686,2.00000000,0
1531234098403,1531234098399,2011840,0.00004686,4.00000000,0
1531234177836,1531234177830,2011841,0.00004666,141.00000000,1
1531234177836,1531234177830,2011842,0.00004653,134.00000000,1
1531234177836,1531234177830,2011843,0.00004647,351.00000000,1
1531234177836,1531234177830,2011844,0.00004646,2073.00000000,1
1531234177836,1531234177830,2011845,0.00004644,23.00000000,1
1531234177836,1531234177830,2011846,0.00004643,36.00000000,1
1531234177836,1531234177830,2011847,0.00004642,22.00000000,1
1531234177836,1531234177830,2011848,0.00004641,65.00000000,1
1531234177836,1531234177830,2011849,0.00004638,22.00000000,1
1531234177836,1531234177830,2011850,0.00004637,81.00000000,1
1531234177836,1531234177830,2011851,0.00004636,135.00000000,1
1531234177836,1531234177830,2011852,0.00004635,22.00000000,1
1531234177836,1531234177830,2011853,0.00004632,563.00000000,1
1531234177836,1531234177830,2011854,0.00004631,12124.00000000,1
1531234177865,1531234177861,2011855,0.00004638,351.00000000,0
1531234178723,1531234178719,2011856,0.00004638,1.00000000,0
1531234178723,1531234178719,2011857,0.00004640,256.00000000,0
1531234178752,1531234178750,2011858,0.00004640,257.00000000,0
1531234178783,1531234178779,2011859,0.00004630,210.00000000,1
1531234178783,1531234178779,2011860,0.00004630,228.00000000,1
1531234178856,1531234178853,2011861,0.00004640,258.00000000,0
1531234181316,1531234181311,2011862,0.00004631,268.00000000,0
1531234181353,1531234181350,2011863,0.00004631,268.00000000,0
1531234181981,1531234181977,2011864,0.00004628,1222.00000000,1
1531234182604,1531234182601,2011865,0.00004631,55.00000000,0
1531234182663,1531234182660,2011866,0.00004631,148.00000000,0
1531234182704,1531234182699,2011867,0.00004631,448.00000000,0
1531234182784,1531234182780,2011868,0.00004631,127.00000000,0
1531234182880,1531234182877,2011869,0.00004631,304.00000000,0
1531234182978,1531234182973,2011870,0.00004631,25.00000000,0
1531234182978,1531234182973,2011871,0.00004639,122.00000000,0
1531234182978,1531234182973,2011872,0.00004640,43.00000000,0
1531234183700,1531234183697,2011873,0.00004640,54.00000000,0
1531234185452,1531234185443,2011874,0.00004627,98.00000000,1
1531234185452,1531234185443,2011875,0.00004625,24.00000000,1
1531234185452,1531234185443,2011876,0.00004622,35.00000000,1
1531234185452,1531234185443,2011877,0.00004621,187.00000000,1
1531234185452,1531234185443,2011878,0.00004620,165.00000000,1
1531234185452,1531234185443,2011879,0.00004619,60.00000000,1
1531234185452,1531234185443,2011880,0.00004618,36.00000000,1
1531234185452,1531234185443,2011881,0.00004617,24.00000000,1
1531234185452,1531234185443,2011882,0.00004616,220.00000000,1
1531234185452,1531234185443,2011883,0.00004613,47.00000000,1
1531234185452,1531234185443,2011884,0.00004610,1130.00000000,1
1531234185452,1531234185443,2011885,0.00004601,2156.00000000,1
1531234185452,1531234185443,2011886,0.00004600,1696.00000000,1
1531234185452,1531234185443,2011887,0.00004598,488.00000000,1
1531234185452,1531234185443,2011888,0.00004597,10594.00000000,1
1531234185453,1531234185443,2011889,0.00004596,22.00000000,1
1531234185453,1531234185443,2011890,0.00004592,66.00000000,1
1531234185453,1531234185443,2011891,0.00004591,240.00000000,1
1531234185453,1531234185443,2011892,0.00004586,65.00000000,1
1531234185454,1531234185443,2011893,0.00004586,200.00000000,1
1531234185456,1531234185443,2011894,0.00004586,1200.00000000,1
1531234185457,1531234185443,2011895,0.00004586,2101.00000000,1
1531234185465,1531234185461,2011896,0.00004589,100.00000000,0
1531234185476,1531234185473,2011897,0.00004589,100.00000000,0
1531234185476,1531234185474,2011898,0.00004589,50.00000000,0
1531234185476,1531234185474,2011899,0.00004590,50.00000000,0
1531234185487,1531234185483,2011900,0.00004586,200.00000000,1
1531234185488,1531234185483,2011901,0.00004590,1285.00000000,0
1531234185488,1531234185483,2011902,0.00004597,1000.00000000,0
1531234185488,1531234185483,2011903,0.00004600,8336.00000000,0
1531234185496,1531234185493,2011904,0.00004600,371.00000000,0
1531234185498,1531234185493,2011905,0.00004600,2258.00000000,0
1531234185528,1531234185525,2011906,0.00004601,2923.00000000,0
1531234185531,1531234185528,2011907,0.00004609,403.00000000,0
1531234187642,1531234187636,2011908,0.00004609,64.00000000,0
1531234190852,1531234190848,2011909,0.00004602,123.00000000,1
1531234194229,1531234194225,2011910,0.00004609,24.00000000,0
1531234195800,1531234195798,2011911,0.00004609,22.00000000,0
1531234197560,1531234197554,2011912,0.00004604,24.00000000,1
1531234197560,1531234197554,2011913,0.00004600,50.00000000,1
1531234197560,1531234197554,2011914,0.00004599,38.00000000,1
1531234197560,1531234197554,2011915,0.00004593,82.00000000,1
1531234198730,1531234198728,2011916,0.00004595,81.00000000,1
1531234199753,1531234199745,2011917,0.00004596,146.00000000,1
1531234199753,1531234199745,2011918,0.00004595,682.00000000,1
1531234199753,1531234199745,2011919,0.00004594,1088.00000000,1
1531234199753,1531234199745,2011920,0.00004593,82.00000000,1
1531234199753,1531234199745,2011921,0.00004592,48.00000000,1
1531234199753,1531234199745,2011922,0.00004588,23.00000000,1
1531234199753,1531234199745,2011923,0.00004587,1549.00000000,1
1531234199753,1531234199745,2011924,0.00004584,110.00000000,1
1531234199753,1531234199745,2011925,0.00004582,88.00000000,1
1531234199753,1531234199745,2011926,0.00004581,28.00000000,1
1531234199753,1531234199745,2011927,0.00004580,26.00000000,1
1531234199753,1531234199745,2011928,0.00004578,1082.00000000,1
1531234199753,1531234199745,2011929,0.00004576,26.00000000,1
1531234199753,1531234199745,2011930,0.00004575,240.00000000,1
1531234199753,1531234199745,2011931,0.00004574,129.00000000,1
1531234199753,1531234199745,2011932,0.00004573,6089.00000000,1
1531234199880,1531234199876,2011933,0.00004595,28.00000000,0
1531234200432,1531234200429,2011934,0.00004600,128.00000000,0
1531234200523,1531234200522,2011935,0.00004600,1.00000000,0
1531234200873,1531234200870,2011936,0.00004605,88.00000000,0
1531234201265,1531234201262,2011937,0.00004604,146.00000000,0
1531234201997,1531234201993,2011938,0.00004601,26.00000000,1
1531234203972,1531234203968,2011939,0.00004601,737.00000000,1
1531234205216,1531234205211,2011940,0.00004601,763.00000000,1
1531234205763,1531234205758,2011941,0.00004607,88.00000000,0
1531234205763,1531234205758,2011942,0.00004608,1644.00000000,0
1531234205792,1531234205789,2011943,0.00004608,2449.00000000,0
1531234205997,1531234205991,2011944,0.00004599,26.00000000,1
1531234206455,1531234206451,2011945,0.00004602,144.00000000,0
1531234207883,1531234207882,2011946,0.00004588,44.00000000,0
1531234207884,1531234207882,2011947,0.00004588,204.00000000,0
1531234207911,1531234207908,2011948,0.00004588,204.00000000,0
1531234207912,1531234207912,2011949,0.00004588,204.00000000,0
1531234208136,1531234208132,2011950,0.00004588,95.00000000,0
1531234209300,1531234209299,2011951,0.00004582,492.00000000,1
1531234209300,1531234209299,2011952,0.00004581,321.00000000,1
1531234209843,1531234209837,2011953,0.00004581,404.00000000,1
1531234209843,1531234209837,2011954,0.00004580,32.00000000,1
1531234209843,1531234209837,2011955,0.00004573,1077.00000000,1
1531234209843,1531234209837,2011956,0.00004568,548.00000000,1
1531234209843,1531234209837,2011957,0.00004567,985.00000000,1
1531234209843,1531234209837,2011958,0.00004565,2147.00000000,1
1531234209843,1531234209837,2011959,0.00004563,240.00000000,1
1531234209843,1531234209837,2011960,0.00004562,1404.00000000,1
1531234209843,1531234209837,2011961,0.00004557,83.00000000,1
1531234209843,1531234209837,2011962,0.00004556,1195.00000000,1
1531234209843,1531234209837,2011963,0.00004555,66.00000000,1
1531234209926,1531234209922,2011964,0.00004553,726.00000000,1
1531234210691,1531234210688,2011965,0.00004554,219.00000000,0
1531234210855,1531234210853,2011966,0.00004554,90.00000000,0
1531234210947,1531234210944,2011967,0.00004553,262.00000000,1
1531234211880,1531234211877,2011968,0.00004554,43.00000000,0
1531234212134,1531234212130,2011969,0.00004551,111.00000000,1
1531234212137,1531234212130,2011970,0.00004551,108.00000000,1
1531234212137,1531234212130,2011971,0.00004550,130.00000000,1
1531234212137,1531234212130,2011972,0.00004547,90.00000000,1
1531234212137,1531234212130,2011973,0.00004546,90.00000000,1
1531234212137,1531234212130,2011974,0.00004542,904.00000000,1
1531234212137,1531234212130,2011975,0.00004540,181.00000000,1
1531234212137,1531234212130,2011976,0.00004539,91.00000000,1
1531234212137,1531234212130,2011977,0.00004537,24.00000000,1
1531234212137,1531234212130,2011978,0.00004536,506.00000000,1
1531234212137,1531234212130,2011979,0.00004533,308.00000000,1
1531234212150,1531234212146,2011980,0.00004530,2767.00000000,0
1531234212182,1531234212178,2011981,0.00004535,2061.00000000,0
1531234213062,1531234213059,2011982,0.00004538,238.00000000,1
1531234213353,1531234213349,2011983,0.00004538,2.00000000,1
1531234213353,1531234213349,2011984,0.00004537,50.00000000,1
1531234213353,1531234213349,2011985,0.00004527,148.00000000,1
1531234213514,1531234213510,2011986,0.00004527,218.00000000,1
1531234213543,1531234213539,2011987,0.00004545,6.00000000,0
1531234213596,1531234213593,2011988,0.00004545,43.00000000,0
1531234213774,1531234213770,2011989,0.00004545,40.00000000,0
1531234213921,1531234213917,2011990,0.00004545,46.00000000,0
1531234213921,1531234213917,2011991,0.00004547,83.00000000,0
1531234214328,1531234214323,2011992,0.00004545,26.00000000,0
1531234215041,1531234215036,2011993,0.00004545,22.00000000,0
1531234215105,1531234215102,2011994,0.00004540,1.00000000,1
1531234215253,1531234215250,2011995,0.00004545,16.00000000,0
1531234215408,1531234215404,2011996,0.00004545,26.00000000,0
1531234215638,1531234215636,2011997,0.00004540,26.00000000,1
1531234215855,1531234215852,2011998,0.00004540,25.00000000,0
1531234215871,1531234215868,2011999,0.00004540,83.00000000,0
1531234216946,1531234216942,2012000,0.00004552,25.00000000,1
1531234218525,1531234218523,2012001,0.00004548,25.00000000,1
1531234218525,1531234218523,2012002,0.00004541,166.00000000,1
1531234218525,1531234218523,2012003,0.00004536,4.00000000,1
1531234219034,1531234219029,2012004,0.00004537,194.00000000,1
1531234219338,1531234219335,2012005,0.00004552,219.00000000,0
1531234225826,1531234225821,2012006,0.00004550,39.00000000,0
1531234228839,1531234228835,2012007,0.00004550,24.00000000,0
1531234230293,1531234230290,2012008,0.00004550,94.00000000,0
1531234230373,1531234230372,2012009,0.00004551,221.00000000,0
1531234231712,1531234231708,2012010,0.00004552,263.00000000,0
1531234231813,1531234231808,2012011,0.00004552,21.00000000,0
1531234231841,1531234231838,2012012,0.00004554,228.00000000,0
1531234233974,1531234233971,2012013,0.00004554,5569.00000000,0
1531234234762,1531234234758,2012014,0.00004551,23.00000000,1
1531234235716,1531234235713,2012015,0.00004554,23.00000000,1
1531234235800,1531234235796,2012016,0.00004555,66.00000000,0
1531234238084,1531234238085,2012017,0.00004566,90.00000000,0
1531234240178,1531234240175,2012018,0.00004567,300.00000000,0
1531234240892,1531234240888,2012019,0.00004569,112.00000000,0
1531234241851,1531234241848,2012020,0.00004569,50.00000000,0
1531234241935,1531234241933,2012021,0.00004569,146.00000000,0
1531234241950,1531234241947,2012022,0.00004571,25.00000000,0
1531234242026,1531234242023,2012023,0.00004571,20.00000000,0
1531234242114,1531234242110,2012024,0.00004571,17.00000000,0
1531234242168,1531234242165,2012025,0.00004571,16.00000000,0
1531234242191,1531234242188,2012026,0.00004571,13.00000000,0
1531234242191,1531234242188,2012027,0.00004572,3.00000000,0
1531234242234,1531234242231,2012028,0.00004572,25.00000000,0
1531234242318,1531234242314,2012029,0.00004572,10.00000000,0
1531234242491,1531234242488,2012030,0.00004572,16.00000000,0
1531234242576,1531234242572,2012031,0.00004572,9.00000000,0
1531234242700,1531234242697,2012032,0.00004572,13.00000000,0
1531234242759,1531234242755,2012033,0.00004572,14.00000000,0
1531234242759,1531234242755,2012034,0.00004574,2.00000000,0
1531234242875,1531234242871,2012035,0.00004574,24.00000000,0
1531234242956,1531234242952,2012036,0.00004574,13.00000000,0
1531234242959,1531234242956,2012037,0.00004574,12.00000000,0
1531234243970,1531234243967,2012038,0.00004574,76.00000000,0
1531234245107,1531234245105,2012039,0.00004574,1068.00000000,0
1531234245793,1531234245790,2012040,0.00004580,33.00000000,0
1531234245851,1531234245846,2012041,0.00004580,10.00000000,0
1531234245851,1531234245846,2012042,0.00004581,1.00000000,0
1531234245913,1531234245910,2012043,0.00004581,13.00000000,0
1531234247277,1531234247272,2012044,0.00004581,124.00000000,0
1531234248277,1531234248273,2012045,0.00004585,13.00000000,0
1531234248334,1531234248330,2012046,0.00004585,26.00000000,0
1531234248387,1531234248383,2012047,0.00004589,13.00000000,0
1531234248443,1531234248438,2012048,0.00004589,13.00000000,0
1531234248560,1531234248557,2012049,0.00004589,57.00000000,0
1531234248560,1531234248557,2012050,0.00004597,102.00000000,0
1531234248692,1531234248688,2012051,0.00004597,16.00000000,0
1531234248795,1531234248793,2012052,0.00004597,12.00000000,0
1531234248820,1531234248816,2012053,0.00004597,16.00000000,0
1531234248878,1531234248875,2012054,0.00004597,16.00000000,0
1531234248916,1531234248913,2012055,0.00004595,12.00000000,0
1531234248927,1531234248924,2012056,0.00004595,16.00000000,0
1531234252825,1531234252821,2012057,0.00004591,22.00000000,0
1531234254709,1531234254704,2012058,0.00004591,15.00000000,0
1531234254709,1531234254704,2012059,0.00004594,9.00000000,0
1531234254769,1531234254763,2012060,0.00004594,99.00000000,0
1531234254807,1531234254806,2012061,0.00004594,10.00000000,0
1531234254969,1531234254965,2012062,0.00004594,16.00000000,0
1531234255059,1531234255055,2012063,0.00004594,25.00000000,0
1531234255983,1531234255979,2012064,0.00004568,143.00000000,1
1531234255983,1531234255979,2012065,0.00004567,269.00000000,1
1531234263686,1531234263683,2012066,0.00004569,607.00000000,1
1531234263686,1531234263683,2012067,0.00004568,219.00000000,1
1531234263980,1531234263977,2012068,0.00004567,607.00000000,1
1531234264076,1531234264072,2012069,0.00004568,616.00000000,0
1531234272296,1531234272293,2012070,0.00004588,54.00000000,0
1531234279550,1531234279547,2012071,0.00004576,65.00000000,1
1531234287238,1531234287234,2012072,0.00004577,135.00000000,1
1531234288682,1531234288679,2012073,0.00004573,22.00000000,1
1531234294970,1531234294966,2012074,0.00004584,3.00000000,0
1531234298993,1531234298989,2012075,0.00004582,266.00000000,0
1531234299141,1531234299137,2012076,0.00004571,173.00000000,1
1531234329693,1531234329689,2012077,0.00004580,85.00000000,0
1531234329787,1531234329782,2012078,0.00004580,134.00000000,0
1531234331146,1531234331143,2012079,0.00004581,320.00000000,0
1531234331984,1531234331980,2012080,0.00004580,89.00000000,0
1531234333242,1531234333238,2012081,0.00004592,54.00000000,0
1531234333245,1531234333240,2012082,0.00004592,11.00000000,0
1531234333245,1531234333240,2012083,0.00004594,43.00000000,0
1531234333759,1531234333756,2012084,0.00004594,54.00000000,0
1531234384622,1531234384619,2012085,0.00004590,30.00000000,0
1531234386149,1531234386145,2012086,0.00004590,46.00000000,0
1531234386149,1531234386145,2012087,0.00004591,43.00000000,0
1531234386149,1531234386145,2012088,0.00004592,371.00000000,0
1531234386171,1531234386167,2012089,0.00004592,328.00000000,1
1531234386197,1531234386195,2012090,0.00004592,143.00000000,1
1531234386648,1531234386643,2012091,0.00004592,124.00000000,1
1531234386702,1531234386699,2012092,0.00004592,271.00000000,1
1531234386711,1531234386708,2012093,0.00004592,231.00000000,1
1531234392140,1531234392140,2012094,0.00004592,135.00000000,1
1531234397350,1531234397346,2012095,0.00004593,402.00000000,0
1531234397445,1531234397432,2012096,0.00004593,1.00000000,0
1531234418128,1531234418124,2012097,0.00004595,2149.00000000,0
1531234418997,1531234418994,2012098,0.00004595,1263.00000000,0
1531234420105,1531234420102,2012099,0.00004597,22.00000000,0
1531234422146,1531234422142,2012100,0.00004598,129.00000000,0
1531234427808,1531234427804,2012101,0.00004606,50.00000000,0
1531234433328,1531234433325,2012102,0.00004598,66.00000000,1
1531234433351,1531234433348,2012103,0.00004597,29.00000000,1
1531234433992,1531234433989,2012104,0.00004594,103.00000000,0
1531234491588,1531234491585,2012105,0.00004593,8.00000000,1
1531234493045,1531234493042,2012106,0.00004592,8.00000000,1
1531234519030,1531234519028,2012107,0.00004592,581.00000000,1
1531234530915,1531234530910,2012108,0.00004602,8.00000000,0
1531234546128,1531234546126,2012109,0.00004597,498.00000000,0
1531234553180,1531234553177,2012110,0.00004593,599.00000000,1
1531234661059,1531234661054,2012111,0.00004606,165.00000000,0
1531234668104,1531234668101,2012112,0.00004605,44.00000000,0
1531234668104,1531234668101,2012113,0.00004606,637.00000000,0
1531234668104,1531234668101,2012114,0.00004607,488.00000000,0
1531234668104,1531234668101,2012115,0.00004609,1775.00000000,0
1531234672277,1531234672274,2012116,0.00004609,44.00000000,0
1531234672277,1531234672274,2012117,0.00004610,600.00000000,0
1531234704301,1531234704298,2012118,0.00004597,50.00000000,1
1531234728052,1531234728049,2012119,0.00004610,50.00000000,0
1531234730215,1531234730215,2012120,0.00004611,83.00000000,0
1531234735737,1531234735735,2012121,0.00004605,373.00000000,1
1531234742210,1531234742207,2012122,0.00004614,326.00000000,0
1531234743203,1531234743201,2012123,0.00004616,47.00000000,0
1531234780447,1531234780444,2012124,0.00004612,22.00000000,1
1531234780471,1531234780468,2012125,0.00004610,126.00000000,1
1531234813187,1531234813188,2012126,0.00004607,107.00000000,1
1531234832619,1531234832617,2012127,0.00004618,23.00000000,1
1531234832647,1531234832643,2012128,0.00004607,23.00000000,1
1531234845074,1531234845072,2012129,0.00004607,822.00000000,1
1531234992234,1531234992228,2012130,0.00004607,19.00000000,1
1531235043167,1531235043164,2012131,0.00004618,80.00000000,0
1531235043167,1531235043164,2012132,0.00004624,126.00000000,0
1531235043167,1531235043164,2012133,0.00004627,10.00000000,0
1531235062935,1531235062934,2012134,0.00004608,23.00000000,1
1531235072088,1531235072087,2012135,0.00004625,32.00000000,0
1531235072088,1531235072087,2012136,0.00004627,16.00000000,0
1531235072088,1531235072087,2012137,0.00004630,4430.00000000,0
1531235253757,1531235253755,2012138,0.00004609,130.00000000,1
1531235253757,1531235253755,2012139,0.00004608,17.00000000,1
1531235353092,1531235353090,2012140,0.00004610,50.00000000,0
1531235534096,1531235534094,2012141,0.00004610,103.00000000,1
1531235534096,1531235534094,2012142,0.00004608,129.00000000,1
1531235534096,1531235534094,2012143,0.00004607,4540.00000000,1
1531235541538,1531235541538,2012144,0.00004607,144.00000000,1
1531235724687,1531235724686,2012145,0.00004610,40.00000000,1
1531235724687,1531235724686,2012146,0.00004606,52.00000000,1
1531235942011,1531235942010,2012147,0.00004607,462.00000000,1
1531235942011,1531235942010,2012148,0.00004606,4935.00000000,1
1531235942011,1531235942010,2012149,0.00004592,978.00000000,1
1531235942011,1531235942010,2012150,0.00004584,8307.00000000,1
1531235942011,1531235942010,2012151,0.00004583,6128.00000000,1
1531235944260,1531235944259,2012152,0.00004583,111.00000000,1
1531235945664,1531235945666,2012153,0.00004586,45.00000000,1
1531235945745,1531235945745,2012154,0.00004586,65.00000000,0
1531235946879,1531235946881,2012155,0.00004586,185.00000000,1
1531235948224,1531235948223,2012156,0.00004584,218.00000000,1
1531235949166,1531235949166,2012157,0.00004583,650.00000000,1
1531235987864,1531235987864,2012158,0.00004575,103.00000000,1
1531235988396,1531235988396,2012159,0.00004575,136.00000000,1
1531236033157,1531236033156,2012160,0.00004575,31.00000000,1
1531236086043,1531236086043,2012161,0.00004576,65.00000000,1
1531236095824,1531236095824,2012162,0.00004576,1391.00000000,0
1531236096435,1531236096435,2012163,0.00004576,477.00000000,1
1531236098717,1531236098717,2012164,0.00004576,1786.00000000,1
1531236102244,1531236102245,2012165,0.00004576,6844.00000000,1
1531236103645,1531236103644,2012166,0.00004575,44.00000000,0
1531236132121,1531236132122,2012167,0.00004575,3411.00000000,0
1531236139950,1531236139949,2012168,0.00004590,54.00000000,0
1531236157848,1531236157847,2012169,0.00004583,68.00000000,0
1531236178445,1531236178445,2012170,0.00004585,55.00000000,0
1531236243294,1531236243291,2012171,0.00004561,56.00000000,1
1531236243294,1531236243291,2012172,0.00004559,458.00000000,1
1531236243294,1531236243291,2012173,0.00004558,45.00000000,1
1531236243294,1531236243291,2012174,0.00004553,67.00000000,1
1531236243294,1531236243291,2012175,0.00004545,137.00000000,1
1531236243294,1531236243291,2012176,0.00004544,226.00000000,1
1531236251316,1531236251316,2012177,0.00004563,148.00000000,0
1531236256992,1531236256992,2012178,0.00004546,860.00000000,1
1531236260217,1531236260217,2012179,0.00004546,239.00000000,1
1531236260217,1531236260217,2012180,0.00004545,7745.00000000,1
1531236266209,1531236266209,2012181,0.00004563,29.00000000,0
1531236295756,1531236295756,2012182,0.00004546,23.00000000,1
1531236300438,1531236300438,2012183,0.00004563,1.00000000,0
1531236305077,1531236305078,2012184,0.00004559,30.00000000,0
1531236328348,1531236328347,2012185,0.00004559,2.00000000,0
1531236328348,1531236328347,2012186,0.00004563,15.00000000,0
1531236328348,1531236328347,2012187,0.00004582,635.00000000,0
1531236328348,1531236328347,2012188,0.00004584,14000.00000000,0
1531236329960,1531236329961,2012189,0.00004584,29.00000000,1
1531236337255,1531236337254,2012190,0.00004584,238.00000000,1
1531236354785,1531236354784,2012191,0.00004585,9115.00000000,0
1531236355387,1531236355387,2012192,0.00004586,182.00000000,0
1531236356237,1531236356236,2012193,0.00004592,87.00000000,0
1531236367800,1531236367801,2012194,0.00004593,30.00000000,0
1531236367800,1531236367801,2012195,0.00004594,1.00000000,0
1531236383518,1531236383518,2012196,0.00004576,136.00000000,1
1531236434613,1531236434613,2012197,0.00004575,1003.00000000,1
1531236434613,1531236434613,2012198,0.00004562,30.00000000,1
1531236434613,1531236434613,2012199,0.00004558,175.00000000,1
1531236434613,1531236434613,2012200,0.00004553,396.00000000,1
1531236556104,1531236556105,2012201,0.00004567,70.00000000,1
1531236677643,1531236677644,2012202,0.00004567,77.00000000,1
1531236677645,1531236677648,2012203,0.00004567,77.00000000,1
1531236677665,1531236677665,2012204,0.00004567,2.00000000,1
1531236739041,1531236739043,2012205,0.00004587,23.00000000,0
1531236976043,1531236976045,2012206,0.00004566,23.00000000,1
1531237051284,1531237051282,2012207,0.00004578,30.00000000,0
1531237051284,1531237051282,2012208,0.00004579,113.00000000,0
1531237051284,1531237051282,2012209,0.00004586,487.00000000,0
1531237051284,1531237051282,2012210,0.00004587,170.00000000,0
1531237055348,1531237055348,2012211,0.00004587,5205.00000000,0
1531237142334,1531237142335,2012212,0.00004578,96.00000000,0
1531237208798,1531237208797,2012213,0.00004590,50.00000000,0
1531237249921,1531237249920,2012214,0.00004590,17.00000000,0
1531237345614,1531237345613,2012215,0.00004590,22.00000000,0
1531237396766,1531237396765,2012216,0.00004590,75.00000000,0
1531237399782,1531237399782,2012217,0.00004594,82.00000000,0
1531237478597,1531237478599,2012218,0.00004572,43.00000000,1
1531237488535,1531237488535,2012219,0.00004572,90.00000000,1
1531237599748,1531237599748,2012220,0.00004593,3.00000000,0
1531237677166,1531237677165,2012221,0.00004593,130.00000000,0
1531237677166,1531237677165,2012222,0.00004594,38.00000000,0
1531237697946,1531237697946,2012223,0.00004594,2.00000000,0
1531237705269,1531237705268,2012224,0.00004594,90.00000000,0
1531237705360,1531237705360,2012225,0.00004594,108.00000000,0
1531237705370,1531237705370,2012226,0.00004594,333.00000000,0
1531237705458,1531237705457,2012227,0.00004594,319.00000000,0
1531237705476,1531237705475,2012228,0.00004596,112.00000000,1
1531237705494,1531237705495,2012229,0.00004596,221.00000000,1
1531237705839,1531237705838,2012230,0.00004596,31.00000000,0
1531237705854,1531237705852,2012231,0.00004596,4.00000000,0
1531237705854,1531237705852,2012232,0.00004610,117.00000000,0
1531237705882,1531237705880,2012233,0.00004594,4396.00000000,1
1531237705959,1531237705960,2012234,0.00004605,54.00000000,1
1531237706046,1531237706044,2012235,0.00004594,286.00000000,1
1531237706494,1531237706494,2012236,0.00004605,43.00000000,0
1531237706494,1531237706494,2012237,0.00004610,65.00000000,0
1531237785153,1531237785153,2012238,0.00004593,11.00000000,0
1531237785820,1531237785818,2012239,0.00004593,2271.00000000,0
1531237789711,1531237789710,2012240,0.00004595,130.00000000,1
1531237817091,1531237817091,2012241,0.00004611,23.00000000,0
1531237832221,1531237832221,2012242,0.00004587,218.00000000,1
1531237844154,1531237844153,2012243,0.00004584,164.00000000,1
1531237861348,1531237861345,2012244,0.00004575,45.00000000,1
1531237861348,1531237861345,2012245,0.00004573,7000.00000000,1
1531237861348,1531237861345,2012246,0.00004572,3008.00000000,1
1531237861348,1531237861345,2012247,0.00004568,165.00000000,1
1531237861348,1531237861345,2012248,0.00004566,1351.00000000,1
1531237861348,1531237861345,2012249,0.00004565,25.00000000,1
1531237861348,1531237861345,2012250,0.00004559,86.00000000,1
1531237861348,1531237861345,2012251,0.00004556,22.00000000,1
1531237861348,1531237861345,2012252,0.00004549,22.00000000,1
1531237861348,1531237861345,2012253,0.00004548,45.00000000,1
1531237861348,1531237861345,2012254,0.00004542,7000.00000000,1
1531237861348,1531237861345,2012255,0.00004537,10932.00000000,1
1531237931255,1531237931252,2012256,0.00004557,23.00000000,1
1531238007119,1531238007117,2012257,0.00004587,672.00000000,0
1531238007119,1531238007117,2012258,0.00004588,164.00000000,0
1531238007119,1531238007117,2012259,0.00004596,325.00000000,0
1531238007119,1531238007117,2012260,0.00004597,25.00000000,0
1531238007119,1531238007117,2012261,0.00004598,23.00000000,0
1531238007119,1531238007117,2012262,0.00004602,67.00000000,0
1531238007119,1531238007117,2012263,0.00004603,22.00000000,0
1531238007119,1531238007117,2012264,0.00004605,10.00000000,0
1531238009757,1531238009754,2012265,0.00004605,240.00000000,0
1531238009757,1531238009754,2012266,0.00004614,76.00000000,0
1531238011360,1531238011360,2012267,0.00004604,30.00000000,0
1531238011360,1531238011360,2012268,0.00004613,49.00000000,0
1531238012747,1531238012748,2012269,0.00004613,20.00000000,0
1531238014033,1531238014033,2012270,0.00004613,5.00000000,0
1531238015625,1531238015623,2012271,0.00004613,1.00000000,0
1531238113953,1531238113952,2012272,0.00004600,657.00000000,0
1531238410162,1531238410162,2012273,0.00004579,25.00000000,1
1531238454628,1531238454627,2012274,0.00004599,25.00000000,0
1531238454628,1531238454627,2012275,0.00004600,593.00000000,0
1531238475291,1531238475290,2012276,0.00004600,240.00000000,0
1531238475304,1531238475303,2012277,0.00004600,610.00000000,1
1531238475322,1531238475322,2012278,0.00004580,610.00000000,1
1531238482887,1531238482886,2012279,0.00004600,1807.00000000,1
1531238482924,1531238482924,2012280,0.00004583,154.00000000,1
1531238482924,1531238482924,2012281,0.00004582,1307.00000000,1
1531238482924,1531238482924,2012282,0.00004579,346.00000000,1
1531238510053,1531238510052,2012283,0.00004594,70.00000000,0
1531238614648,1531238614645,2012284,0.00004593,7000.00000000,0
1531238614648,1531238614645,2012285,0.00004594,1847.00000000,0
1531238614648,1531238614645,2012286,0.00004595,625.00000000,0
1531238643242,1531238643241,2012287,0.00004585,153.00000000,1
1531238761655,1531238761654,2012288,0.00004592,2690.00000000,0
1531238761668,1531238761666,2012289,0.00004592,475.00000000,1
1531238761702,1531238761700,2012290,0.00004580,30.00000000,1
1531238761702,1531238761700,2012291,0.00004579,445.00000000,1
1531238933616,1531238933615,2012292,0.00004579,1228.00000000,1
1531238970554,1531238970552,2012293,0.00004579,293.00000000,1
1531238995371,1531238995370,2012294,0.00004578,165.00000000,1
1531239261464,1531239261459,2012295,0.00004567,219.00000000,1
1531239261464,1531239261459,2012296,0.00004566,165.00000000,1
1531239261464,1531239261459,2012297,0.00004560,30.00000000,1
1531239261464,1531239261459,2012298,0.00004559,45.00000000,1
1531239261464,1531239261459,2012299,0.00004553,1701.00000000,1
1531239261464,1531239261459,2012300,0.00004552,439.00000000,1
1531239261464,1531239261459,2012301,0.00004550,1875.00000000,1
1531239326029,1531239326028,2012302,0.00004554,23.00000000,1
1531239388838,1531239388835,2012303,0.00004554,512.00000000,1
1531239388838,1531239388835,2012304,0.00004550,322.00000000,1
1531239388838,1531239388835,2012305,0.00004546,175.00000000,1
1531239388838,1531239388835,2012306,0.00004545,1058.00000000,1
1531239551534,1531239551531,2012307,0.00004572,94.00000000,0
1531239555070,1531239555065,2012308,0.00004572,56.00000000,0
1531239555080,1531239555076,2012309,0.00004572,3.00000000,0
1531239555080,1531239555076,2012310,0.00004577,51.00000000,0
1531239555080,1531239555077,2012311,0.00004577,54.00000000,0
1531239618540,1531239618535,2012312,0.00004550,4.00000000,1
1531239619729,1531239619726,2012313,0.00004549,4.00000000,1
1531239667012,1531239667007,2012314,0.00004550,28.00000000,1
1531239708741,1531239708737,2012315,0.00004550,335.00000000,1
1531239783521,1531239783516,2012316,0.00004578,26.00000000,0
1531239929296,1531239929292,2012317,0.00004572,1.00000000,0
1531239965284,1531239965277,2012318,0.00004565,38.00000000,1
1531240123487,1531240123481,2012319,0.00004551,811.00000000,1
1531240126501,1531240126497,2012320,0.00004551,770.00000000,1
1531240129516,1531240129510,2012321,0.00004552,770.00000000,1
1531240132866,1531240132861,2012322,0.00004552,770.00000000,1
1531240135556,1531240135551,2012323,0.00004552,770.00000000,1
1531240138560,1531240138556,2012324,0.00004552,462.00000000,1
1531240141563,1531240141558,2012325,0.00004559,91.00000000,1
1531240141563,1531240141558,2012326,0.00004552,770.00000000,1
1531240144913,1531240144908,2012327,0.00004552,553.00000000,1
1531240147660,1531240147655,2012328,0.00004550,44.00000000,1
1531240150616,1531240150611,2012329,0.00004551,770.00000000,1
1531240153637,1531240153632,2012330,0.00004551,42.00000000,1
1531240200643,1531240200639,2012331,0.00004551,138.00000000,1
1531240206568,1531240206563,2012332,0.00004564,26.00000000,0
1531240220011,1531240220006,2012333,0.00004564,1.00000000,0
1531240264790,1531240264785,2012334,0.00004551,44.00000000,1
1531240507050,1531240507044,2012335,0.00004562,26.00000000,0
1531240507345,1531240507341,2012336,0.00004562,62.00000000,0
1531240519578,1531240519572,2012337,0.00004563,26.00000000,0
1531240559622,1531240559617,2012338,0.00004562,665.00000000,1
1531240607703,1531240607698,2012339,0.00004563,219.00000000,0
1531240608693,1531240608688,2012340,0.00004563,219.00000000,0
1531240609703,1531240609697,2012341,0.00004563,219.00000000,0
1531240610691,1531240610686,2012342,0.00004563,219.00000000,0
1531240611252,1531240611246,2012343,0.00004563,905.00000000,0
1531240633983,1531240633978,2012344,0.00004564,36.00000000,1
1531240633983,1531240633978,2012345,0.00004562,8673.00000000,1
1531240633983,1531240633978,2012346,0.00004560,219.00000000,1
1531240634008,1531240634004,2012347,0.00004560,303.00000000,0
1531240636030,1531240636022,2012348,0.00004565,7.00000000,0
1531240684215,1531240684211,2012349,0.00004564,770.00000000,1
1531240684215,1531240684211,2012350,0.00004553,937.00000000,1
1531240695951,1531240695946,2012351,0.00004572,164.00000000,0
1531240718711,1531240718706,2012352,0.00004572,1.00000000,0
1531240718711,1531240718706,2012353,0.00004577,15.00000000,0
1531240806250,1531240806245,2012354,0.00004577,26.00000000,0
1531240806553,1531240806548,2012355,0.00004577,3.00000000,0
1531240818028,1531240818023,2012356,0.00004587,26.00000000,0
1531240867158,1531240867152,2012357,0.00004577,144.00000000,1
1531240944223,1531240944219,2012358,0.00004579,183.00000000,1
1531241030932,1531241030926,2012359,0.00004582,6.00000000,0
1531241078433,1531241078426,2012360,0.00004577,1.00000000,0
1531241107532,1531241107524,2012361,0.00004574,26.00000000,0
1531241120501,1531241120496,2012362,0.00004573,26.00000000,0
1531241165743,1531241165737,2012363,0.00004569,218.00000000,0
1531241193844,1531241193839,2012364,0.00004566,74.00000000,0
1531241193844,1531241193839,2012365,0.00004580,165.00000000,0
1531241193844,1531241193839,2012366,0.00004587,464.00000000,0
1531241193844,1531241193839,2012367,0.00004588,416.00000000,0
1531241195015,1531241195008,2012368,0.00004591,276.00000000,0
1531241197901,1531241197896,2012369,0.00004588,69.00000000,0
1531241199676,1531241199672,2012370,0.00004588,17.00000000,0
1531241201213,1531241201209,2012371,0.00004588,4.00000000,0
1531241203722,1531241203715,2012372,0.00004588,1.00000000,0
1531241296203,1531241296196,2012373,0.00004588,96.00000000,0
1531241296203,1531241296196,2012374,0.00004590,1285.00000000,0
1531241296203,1531241296196,2012375,0.00004591,163.00000000,0
1531241296203,1531241296196,2012376,0.00004592,157.00000000,0
1531241370276,1531241370271,2012377,0.00004594,871.00000000,1
1531241371920,1531241371915,2012378,0.00004594,268.00000000,1
1531241380515,1531241380511,2012379,0.00004592,3176.00000000,1
1531241380604,1531241380593,2012380,0.00004592,14684.00000000,1
1531241408917,1531241408912,2012381,0.00004597,26.00000000,0
1531241416321,1531241416317,2012382,0.00004597,480.00000000,0
1531241449782,1531241449776,2012383,0.00004581,50.00000000,1
1531241646131,1531241646125,2012384,0.00004580,165.00000000,1
1531241646131,1531241646125,2012385,0.00004551,98.00000000,1
1531241646131,1531241646125,2012386,0.00004550,216.00000000,1
1531241689503,1531241689498,2012387,0.00004583,1.00000000,0
1531241708534,1531241708527,2012388,0.00004583,26.00000000,0
1531241713485,1531241713480,2012389,0.00004561,45.00000000,1
1531241713485,1531241713480,2012390,0.00004559,165.00000000,1
1531241713485,1531241713480,2012391,0.00004550,280.00000000,1
1531241713485,1531241713480,2012392,0.00004549,2066.00000000,1
1531241713516,1531241713495,2012393,0.00004549,211.00000000,0
1531241713516,1531241713497,2012394,0.00004549,1697.00000000,0
1531241713529,1531241713526,2012395,0.00004583,71.00000000,0
1531241713529,1531241713526,2012396,0.00004587,140.00000000,0
1531241880487,1531241880482,2012397,0.00004553,51.00000000,1
1531242564655,1531242564650,2012398,0.00004562,65.00000000,1
1531242564655,1531242564650,2012399,0.00004556,112.00000000,1
1531242564655,1531242564650,2012400,0.00004553,549.00000000,1
1531242636854,1531242636848,2012401,0.00004556,118.00000000,1
1531242807858,1531242807854,2012402,0.00004556,91.00000000,1
1531242881557,1531242881550,2012403,0.00004557,5.00000000,1
1531243260292,1531243260284,2012404,0.00004562,51.00000000,0
1531243260292,1531243260284,2012405,0.00004563,28.00000000,0
1531243260292,1531243260284,2012406,0.00004572,121.00000000,0
1531243298616,1531243298611,2012407,0.00004572,46.00000000,0
1531243299190,1531243299185,2012408,0.00004572,54.00000000,1
1531243379695,1531243379689,2012409,0.00004562,92.00000000,1
1531243719203,1531243719196,2012410,0.00004565,386.00000000,1
1531243723695,1531243723685,2012411,0.00004565,382.00000000,1
1531243770448,1531243770441,2012412,0.00004562,378.00000000,1
1531243989084,1531243989073,2012413,0.00004557,37.00000000,1
1531243989084,1531243989073,2012414,0.00004556,440.00000000,1
1531243989084,1531243989073,2012415,0.00004555,354.00000000,1
1531243989084,1531243989073,2012416,0.00004553,2244.00000000,1
1531243989084,1531243989073,2012417,0.00004552,166.00000000,1
1531243989084,1531243989073,2012418,0.00004547,211.00000000,1
1531243989084,1531243989073,2012419,0.00004544,2923.00000000,1
1531243994207,1531243994201,2012420,0.00004544,1426.00000000,1
1531243995253,1531243995248,2012421,0.00004544,1425.00000000,1
1531243997248,1531243997241,2012422,0.00004544,166.00000000,1
1531244013898,1531244013891,2012423,0.00004544,382.00000000,1
1531244102115,1531244102112,2012424,0.00004538,220.00000000,1
1531244102218,1531244102210,2012425,0.00004537,736.00000000,1
1531244103797,1531244103790,2012426,0.00004537,1378.00000000,1
1531244104312,1531244104309,2012427,0.00004537,1427.00000000,1
1531244116331,1531244116323,2012428,0.00004537,643.00000000,1
1531244267877,1531244267869,2012429,0.00004545,220.00000000,0
1531244267877,1531244267869,2012430,0.00004546,271.00000000,0
1531244289092,1531244289083,2012431,0.00004546,64.00000000,0
1531244289092,1531244289083,2012432,0.00004557,39.00000000,0
1531244293834,1531244293834,2012433,0.00004557,54.00000000,0
1531244293834,1531244293834,2012434,0.00004557,62.00000000,0
1531244293839,1531244293835,2012435,0.00004557,10.00000000,0
1531244293839,1531244293835,2012436,0.00004571,44.00000000,0
1531244307898,1531244307890,2012437,0.00004541,42.00000000,1
1531244308166,1531244308162,2012438,0.00004541,41.00000000,1
1531244308369,1531244308361,2012439,0.00004541,137.00000000,1
1531244308369,1531244308361,2012440,0.00004540,71.00000000,1
1531244308850,1531244308847,2012441,0.00004540,33.00000000,1
1531244309045,1531244309036,2012442,0.00004540,33.00000000,1
1531244309271,1531244309267,2012443,0.00004540,16.00000000,1
1531244310132,1531244310123,2012444,0.00004540,13.00000000,1
1531244310132,1531244310123,2012445,0.00004537,4.00000000,1
1531244310430,1531244310425,2012446,0.00004537,13.00000000,1
1531244310892,1531244310885,2012447,0.00004536,21.00000000,1
1531244310892,1531244310885,2012448,0.00004536,2.00000000,1
1531244310892,1531244310885,2012449,0.00004535,49.00000000,1
1531244311147,1531244311139,2012450,0.00004534,21.00000000,1
1531244311529,1531244311522,2012451,0.00004534,3022.00000000,1
1531244311619,1531244311610,2012452,0.00004533,23.00000000,1
1531244311619,1531244311610,2012453,0.00004529,5.00000000,1
1531244311996,1531244311993,2012454,0.00004529,27.00000000,1
1531244312441,1531244312442,2012455,0.00004529,16.00000000,1
1531244312685,1531244312678,2012456,0.00004529,76.00000000,1
1531244312959,1531244312951,2012457,0.00004523,20.00000000,1
1531244313204,1531244313196,2012458,0.00004523,21.00000000,1
1531244313512,1531244313505,2012459,0.00004523,28.00000000,1
1531244313618,1531244313613,2012460,0.00004523,21.00000000,1
1531244313618,1531244313613,2012461,0.00004521,405.00000000,1
1531244313618,1531244313613,2012462,0.00004518,83.00000000,1
1531244313618,1531244313613,2012463,0.00004517,16.00000000,1
1531244313824,1531244313820,2012464,0.00004517,8.00000000,1
1531244313824,1531244313820,2012465,0.00004514,12.00000000,1
1531244313850,1531244313843,2012466,0.00004515,198.00000000,0
1531244314257,1531244314249,2012467,0.00004514,31.00000000,1
1531244314656,1531244314656,2012468,0.00004514,66.00000000,1
1531244314965,1531244314961,2012469,0.00004512,68.00000000,1
1531244314965,1531244314961,2012470,0.00004510,24.00000000,1
1531244314965,1531244314961,2012471,0.00004507,39.00000000,1
1531244315484,1531244315481,2012472,0.00004506,17.00000000,1
1531244315822,1531244315819,2012473,0.00004506,34.00000000,1
1531244316202,1531244316194,2012474,0.00004505,23.00000000,1
1531244316692,1531244316684,2012475,0.00004505,34.00000000,1
1531244317057,1531244317055,2012476,0.00004508,15.00000000,1
1531244317638,1531244317630,2012477,0.00004508,17.00000000,1
1531244317821,1531244317813,2012478,0.00004508,13.00000000,1
1531244317821,1531244317813,2012479,0.00004505,8.00000000,1
1531244318197,1531244318190,2012480,0.00004505,2.00000000,1
1531244318197,1531244318190,2012481,0.00004504,46.00000000,1
1531244318457,1531244318448,2012482,0.00004504,17.00000000,1
1531244318851,1531244318843,2012483,0.00004504,123.00000000,1
1531244318986,1531244318977,2012484,0.00004504,370.00000000,1
1531244318986,1531244318977,2012485,0.00004502,84.00000000,1
1531244318986,1531244318977,2012486,0.00004500,223.00000000,1
1531244318986,1531244318977,2012487,0.00004495,23.00000000,1
1531244318986,1531244318977,2012488,0.00004491,903.00000000,1
1531244319033,1531244319025,2012489,0.00004499,97.00000000,0
1531244319081,1531244319072,2012490,0.00004499,210.00000000,0
1531244319093,1531244319085,2012491,0.00004499,44.00000000,0
1531244319197,1531244319189,2012492,0.00004499,222.00000000,0
1531244319244,1531244319241,2012493,0.00004499,78.00000000,0
1531244319245,1531244319241,2012494,0.00004499,6580.00000000,0
1531244319286,1531244319286,2012495,0.00004500,97.00000000,0
1531244319341,1531244319333,2012496,0.00004492,33.00000000,1
1531244319715,1531244319709,2012497,0.00004494,15.00000000,1
1531244320104,1531244320094,2012498,0.00004494,43.00000000,1
1531244320432,1531244320424,2012499,0.00004494,21.00000000,1
1531244320871,1531244320864,2012500,0.00004494,17.00000000,1
1531244321534,1531244321527,2012501,0.00004495,12.00000000,1
1531244321932,1531244321931,2012502,0.00004495,20.00000000,1
1531244322426,1531244322416,2012503,0.00004495,21.00000000,1
1531244322782,1531244322774,2012504,0.00004495,15.00000000,1
1531244323264,1531244323260,2012505,0.00004495,949.00000000,1
1531244324886,1531244324878,2012506,0.00004499,48.00000000,0
1531244326932,1531244326924,2012507,0.00004500,3.00000000,0
1531244326953,1531244326946,2012508,0.00004504,977.00000000,0
1531244327743,1531244327734,2012509,0.00004504,1.00000000,0
1531244327743,1531244327734,2012510,0.00004508,22.00000000,0
1531244331365,1531244331356,2012511,0.00004508,24.00000000,0
1531244331582,1531244331574,2012512,0.00004508,44.00000000,0
1531244340217,1531244340209,2012513,0.00004497,199.00000000,1
1531244341890,1531244341882,2012514,0.00004497,58.00000000,1
1531244374383,1531244374376,2012515,0.00004496,23.00000000,1
1531244374426,1531244374417,2012516,0.00004496,23.00000000,1
1531244485700,1531244485694,2012517,0.00004508,53.00000000,0
1531244485790,1531244485782,2012518,0.00004508,14.00000000,0
1531244488260,1531244488254,2012519,0.00004515,1.00000000,0
1531244488260,1531244488254,2012520,0.00004532,14.00000000,0
1531244526521,1531244526519,2012521,0.00004532,29.00000000,0
1531244575994,1531244575987,2012522,0.00004532,2.00000000,0
1531244575994,1531244575987,2012523,0.00004534,1.00000000,0
1531244621473,1531244621461,2012524,0.00004507,170.00000000,1
1531244621473,1531244621461,2012525,0.00004506,67.00000000,1
1531244621473,1531244621461,2012526,0.00004496,481.00000000,1
1531244621473,1531244621461,2012527,0.00004494,27.00000000,1
1531244621473,1531244621461,2012528,0.00004491,2013.00000000,1
1531244646316,1531244646306,2012529,0.00004528,147.00000000,0
1531244646316,1531244646306,2012530,0.00004531,27.00000000,0
1531244646316,1531244646306,2012531,0.00004534,46.00000000,0
1531244646873,1531244646865,2012532,0.00004534,2.00000000,0
1531244656573,1531244656564,2012533,0.00004503,271.00000000,1
1531244755042,1531244755033,2012534,0.00004511,225.00000000,1
1531244940113,1531244940105,2012535,0.00004514,211.00000000,0
1531244940211,1531244940204,2012536,0.00004514,287.00000000,0
1531244941416,1531244941408,2012537,0.00004515,220.00000000,0
1531244994312,1531244994306,2012538,0.00004526,2.00000000,0
1531245051563,1531245051554,2012539,0.00004526,162.00000000,0
1531245052402,1531245052393,2012540,0.00004527,167.00000000,0
1531245085728,1531245085719,2012541,0.00004534,62.00000000,0
1531245085728,1531245085719,2012542,0.00004538,51.00000000,0
1531245085728,1531245085719,2012543,0.00004539,39.00000000,0
1531245085728,1531245085719,2012544,0.00004540,166.00000000,0
1531245085728,1531245085719,2012545,0.00004541,23.00000000,0
1531245085728,1531245085719,2012546,0.00004546,65.00000000,0
1531245085728,1531245085719,2012547,0.00004550,83.00000000,0
1531245085728,1531245085719,2012548,0.00004559,225.00000000,0
1531245085728,1531245085719,2012549,0.00004560,607.00000000,0
1531245085747,1531245085742,2012550,0.00004560,2558.00000000,1
1531245085763,1531245085758,2012551,0.00004560,1671.00000000,1
1531245085816,1531245085807,2012552,0.00004560,1005.00000000,1
1531245086120,1531245086122,2012553,0.00004560,177.00000000,1
