event_time,trade_time,trade_id,price,quantity,maker
1531210353818,1531210353813,19359863,0.00000526,5113.00000000,0
1531210353958,1531210353956,19359864,0.00000526,2300.00000000,0
1531210354401,1531210354401,19359865,0.00000526,28544.00000000,0
1531210354505,1531210354502,19359866,0.00000526,54000.00000000,0
1531210380836,1531210380835,19359867,0.00000527,25.00000000,0
1531210381822,1531210381817,19359868,0.00000527,12746.00000000,0
1531210381822,1531210381817,19359869,0.00000528,149578.00000000,0
1531210382858,1531210382853,19359870,0.00000528,17.00000000,0
1531210383711,1531210383705,19359871,0.00000527,1359.00000000,1
1531210383711,1531210383707,19359872,0.00000527,1290.00000000,1
1531210384938,1531210384933,19359873,0.00000527,3313.00000000,1
1531210387443,1531210387438,19359874,0.00000528,1.00000000,0
1531210389269,1531210389264,19359875,0.00000527,278.00000000,1
1531210389796,1531210389792,19359876,0.00000527,2850.00000000,1
1531210403159,1531210403154,19359877,0.00000526,71329.00000000,1
1531210403190,1531210403185,19359878,0.00000527,9090.00000000,0
1531210408243,1531210408238,19359879,0.00000526,71329.00000000,1
1531210420055,1531210420053,19359880,0.00000527,1.00000000,0
1531210427128,1531210427123,19359881,0.00000527,149.00000000,0
1531210430129,1531210430124,19359882,0.00000527,1.00000000,0
1531210438745,1531210438741,19359883,0.00000527,4379.00000000,0
1531210439512,1531210439509,19359884,0.00000527,12473.00000000,1
1531210444806,1531210444801,19359885,0.00000526,10000.00000000,1
1531210454213,1531210454208,19359886,0.00000527,8.00000000,0
1531210463732,1531210463728,19359887,0.00000527,5.00000000,0
1531210465622,1531210465618,19359888,0.00000527,5.00000000,0
1531210469344,1531210469340,19359889,0.00000527,114.00000000,0
1531210472595,1531210472590,19359890,0.00000527,288.00000000,0
1531210472710,1531210472704,19359891,0.00000526,135404.00000000,1
1531210473374,1531210473369,19359892,0.00000526,31537.00000000,1
1531210473378,1531210473372,19359893,0.00000526,82149.00000000,1
1531210499437,1531210499433,19359894,0.00000527,11.00000000,0
1531210517709,1531210517705,19359895,0.00000527,1.00000000,0
1531210518558,1531210518553,19359896,0.00000527,1.00000000,0
1531210523913,1531210523908,19359897,0.00000527,1.00000000,0
1531210526080,1531210526076,19359898,0.00000526,2860.00000000,1
1531210528236,1531210528232,19359899,0.00000527,1000.00000000,0
1531210531267,1531210531263,19359900,0.00000527,1.00000000,0
1531210532470,1531210532465,19359901,0.00000527,1.00000000,0
1531210533658,1531210533654,19359902,0.00000527,1.00000000,0
1531210541621,1531210541618,19359903,0.00000527,32827.00000000,0
1531210541741,1531210541737,19359904,0.00000526,1001.00000000,1
1531210541767,1531210541762,19359905,0.00000527,175.00000000,0
1531210560870,1531210560866,19359906,0.00000527,1.00000000,0
1531210568899,1531210568894,19359907,0.00000527,1.00000000,0
1531210574210,1531210574208,19359908,0.00000527,1.00000000,0
1531210575419,1531210575414,19359909,0.00000527,1.00000000,0
1531210578264,1531210578258,19359910,0.00000527,1.00000000,0
1531210582502,1531210582498,19359911,0.00000527,86.00000000,0
1531210585161,1531210585157,19359912,0.00000527,13.00000000,0
1531210594503,1531210594498,19359913,0.00000527,515.00000000,0
1531210596941,1531210596935,19359914,0.00000527,1.00000000,0
1531210600007,1531210600002,19359915,0.00000527,5230.00000000,0
1531210604987,1531210604982,19359916,0.00000526,3.00000000,1
1531210612657,1531210612653,19359917,0.00000526,1.00000000,1
1531210613741,1531210613737,19359918,0.00000526,1.00000000,1
1531210615087,1531210615082,19359919,0.00000526,1.00000000,1
1531210616195,1531210616189,19359920,0.00000526,1.00000000,1
1531210617252,1531210617248,19359921,0.00000526,1.00000000,1
1531210618156,1531210618152,19359922,0.00000526,1.00000000,1
1531210637010,1531210637005,19359923,0.00000527,5.00000000,0
1531210637264,1531210637259,19359924,0.00000526,12867.00000000,1
1531210643693,1531210643688,19359925,0.00000527,51.00000000,0
1531210643757,1531210643751,19359926,0.00000526,7420.00000000,1
1531210648933,1531210648929,19359927,0.00000526,4855.00000000,1
1531210659023,1531210659017,19359928,0.00000526,280.00000000,1
1531210662876,1531210662871,19359929,0.00000527,2000.00000000,0
1531210665667,1531210665662,19359930,0.00000526,720.00000000,1
1531210672405,1531210672401,19359931,0.00000526,6422.00000000,1
1531210672530,1531210672525,19359932,0.00000526,5000.00000000,0
1531210672537,1531210672533,19359933,0.00000526,10730.00000000,0
1531210681559,1531210681555,19359934,0.00000527,2.00000000,0
1531210687047,1531210687042,19359935,0.00000526,32800.00000000,1
1531210687068,1531210687064,19359936,0.00000526,22304.00000000,0
1531210687078,1531210687074,19359937,0.00000526,32800.00000000,1
1531210692858,1531210692855,19359938,0.00000527,108.00000000,0
1531210700644,1531210700640,19359939,0.00000526,1049.00000000,1
1531210702729,1531210702725,19359940,0.00000526,19048.00000000,1
1531210702739,1531210702734,19359941,0.00000526,18734.00000000,0
1531210702751,1531210702747,19359942,0.00000526,19048.00000000,1
1531210703555,1531210703548,19359943,0.00000526,1049.00000000,0
1531210709403,1531210709398,19359944,0.00000526,12356.00000000,1
1531210709437,1531210709432,19359945,0.00000526,11881.00000000,1
1531210715613,1531210715609,19359946,0.00000527,6.00000000,0
1531210721539,1531210721534,19359947,0.00000527,1763.00000000,0
1531210729659,1531210729655,19359948,0.00000527,2145.00000000,0
1531210732053,1531210732049,19359949,0.00000527,9487.00000000,0
1531210733850,1531210733846,19359950,0.00000527,72.00000000,0
1531210739077,1531210739076,19359951,0.00000527,7.00000000,0
1531210772045,1531210772041,19359952,0.00000526,1.00000000,1
1531210813301,1531210813294,19359953,0.00000527,472.00000000,0
1531210815981,1531210815977,19359954,0.00000527,1.00000000,0
1531210819505,1531210819499,19359955,0.00000527,37.00000000,0
1531210820437,1531210820433,19359956,0.00000526,49891.00000000,1
1531210827427,1531210827422,19359957,0.00000527,118.00000000,0
1531210832224,1531210832219,19359958,0.00000527,493.00000000,0
1531210842140,1531210842136,19359959,0.00000526,73734.00000000,1
1531210846348,1531210846343,19359960,0.00000527,860.00000000,0
1531210848805,1531210848800,19359961,0.00000526,799.00000000,1
1531210863662,1531210863657,19359962,0.00000527,2.00000000,0
1531210864850,1531210864847,19359963,0.00000526,9834.00000000,1
1531210881570,1531210881570,19359964,0.00000527,6.00000000,0
1531210881928,1531210881924,19359965,0.00000526,124148.00000000,1
1531210884538,1531210884534,19359966,0.00000526,6250.00000000,0
1531210887315,1531210887311,19359967,0.00000527,11124.00000000,0
1531210891705,1531210891700,19359968,0.00000527,2259.00000000,0
1531210894429,1531210894425,19359969,0.00000527,11.00000000,0
1531210904036,1531210904032,19359970,0.00000527,1082.00000000,0
1531210911138,1531210911138,19359971,0.00000527,2.00000000,0
1531210919492,1531210919488,19359972,0.00000526,5000.00000000,1
1531210925217,1531210925210,19359973,0.00000527,3.00000000,0
1531210930774,1531210930768,19359974,0.00000526,1223.00000000,1
1531210933453,1531210933452,19359975,0.00000526,5000.00000000,1
1531210936770,1531210936766,19359976,0.00000526,5000.00000000,1
1531210943520,1531210943515,19359977,0.00000526,3965.00000000,1
1531210944553,1531210944548,19359978,0.00000526,1035.00000000,0
1531210948932,1531210948927,19359979,0.00000526,2336.00000000,0
1531210953743,1531210953738,19359980,0.00000526,33701.00000000,1
1531210956111,1531210956106,19359981,0.00000526,6913.00000000,0
1531210960075,1531210960070,19359982,0.00000526,1118.00000000,0
1531210968428,1531210968423,19359983,0.00000526,20738.00000000,0
1531210968615,1531210968611,19359984,0.00000526,29232.00000000,0
1531210982971,1531210982967,19359985,0.00000526,1978.00000000,1
1531210985858,1531210985851,19359986,0.00000527,80932.00000000,0
1531210986610,1531210986604,19359987,0.00000526,5000.00000000,0
1531210987574,1531210987570,19359988,0.00000527,15000.00000000,0
1531210988133,1531210988128,19359989,0.00000527,47.00000000,0
1531210994691,1531210994685,19359990,0.00000527,22.00000000,0
1531210995415,1531210995410,19359991,0.00000526,2721.00000000,0
1531210995545,1531210995539,19359992,0.00000526,5772.00000000,0
1531211014022,1531211014019,19359993,0.00000527,43.00000000,0
1531211021203,1531211021200,19359994,0.00000526,82199.00000000,1
1531211021543,1531211021539,19359995,0.00000526,12858.00000000,0
1531211022391,1531211022387,19359996,0.00000526,27430.00000000,0
1531211025351,1531211025346,19359997,0.00000527,467.00000000,0
1531211027004,1531211026999,19359998,0.00000527,41.00000000,0
1531211032502,1531211032497,19359999,0.00000526,28670.00000000,1
1531211032510,1531211032505,19360000,0.00000526,17775.00000000,0
1531211032524,1531211032520,19360001,0.00000526,28670.00000000,1
1531211036046,1531211036041,19360002,0.00000527,22.00000000,0
1531211036599,1531211036593,19360003,0.00000526,34511.00000000,1
1531211036686,1531211036683,19360004,0.00000525,900.00000000,1
1531211036946,1531211036941,19360005,0.00000526,23894.00000000,0
1531211057306,1531211057302,19360006,0.00000526,1865.00000000,1
1531211057443,1531211057438,19360007,0.00000526,45963.00000000,0
1531211066446,1531211066442,19360008,0.00000527,194.00000000,0
1531211068038,1531211068033,19360009,0.00000527,1.00000000,0
1531211075694,1531211075692,19360010,0.00000526,55156.00000000,0
1531211078686,1531211078682,19360011,0.00000526,3313.00000000,1
1531211083361,1531211083359,19360012,0.00000526,28780.00000000,1
1531211091003,1531211090999,19360013,0.00000527,282.00000000,0
1531211091573,1531211091569,19360014,0.00000526,38499.00000000,1
1531211091920,1531211091917,19360015,0.00000526,12641.00000000,0
1531211099041,1531211099037,19360016,0.00000526,30000.00000000,1
1531211100160,1531211100155,19360017,0.00000527,1897.00000000,0
1531211100611,1531211100607,19360018,0.00000526,8499.00000000,1
1531211104714,1531211104711,19360019,0.00000526,6844.00000000,0
1531211104714,1531211104711,19360020,0.00000527,770.00000000,0
1531211113947,1531211113943,19360021,0.00000525,104007.00000000,1
1531211119204,1531211119200,19360022,0.00000526,174.00000000,0
1531211122621,1531211122615,19360023,0.00000526,7758.00000000,0
1531211125017,1531211125011,19360024,0.00000526,13424.00000000,0
1531211125552,1531211125549,19360025,0.00000526,7739.00000000,1
1531211135841,1531211135835,19360026,0.00000526,182.00000000,1
1531211136561,1531211136557,19360027,0.00000526,16726.00000000,0
1531211145995,1531211145991,19360028,0.00000526,35685.00000000,1
1531211146009,1531211146005,19360029,0.00000526,62091.00000000,0
1531211146023,1531211146018,19360030,0.00000526,35685.00000000,1
1531211148959,1531211148955,19360031,0.00000526,225.00000000,1
1531211149906,1531211149903,19360032,0.00000526,2949.00000000,1
1531211153605,1531211153600,19360033,0.00000526,19523.00000000,1
1531211153636,1531211153632,19360034,0.00000526,774.00000000,0
1531211157892,1531211157891,19360035,0.00000526,10381.00000000,1
1531211159548,1531211159544,19360036,0.00000526,400.00000000,0
1531211159724,1531211159720,19360037,0.00000525,730.00000000,1
1531211161897,1531211161894,19360038,0.00000527,488.00000000,0
1531211167102,1531211167098,19360039,0.00000526,5000.00000000,1
1531211167201,1531211167196,19360040,0.00000526,14376.00000000,1
1531211167215,1531211167211,19360041,0.00000526,41426.00000000,0
1531211167225,1531211167224,19360042,0.00000526,14376.00000000,1
1531211167554,1531211167550,19360043,0.00000526,5000.00000000,0
1531211169249,1531211169246,19360044,0.00000526,1000.00000000,1
1531211171378,1531211171374,19360045,0.00000526,5000.00000000,1
1531211172554,1531211172549,19360046,0.00000526,4980.00000000,1
1531211172568,1531211172564,19360047,0.00000526,18736.00000000,0
1531211172580,1531211172576,19360048,0.00000526,4980.00000000,1
1531211178133,1531211178133,19360049,0.00000526,1.00000000,0
1531211181190,1531211181186,19360050,0.00000525,356.00000000,1
1531211181208,1531211181204,19360051,0.00000526,10980.00000000,0
1531211190637,1531211190632,19360052,0.00000526,245.00000000,0
1531211213516,1531211213513,19360053,0.00000526,115.00000000,0
1531211216541,1531211216535,19360054,0.00000526,1.00000000,0
1531211230457,1531211230452,19360055,0.00000525,12826.00000000,1
1531211257939,1531211257934,19360056,0.00000526,4125.00000000,0
1531211259335,1531211259330,19360057,0.00000526,1365.00000000,0
1531211264383,1531211264379,19360058,0.00000525,1371.00000000,1
1531211264672,1531211264667,19360059,0.00000526,6341.00000000,0
1531211264852,1531211264848,19360060,0.00000526,3631.00000000,0
1531211286822,1531211286820,19360061,0.00000525,1262.00000000,1
1531211331878,1531211331875,19360062,0.00000526,12103.00000000,0
1531211332964,1531211332960,19360063,0.00000526,100000.00000000,0
1531211336119,1531211336114,19360064,0.00000526,10.00000000,0
1531211341429,1531211341424,19360065,0.00000526,101.00000000,0
1531211342657,1531211342651,19360066,0.00000526,57644.00000000,0
1531211342679,1531211342672,19360067,0.00000526,952.00000000,0
1531211346116,1531211346112,19360068,0.00000525,1746.00000000,1
1531211346197,1531211346193,19360069,0.00000525,2561.00000000,1
1531211356115,1531211356112,19360070,0.00000526,1359.00000000,1
1531211356126,1531211356122,19360071,0.00000526,700.00000000,1
1531211356300,1531211356294,19360072,0.00000526,700.00000000,1
1531211356721,1531211356716,19360073,0.00000526,4135.00000000,1
1531211359866,1531211359862,19360074,0.00000526,1.00000000,0
1531211367404,1531211367399,19360075,0.00000525,71427.00000000,1
1531211367437,1531211367432,19360076,0.00000526,37202.00000000,0
1531211368007,1531211368003,19360077,0.00000526,2000.00000000,0
1531211368645,1531211368640,19360078,0.00000526,2164.00000000,0
1531211371129,1531211371124,19360079,0.00000527,107.00000000,0
1531211372482,1531211372477,19360080,0.00000526,5341.00000000,1
1531211375857,1531211375853,19360081,0.00000527,1310.00000000,0
1531211376032,1531211376027,19360082,0.00000526,4995.00000000,1
1531211376562,1531211376558,19360083,0.00000526,21109.00000000,1
1531211376571,1531211376567,19360084,0.00000526,46812.00000000,0
1531211376581,1531211376576,19360085,0.00000526,21109.00000000,1
1531211376589,1531211376585,19360086,0.00000526,10336.00000000,0
1531211376604,1531211376599,19360087,0.00000525,71427.00000000,1
1531211379598,1531211379594,19360088,0.00000526,23261.00000000,0
1531211382985,1531211382981,19360089,0.00000527,66.00000000,0
1531211385711,1531211385706,19360090,0.00000526,326.00000000,1
1531211385711,1531211385706,19360091,0.00000525,69674.00000000,1
1531211389451,1531211389446,19360092,0.00000526,11362.00000000,0
1531211394887,1531211394883,19360093,0.00000526,950.00000000,0
1531211394887,1531211394883,19360094,0.00000527,1050.00000000,0
1531211396188,1531211396182,19360095,0.00000526,5488.00000000,1
1531211400641,1531211400636,19360096,0.00000526,31411.00000000,1
1531211400650,1531211400646,19360097,0.00000526,61574.00000000,0
1531211400664,1531211400660,19360098,0.00000526,31411.00000000,1
1531211401621,1531211401616,19360099,0.00000526,5488.00000000,0
1531211405616,1531211405610,19360100,0.00000526,2.00000000,1
1531211406908,1531211406903,19360101,0.00000526,70.00000000,1
1531211410660,1531211410656,19360102,0.00000527,6269.00000000,0
1531211423700,1531211423696,19360103,0.00000527,2095.00000000,0
1531211426465,1531211426461,19360104,0.00000526,2055.00000000,1
1531211431467,1531211431466,19360105,0.00000526,9655.00000000,1
1531211433270,1531211433265,19360106,0.00000527,12.00000000,0
1531211433476,1531211433469,19360107,0.00000526,9.00000000,1
1531211433666,1531211433663,19360108,0.00000526,20.00000000,1
1531211434784,1531211434784,19360109,0.00000527,11.00000000,0
1531211438764,1531211438761,19360110,0.00000526,285.00000000,1
1531211448171,1531211448168,19360111,0.00000527,50.00000000,0
1531211457414,1531211457409,19360112,0.00000527,175455.00000000,0
1531211460814,1531211460808,19360113,0.00000527,58486.00000000,0
1531211482850,1531211482847,19360114,0.00000527,5.00000000,0
1531211488920,1531211488914,19360115,0.00000526,18.00000000,1
1531211507484,1531211507480,19360116,0.00000526,5485.00000000,1
1531211508664,1531211508658,19360117,0.00000526,2000.00000000,1
1531211512372,1531211512367,19360118,0.00000526,5900.00000000,1
1531211516265,1531211516260,19360119,0.00000526,6428.00000000,1
1531211524052,1531211524048,19360120,0.00000527,1.00000000,0
1531211535111,1531211535107,19360121,0.00000526,50240.00000000,1
1531211538145,1531211538140,19360122,0.00000526,140025.00000000,1
1531211549732,1531211549727,19360123,0.00000525,1061.00000000,1
1531211559599,1531211559593,19360124,0.00000525,3000.00000000,1
1531211564473,1531211564466,19360125,0.00000525,419047.00000000,1
1531211588995,1531211588990,19360126,0.00000525,10673.00000000,1
1531211603084,1531211603078,19360127,0.00000525,10000.00000000,1
1531211603126,1531211603120,19360128,0.00000525,5532.00000000,1
1531211603651,1531211603647,19360129,0.00000525,71617.00000000,0
1531211609619,1531211609612,19360130,0.00000526,18.00000000,0
1531211611612,1531211611608,19360131,0.00000525,1708.00000000,0
1531211616945,1531211616937,19360132,0.00000525,23408.00000000,1
1531211616945,1531211616937,19360133,0.00000524,748091.00000000,1
1531211622935,1531211622931,19360134,0.00000525,37102.00000000,1
1531211622947,1531211622942,19360135,0.00000525,59363.00000000,0
1531211622958,1531211622955,19360136,0.00000525,37102.00000000,1
1531211625206,1531211625201,19360137,0.00000526,524.00000000,0
1531211626548,1531211626545,19360138,0.00000525,40000.00000000,0
1531211626660,1531211626656,19360139,0.00000525,56011.00000000,1
1531211628648,1531211628642,19360140,0.00000525,16744.00000000,1
1531211633864,1531211633860,19360141,0.00000526,2.00000000,0
1531211636655,1531211636645,19360142,0.00000525,13340.00000000,1
1531211636655,1531211636645,19360143,0.00000524,29982.00000000,1
1531211636655,1531211636645,19360144,0.00000523,613821.00000000,1
1531211636671,1531211636668,19360145,0.00000523,15775.00000000,0
1531211636684,1531211636678,19360146,0.00000523,18424.00000000,0
1531211636695,1531211636690,19360147,0.00000523,22018.00000000,0
1531211636700,1531211636695,19360148,0.00000523,22021.00000000,0
1531211636702,1531211636699,19360149,0.00000523,815.00000000,0
1531211636702,1531211636699,19360150,0.00000523,35303.00000000,0
1531211637160,1531211637155,19360151,0.00000525,1834.00000000,0
1531211637660,1531211637654,19360152,0.00000524,6957.00000000,1
1531211645498,1531211645493,19360153,0.00000524,285.00000000,0
1531211645521,1531211645518,19360154,0.00000524,1535.00000000,0
1531211647292,1531211647288,19360155,0.00000524,193.00000000,1
1531211649733,1531211649728,19360156,0.00000524,30092.00000000,1
1531211649733,1531211649728,19360157,0.00000523,8870.00000000,1
1531211649762,1531211649757,19360158,0.00000523,1000.00000000,0
1531211649770,1531211649766,19360159,0.00000523,16608.00000000,0
1531211649843,1531211649838,19360160,0.00000523,44049.00000000,0
1531211649847,1531211649844,19360161,0.00000523,450000.00000000,0
1531211649848,1531211649844,19360162,0.00000523,220880.00000000,0
1531211649883,1531211649880,19360163,0.00000525,3114.00000000,0
1531211649887,1531211649883,19360164,0.00000525,6232.00000000,0
1531211651643,1531211651639,19360165,0.00000525,47.00000000,0
1531211652351,1531211652348,19360166,0.00000524,20038.00000000,1
1531211652870,1531211652864,19360167,0.00000524,1980.00000000,0
1531211653482,1531211653479,19360168,0.00000524,284.00000000,0
1531211653857,1531211653856,19360169,0.00000524,64716.00000000,0
1531211654655,1531211654650,19360170,0.00000525,1.00000000,0
1531211657781,1531211657776,19360171,0.00000524,1384.00000000,1
1531211659481,1531211659478,19360172,0.00000524,750.00000000,1
1531211662147,1531211662143,19360173,0.00000524,288.00000000,1
1531211663165,1531211663161,19360174,0.00000524,750.00000000,1
1531211663400,1531211663396,19360175,0.00000524,275.00000000,1
1531211666338,1531211666334,19360176,0.00000524,750.00000000,1
1531211666530,1531211666525,19360177,0.00000524,76335.00000000,1
1531211666626,1531211666622,19360178,0.00000524,5815.00000000,1
1531211666650,1531211666645,19360179,0.00000524,43085.00000000,1
1531211667162,1531211667156,19360180,0.00000524,193.00000000,1
1531211667369,1531211667364,19360181,0.00000524,193.00000000,1
1531211667373,1531211667369,19360182,0.00000524,193.00000000,1
1531211667639,1531211667634,19360183,0.00000524,1988.00000000,1
1531211668057,1531211668052,19360184,0.00000525,3200.00000000,0
1531211669953,1531211669948,19360185,0.00000524,750.00000000,1
1531211670604,1531211670600,19360186,0.00000525,999.00000000,0
1531211672551,1531211672547,19360187,0.00000524,900.00000000,1
1531211674332,1531211674326,19360188,0.00000524,750.00000000,1
1531211677584,1531211677580,19360189,0.00000524,750.00000000,1
1531211678395,1531211678390,19360190,0.00000524,10697.00000000,1
1531211682292,1531211682289,19360191,0.00000525,21.00000000,0
1531211683562,1531211683556,19360192,0.00000524,750.00000000,1
1531211685308,1531211685304,19360193,0.00000525,1.00000000,0
1531211687351,1531211687347,19360194,0.00000524,193.00000000,1
1531211687497,1531211687497,19360195,0.00000524,193.00000000,1
1531211687641,1531211687641,19360196,0.00000524,750.00000000,1
1531211687823,1531211687818,19360197,0.00000524,18799.00000000,1
1531211688655,1531211688652,19360198,0.00000524,476.00000000,0
1531211689654,1531211689649,19360199,0.00000524,70193.00000000,0
1531211691730,1531211691726,19360200,0.00000524,1980.00000000,1
1531211692658,1531211692653,19360201,0.00000525,21.00000000,0
1531211693538,1531211693533,19360202,0.00000524,750.00000000,1
1531211696663,1531211696659,19360203,0.00000524,750.00000000,1
1531211700128,1531211700125,19360204,0.00000525,3.00000000,0
1531211700203,1531211700199,19360205,0.00000524,750.00000000,1
1531211703508,1531211703502,19360206,0.00000524,750.00000000,1
1531211706811,1531211706806,19360207,0.00000524,200.00000000,1
1531211712947,1531211712942,19360208,0.00000524,2.00000000,0
1531211714733,1531211714729,19360209,0.00000523,23403.00000000,1
1531211716720,1531211716715,19360210,0.00000524,1712.00000000,0
1531211718718,1531211718712,19360211,0.00000524,16232.00000000,0
1531211721417,1531211721407,19360212,0.00000523,80960.00000000,1
1531211721417,1531211721407,19360213,0.00000522,613393.00000000,1
1531211721628,1531211721624,19360214,0.00000523,6756.00000000,1
1531211722904,1531211722899,19360215,0.00000523,1912.00000000,0
1531211722925,1531211722920,19360216,0.00000523,1912.00000000,0
1531211723226,1531211723223,19360217,0.00000523,503.00000000,0
1531211723411,1531211723407,19360218,0.00000523,2462.00000000,0
1531211723658,1531211723655,19360219,0.00000523,36755.00000000,1
1531211724665,1531211724661,19360220,0.00000523,400.00000000,1
1531211724782,1531211724778,19360221,0.00000522,382.00000000,1
1531211726664,1531211726660,19360222,0.00000523,16263.00000000,1
1531211731129,1531211731123,19360223,0.00000522,33.00000000,1
1531211731160,1531211731156,19360224,0.00000522,33.00000000,1
1531211732675,1531211732669,19360225,0.00000523,10626.00000000,1
1531211733517,1531211733512,19360226,0.00000524,2.00000000,0
1531211736454,1531211736449,19360227,0.00000523,200000.00000000,1
1531211737723,1531211737720,19360228,0.00000523,20281.00000000,0
1531211738761,1531211738757,19360229,0.00000523,34621.00000000,1
1531211738959,1531211738952,19360230,0.00000523,985.00000000,0
1531211739055,1531211739050,19360231,0.00000522,2334.00000000,1
1531211739308,1531211739304,19360232,0.00000523,503.00000000,0
1531211739900,1531211739896,19360233,0.00000522,638.00000000,1
1531211742783,1531211742778,19360234,0.00000522,373.00000000,1
1531211743353,1531211743349,19360235,0.00000523,7267.00000000,0
1531211743807,1531211743802,19360236,0.00000523,137.00000000,0
1531211743851,1531211743847,19360237,0.00000523,230.00000000,0
1531211743864,1531211743860,19360238,0.00000523,230.00000000,0
1531211743912,1531211743908,19360239,0.00000523,269.00000000,0
1531211747080,1531211747077,19360240,0.00000523,137.00000000,0
1531211749320,1531211749316,19360241,0.00000523,503.00000000,0
1531211753718,1531211753714,19360242,0.00000523,41581.00000000,0
1531211754439,1531211754434,19360243,0.00000522,196.00000000,1
1531211756867,1531211756864,19360244,0.00000523,200.00000000,1
1531211758522,1531211758521,19360245,0.00000524,32.00000000,0
1531211761128,1531211761123,19360246,0.00000523,18718.00000000,1
1531211763308,1531211763301,19360247,0.00000523,2476.00000000,1
1531211763840,1531211763835,19360248,0.00000523,211.00000000,1
1531211764411,1531211764407,19360249,0.00000523,479.00000000,1
1531211768420,1531211768415,19360250,0.00000523,194.00000000,1
1531211768445,1531211768440,19360251,0.00000524,564.00000000,0
1531211769259,1531211769253,19360252,0.00000523,10181.00000000,1
1531211769612,1531211769609,19360253,0.00000523,503.00000000,0
1531211769676,1531211769670,19360254,0.00000523,3447.00000000,0
1531211770780,1531211770775,19360255,0.00000523,1319.00000000,0
1531211771362,1531211771356,19360256,0.00000524,137.00000000,0
1531211779476,1531211779471,19360257,0.00000524,1883.00000000,0
1531211794523,1531211794519,19360258,0.00000524,353.00000000,0
1531211805103,1531211805098,19360259,0.00000524,353.00000000,0
1531211822941,1531211822936,19360260,0.00000523,8175.00000000,1
1531211823820,1531211823815,19360261,0.00000523,287.00000000,1
1531211824950,1531211824945,19360262,0.00000523,211.00000000,1
1531211825447,1531211825443,19360263,0.00000524,14.00000000,0
1531211826463,1531211826462,19360264,0.00000523,2295.00000000,1
1531211829687,1531211829682,19360265,0.00000523,6.00000000,1
1531211829687,1531211829682,19360266,0.00000522,2338.00000000,1
1531211830676,1531211830672,19360267,0.00000523,4921.00000000,0
1531211832508,1531211832504,19360268,0.00000523,4921.00000000,1
1531211839388,1531211839384,19360269,0.00000523,8175.00000000,1
1531211844298,1531211844294,19360270,0.00000523,3257.00000000,1
1531211847112,1531211847107,19360271,0.00000523,15381.00000000,1
1531211847131,1531211847126,19360272,0.00000523,34568.00000000,0
1531211847143,1531211847139,19360273,0.00000523,18442.00000000,1
1531211847675,1531211847671,19360274,0.00000523,196.00000000,0
1531211858546,1531211858541,19360275,0.00000523,43183.00000000,1
1531211858569,1531211858563,19360276,0.00000523,14589.00000000,1
1531211861870,1531211861867,19360277,0.00000523,1848.00000000,1
1531211864281,1531211864273,19360278,0.00000523,24213.00000000,1
1531211865274,1531211865269,19360279,0.00000523,43183.00000000,1
1531211899584,1531211899578,19360280,0.00000524,68376.00000000,0
1531211899588,1531211899583,19360281,0.00000524,127495.00000000,0
1531211899949,1531211899943,19360282,0.00000524,10000.00000000,0
1531211903458,1531211903454,19360283,0.00000524,1.00000000,0
1531211909443,1531211909437,19360284,0.00000524,3656.00000000,0
1531211915532,1531211915526,19360285,0.00000524,4.00000000,0
1531211930119,1531211930116,19360286,0.00000523,1500.00000000,1
1531211932249,1531211932243,19360287,0.00000524,13095.00000000,0
1531211934954,1531211934950,19360288,0.00000524,838.00000000,0
1531211936374,1531211936370,19360289,0.00000524,18.00000000,0
1531211939663,1531211939658,19360290,0.00000524,286.00000000,0
1531211940962,1531211940958,19360291,0.00000524,1204.00000000,0
1531211941253,1531211941249,19360292,0.00000524,167507.00000000,0
1531211941691,1531211941686,19360293,0.00000524,12493.00000000,1
1531211942659,1531211942652,19360294,0.00000524,1.00000000,0
1531211947350,1531211947347,19360295,0.00000524,389.00000000,1
1531211948861,1531211948856,19360296,0.00000524,241.00000000,1
1531211949765,1531211949760,19360297,0.00000524,228629.00000000,1
1531211971676,1531211971672,19360298,0.00000524,4936.00000000,0
1531211974728,1531211974723,19360299,0.00000524,21064.00000000,0
1531211974797,1531211974793,19360300,0.00000525,8.00000000,0
1531211975592,1531211975589,19360301,0.00000524,21371.00000000,0
1531211977045,1531211977040,19360302,0.00000525,2.00000000,0
1531211979984,1531211979980,19360303,0.00000525,2.00000000,0
1531211982704,1531211982699,19360304,0.00000524,34562.00000000,1
1531211982718,1531211982714,19360305,0.00000524,15898.00000000,0
1531211982734,1531211982729,19360306,0.00000524,34562.00000000,1
1531211991187,1531211991182,19360307,0.00000524,1724.00000000,1
1531211992894,1531211992889,19360308,0.00000524,402.00000000,1
1531212002133,1531212002128,19360309,0.00000524,1703.00000000,1
1531212002150,1531212002144,19360310,0.00000524,374.00000000,0
1531212002167,1531212002162,19360311,0.00000524,1703.00000000,1
1531212004465,1531212004460,19360312,0.00000524,30000.00000000,1
1531212009414,1531212009412,19360313,0.00000524,5720.00000000,1
1531212012210,1531212012205,19360314,0.00000525,45022.00000000,0
1531212012231,1531212012227,19360315,0.00000525,2310.00000000,0
1531212013468,1531212013463,19360316,0.00000524,208.00000000,1
1531212017196,1531212017192,19360317,0.00000524,25605.00000000,1
1531212020300,1531212020296,19360318,0.00000525,1.00000000,0
1531212020537,1531212020532,19360319,0.00000525,250.00000000,0
1531212034825,1531212034822,19360320,0.00000524,96782.00000000,1
1531212049739,1531212049733,19360321,0.00000525,93215.00000000,0
1531212052092,1531212052087,19360322,0.00000525,4470.00000000,1
1531212053120,1531212053117,19360323,0.00000526,3333.00000000,0
1531212053321,1531212053317,19360324,0.00000526,61.00000000,0
1531212075007,1531212075003,19360325,0.00000526,250.00000000,0
1531212079798,1531212079794,19360326,0.00000526,4.00000000,0
1531212082051,1531212082045,19360327,0.00000525,2.00000000,1
1531212084272,1531212084267,19360328,0.00000525,13.00000000,1
1531212085870,1531212085865,19360329,0.00000525,2.00000000,1
1531212095707,1531212095703,19360330,0.00000525,6727.00000000,1
1531212096930,1531212096925,19360331,0.00000525,2718.00000000,1
1531212098599,1531212098595,19360332,0.00000525,18.00000000,1
1531212116350,1531212116344,19360333,0.00000525,7763.00000000,1
1531212118948,1531212118946,19360334,0.00000525,7171.00000000,0
1531212119994,1531212119990,19360335,0.00000524,2.00000000,1
1531212131976,1531212131972,19360336,0.00000525,5938.00000000,1
1531212136727,1531212136721,19360337,0.00000525,2468.00000000,1
1531212143105,1531212143101,19360338,0.00000525,10176.00000000,0
1531212152736,1531212152730,19360339,0.00000525,4760.00000000,1
1531212154736,1531212154732,19360340,0.00000525,19852.00000000,1
1531212154796,1531212154790,19360341,0.00000525,39023.00000000,1
1531212154826,1531212154822,19360342,0.00000525,65034.00000000,1
1531212154846,1531212154845,19360343,0.00000525,76091.00000000,1
1531212157067,1531212157063,19360344,0.00000524,17.00000000,1
1531212164464,1531212164459,19360345,0.00000525,25216.00000000,1
1531212164478,1531212164473,19360346,0.00000525,22694.00000000,0
1531212164495,1531212164490,19360347,0.00000525,25216.00000000,1
1531212170866,1531212170862,19360348,0.00000524,47535.00000000,1
1531212170909,1531212170904,19360349,0.00000525,28295.00000000,0
1531212178130,1531212178126,19360350,0.00000524,18.00000000,1
1531212198264,1531212198262,19360351,0.00000525,5.00000000,0
1531212204317,1531212204312,19360352,0.00000525,1.00000000,0
1531212223403,1531212223399,19360353,0.00000524,6.00000000,1
1531212236125,1531212236120,19360354,0.00000524,31624.00000000,1
1531212236504,1531212236499,19360355,0.00000524,2316.00000000,0
1531212239640,1531212239636,19360356,0.00000524,2316.00000000,0
1531212239705,1531212239702,19360357,0.00000524,2257.00000000,0
1531212249586,1531212249583,19360358,0.00000523,139.00000000,1
1531212252921,1531212252917,19360359,0.00000524,16000.00000000,0
1531212254601,1531212254596,19360360,0.00000523,705.00000000,1
1531212254659,1531212254655,19360361,0.00000523,20.00000000,1
1531212261018,1531212261012,19360362,0.00000524,2316.00000000,0
1531212273917,1531212273911,19360363,0.00000524,4992.00000000,0
1531212275036,1531212275032,19360364,0.00000524,4.00000000,0
1531212283443,1531212283438,19360365,0.00000524,4993.00000000,0
1531212289701,1531212289698,19360366,0.00000523,140.00000000,1
1531212308784,1531212308780,19360367,0.00000524,5.00000000,0
1531212313678,1531212313672,19360368,0.00000524,3596.00000000,0
1531212347326,1531212347323,19360369,0.00000524,30.00000000,0
1531212349994,1531212349989,19360370,0.00000524,261.00000000,0
1531212350108,1531212350104,19360371,0.00000524,3616.00000000,0
1531212352331,1531212352327,19360372,0.00000524,5.00000000,0
1531212353668,1531212353665,19360373,0.00000523,7000.00000000,1
1531212360148,1531212360144,19360374,0.00000524,2104.00000000,0
1531212388247,1531212388242,19360375,0.00000524,53171.00000000,0
1531212391991,1531212391988,19360376,0.00000524,5817.00000000,0
1531212395366,1531212395361,19360377,0.00000523,17169.00000000,1
1531212397204,1531212397200,19360378,0.00000524,1.00000000,0
1531212400368,1531212400365,19360379,0.00000524,10159.00000000,0
1531212401786,1531212401782,19360380,0.00000523,4.00000000,1
1531212425591,1531212425587,19360381,0.00000524,4206.00000000,0
1531212430695,1531212430691,19360382,0.00000524,14.00000000,0
1531212435023,1531212435019,19360383,0.00000523,68405.00000000,1
1531212435288,1531212435283,19360384,0.00000524,56087.00000000,0
1531212438938,1531212438934,19360385,0.00000523,2329.00000000,1
1531212438950,1531212438947,19360386,0.00000523,2322.00000000,1
1531212439220,1531212439216,19360387,0.00000523,89794.00000000,1
1531212439232,1531212439226,19360388,0.00000523,109183.00000000,1
1531212439742,1531212439739,19360389,0.00000523,89794.00000000,0
1531212439991,1531212439987,19360390,0.00000524,503.00000000,0
1531212440745,1531212440741,19360391,0.00000523,16298.00000000,0
1531212445951,1531212445947,19360392,0.00000524,11.00000000,0
1531212446439,1531212446434,19360393,0.00000523,10878.00000000,1
1531212446486,1531212446481,19360394,0.00000522,3008.00000000,1
1531212446535,1531212446531,19360395,0.00000522,2322.00000000,1
1531212446734,1531212446730,19360396,0.00000523,1912.00000000,0
1531212453934,1531212453931,19360397,0.00000524,45.00000000,0
1531212454523,1531212454518,19360398,0.00000524,1908.00000000,0
1531212457588,1531212457583,19360399,0.00000524,10.00000000,0
1531212458424,1531212458419,19360400,0.00000523,32925.00000000,1
1531212463676,1531212463670,19360401,0.00000523,14743.00000000,1
1531212463692,1531212463687,19360402,0.00000523,23883.00000000,0
1531212463709,1531212463704,19360403,0.00000523,14743.00000000,1
1531212472690,1531212472684,19360404,0.00000523,39331.00000000,1
1531212474360,1531212474358,19360405,0.00000524,11.00000000,0
1531212477122,1531212477117,19360406,0.00000523,1932.00000000,1
1531212477524,1531212477519,19360407,0.00000523,11667.00000000,1
1531212478104,1531212478099,19360408,0.00000523,503.00000000,0
1531212478250,1531212478245,19360409,0.00000523,432.00000000,0
1531212479972,1531212479967,19360410,0.00000523,137.00000000,0
1531212480783,1531212480781,19360411,0.00000523,2860.00000000,0
1531212492057,1531212492054,19360412,0.00000523,1750.00000000,1
1531212492421,1531212492417,19360413,0.00000523,34663.00000000,1
1531212492435,1531212492432,19360414,0.00000523,38891.00000000,0
1531212492445,1531212492440,19360415,0.00000523,34663.00000000,1
1531212500782,1531212500778,19360416,0.00000523,19826.00000000,1
1531212500808,1531212500805,19360417,0.00000523,13580.00000000,1
1531212501164,1531212501158,19360418,0.00000524,2109.00000000,0
1531212507125,1531212507120,19360419,0.00000523,19826.00000000,1
1531212507195,1531212507191,19360420,0.00000524,13412.00000000,0
1531212518634,1531212518630,19360421,0.00000524,1.00000000,0
1531212518785,1531212518781,19360422,0.00000523,13468.00000000,1
1531212518804,1531212518799,19360423,0.00000523,19932.00000000,0
1531212518817,1531212518811,19360424,0.00000523,13468.00000000,1
1531212524316,1531212524312,19360425,0.00000523,3.00000000,1
1531212525622,1531212525617,19360426,0.00000523,18591.00000000,1
1531212563534,1531212563529,19360427,0.00000524,1.00000000,0
1531212563736,1531212563732,19360428,0.00000524,19.00000000,0
1531212568311,1531212568307,19360429,0.00000524,470.00000000,0
1531212580147,1531212580142,19360430,0.00000523,1359.00000000,1
1531212605243,1531212605239,19360431,0.00000523,508.00000000,1
1531212607239,1531212607234,19360432,0.00000523,37851.00000000,1
1531212608269,1531212608266,19360433,0.00000523,42957.00000000,1
1531212609031,1531212609027,19360434,0.00000523,503.00000000,0
1531212612121,1531212612117,19360435,0.00000523,1117.00000000,0
1531212612158,1531212612153,19360436,0.00000523,28708.00000000,0
1531212612337,1531212612333,19360437,0.00000523,1118.00000000,0
1531212612454,1531212612448,19360438,0.00000523,28708.00000000,0
1531212614137,1531212614133,19360439,0.00000522,3217.00000000,1
1531212615345,1531212615339,19360440,0.00000523,3.00000000,0
1531212616716,1531212616711,19360441,0.00000522,15.00000000,1
1531212621821,1531212621818,19360442,0.00000523,535.00000000,0
1531212627395,1531212627388,19360443,0.00000522,108450.00000000,1
1531212632238,1531212632234,19360444,0.00000523,3.00000000,0
1531212635871,1531212635866,19360445,0.00000522,27532.00000000,1
1531212635880,1531212635875,19360446,0.00000522,19230.00000000,0
1531212636480,1531212636475,19360447,0.00000523,1000.00000000,0
1531212637249,1531212637243,19360448,0.00000523,1000.00000000,0
1531212638139,1531212638135,19360449,0.00000523,2.00000000,0
1531212647315,1531212647306,19360450,0.00000522,10332.00000000,1
1531212647315,1531212647306,19360451,0.00000521,81219.00000000,1
1531212647317,1531212647306,19360452,0.00000521,21582.00000000,1
1531212647319,1531212647306,19360453,0.00000522,40000.00000000,1
1531212647319,1531212647306,19360454,0.00000521,27370.00000000,1
1531212647556,1531212647553,19360455,0.00000523,655.00000000,0
1531212651245,1531212651241,19360456,0.00000522,200.00000000,1
1531212655305,1531212655299,19360457,0.00000522,16596.00000000,1
1531212655333,1531212655328,19360458,0.00000522,6692.00000000,1
1531212657942,1531212657937,19360459,0.00000522,26178.00000000,0
1531212657943,1531212657938,19360460,0.00000522,26178.00000000,0
1531212658595,1531212658590,19360461,0.00000522,503.00000000,0
1531212658748,1531212658743,19360462,0.00000522,122374.00000000,0
1531212659043,1531212659038,19360463,0.00000523,5745.00000000,0
1531212659411,1531212659406,19360464,0.00000522,411.00000000,1
1531212659411,1531212659406,19360465,0.00000521,1260.00000000,1
1531212659897,1531212659895,19360466,0.00000521,33.00000000,1
1531212659940,1531212659934,19360467,0.00000522,33.00000000,1
1531212660041,1531212660038,19360468,0.00000522,33.00000000,1
1531212660151,1531212660144,19360469,0.00000522,26.00000000,1
1531212660257,1531212660253,19360470,0.00000522,33.00000000,1
1531212660296,1531212660292,19360471,0.00000522,33.00000000,1
1531212660355,1531212660349,19360472,0.00000522,27.00000000,1
1531212668959,1531212668954,19360473,0.00000522,1.00000000,1
1531212669956,1531212669952,19360474,0.00000523,10.00000000,0
1531212673756,1531212673751,19360475,0.00000522,6652.00000000,1
1531212683579,1531212683573,19360476,0.00000523,4.00000000,0
1531212686751,1531212686746,19360477,0.00000523,383.00000000,0
1531212689832,1531212689827,19360478,0.00000523,381.00000000,0
1531212695780,1531212695776,19360479,0.00000523,2.00000000,0
1531212698930,1531212698926,19360480,0.00000522,194.00000000,1
1531212698933,1531212698930,19360481,0.00000522,387.00000000,1
1531212699107,1531212699103,19360482,0.00000522,194.00000000,1
1531212699320,1531212699314,19360483,0.00000522,194.00000000,1
1531212699356,1531212699352,19360484,0.00000522,194.00000000,1
1531212699521,1531212699517,19360485,0.00000522,3870.00000000,1
1531212699705,1531212699700,19360486,0.00000522,194.00000000,1
1531212705758,1531212705753,19360487,0.00000522,15000.00000000,1
1531212719054,1531212719049,19360488,0.00000522,194.00000000,1
1531212724285,1531212724281,19360489,0.00000522,211.00000000,1
1531212729865,1531212729859,19360490,0.00000522,17891.00000000,1
1531212731092,1531212731088,19360491,0.00000522,1202.00000000,1
1531212740721,1531212740717,19360492,0.00000523,1.00000000,0
1531212741040,1531212741036,19360493,0.00000523,32.00000000,0
1531212741697,1531212741692,19360494,0.00000523,1.00000000,0
1531212742733,1531212742728,19360495,0.00000522,4380.00000000,1
1531212745306,1531212745302,19360496,0.00000523,1.00000000,0
1531212763863,1531212763859,19360497,0.00000523,15.00000000,0
1531212766140,1531212766136,19360498,0.00000523,1302.00000000,0
1531212770160,1531212770156,19360499,0.00000523,5959.00000000,0
1531212770195,1531212770189,19360500,0.00000523,7062.00000000,0
1531212773287,1531212773284,19360501,0.00000523,1986.00000000,0
1531212776445,1531212776440,19360502,0.00000523,1986.00000000,0
1531212783656,1531212783652,19360503,0.00000523,174.00000000,0
1531212787549,1531212787546,19360504,0.00000523,200.00000000,0
1531212793337,1531212793332,19360505,0.00000522,1349.00000000,1
1531212795360,1531212795356,19360506,0.00000523,17150.00000000,0
1531212795369,1531212795363,19360507,0.00000523,299697.00000000,0
1531212796130,1531212796124,19360508,0.00000523,408.00000000,1
1531212796245,1531212796239,19360509,0.00000523,1313.00000000,1
1531212801570,1531212801567,19360510,0.00000523,1.00000000,1
1531212802800,1531212802795,19360511,0.00000524,19777.00000000,0
1531212802829,1531212802823,19360512,0.00000524,93090.00000000,0
1531212802981,1531212802976,19360513,0.00000524,1.00000000,1
1531212816971,1531212816965,19360514,0.00000524,3922.00000000,1
1531212821135,1531212821129,19360515,0.00000524,32706.00000000,1
1531212838903,1531212838899,19360516,0.00000525,1.00000000,0
1531212844623,1531212844621,19360517,0.00000525,1.00000000,0
1531212847380,1531212847374,19360518,0.00000525,6.00000000,0
1531212849300,1531212849296,19360519,0.00000524,109.00000000,1
1531212872049,1531212872044,19360520,0.00000524,122.00000000,1
1531212874464,1531212874459,19360521,0.00000525,1.00000000,0
1531212888041,1531212888036,19360522,0.00000525,33090.00000000,0
1531212895566,1531212895561,19360523,0.00000524,112919.00000000,1
1531212917796,1531212917793,19360524,0.00000525,50.00000000,0
1531212918940,1531212918936,19360525,0.00000525,5714.00000000,0
1531212931244,1531212931237,19360526,0.00000525,5688.00000000,0
1531212934063,1531212934060,19360527,0.00000525,1.00000000,0
1531212946827,1531212946824,19360528,0.00000524,2950.00000000,1
1531212947609,1531212947604,19360529,0.00000525,4.00000000,0
1531212951469,1531212951465,19360530,0.00000524,10000.00000000,1
1531212954817,1531212954812,19360531,0.00000524,4419.00000000,1
1531212959429,1531212959425,19360532,0.00000525,95238.00000000,0
1531212966524,1531212966518,19360533,0.00000525,179344.00000000,0
1531212966544,1531212966540,19360534,0.00000525,1944.00000000,1
1531212966598,1531212966595,19360535,0.00000525,13553.00000000,1
1531212966635,1531212966630,19360536,0.00000525,6940.00000000,1
1531212966636,1531212966631,19360537,0.00000525,6948.00000000,1
1531212967052,1531212967047,19360538,0.00000525,17150.00000000,1
1531212970645,1531212970640,19360539,0.00000525,1410.00000000,1
1531212978731,1531212978726,19360540,0.00000525,13613.00000000,1
1531212978819,1531212978815,19360541,0.00000525,41836.00000000,1
1531212978882,1531212978880,19360542,0.00000525,83095.00000000,1
1531212978915,1531212978911,19360543,0.00000525,68460.00000000,1
1531212981359,1531212981354,19360544,0.00000525,5243.00000000,0
1531212981865,1531212981860,19360545,0.00000525,194757.00000000,1
1531212983232,1531212983228,19360546,0.00000526,16.00000000,0
1531212994746,1531212994742,19360547,0.00000525,389.00000000,0
1531213000912,1531213000907,19360548,0.00000525,2.00000000,0
1531213023885,1531213023881,19360549,0.00000525,2189.00000000,0
1531213023885,1531213023881,19360550,0.00000526,1201.00000000,0
1531213032096,1531213032092,19360551,0.00000524,41.00000000,1
1531213032682,1531213032677,19360552,0.00000524,51.00000000,1
1531213032880,1531213032874,19360553,0.00000524,1047.00000000,1
1531213033483,1531213033477,19360554,0.00000524,123.00000000,1
1531213033613,1531213033608,19360555,0.00000524,44.00000000,1
1531213034028,1531213034023,19360556,0.00000524,124.00000000,1
1531213034605,1531213034599,19360557,0.00000524,77.00000000,1
1531213035076,1531213035072,19360558,0.00000524,140.00000000,1
1531213035459,1531213035454,19360559,0.00000524,94.00000000,1
1531213035813,1531213035808,19360560,0.00000524,53.00000000,1
1531213035937,1531213035930,19360561,0.00000525,262.00000000,0
1531213036432,1531213036428,19360562,0.00000524,425.00000000,1
1531213036990,1531213036983,19360563,0.00000524,149.00000000,1
1531213037236,1531213037232,19360564,0.00000524,147.00000000,1
1531213037682,1531213037677,19360565,0.00000524,106.00000000,1
1531213037995,1531213037991,19360566,0.00000524,200.00000000,1
1531213038545,1531213038540,19360567,0.00000524,73.00000000,1
1531213038761,1531213038756,19360568,0.00000524,53.00000000,1
1531213039280,1531213039278,19360569,0.00000524,425.00000000,1
1531213039722,1531213039719,19360570,0.00000524,53.00000000,1
1531213040233,1531213040228,19360571,0.00000524,119.00000000,1
1531213040749,1531213040745,19360572,0.00000524,267.00000000,1
1531213041314,1531213041308,19360573,0.00000524,47.00000000,1
1531213041884,1531213041880,19360574,0.00000524,42.00000000,1
1531213042325,1531213042319,19360575,0.00000524,69.00000000,1
1531213042771,1531213042767,19360576,0.00000524,126.00000000,1
1531213043178,1531213043172,19360577,0.00000524,144.00000000,1
1531213043614,1531213043609,19360578,0.00000524,82.00000000,1
1531213044084,1531213044079,19360579,0.00000524,160.00000000,1
1531213044815,1531213044811,19360580,0.00000524,64.00000000,1
1531213044863,1531213044859,19360581,0.00000525,8254.00000000,0
1531213045192,1531213045188,19360582,0.00000524,18796.00000000,1
1531213045318,1531213045314,19360583,0.00000524,163.00000000,1
1531213045747,1531213045741,19360584,0.00000524,81.00000000,1
1531213046287,1531213046281,19360585,0.00000524,108.00000000,1
1531213047015,1531213047012,19360586,0.00000524,74.00000000,1
1531213047354,1531213047349,19360587,0.00000524,163.00000000,1
1531213047744,1531213047739,19360588,0.00000524,86.00000000,1
1531213048304,1531213048299,19360589,0.00000524,62.00000000,1
1531213053102,1531213053096,19360590,0.00000524,9440.00000000,1
1531213067966,1531213067962,19360591,0.00000524,303.00000000,1
1531213092472,1531213092468,19360592,0.00000524,25025.00000000,1
1531213095995,1531213095992,19360593,0.00000524,500.00000000,1
1531213101653,1531213101648,19360594,0.00000524,12739.00000000,1
1531213112069,1531213112066,19360595,0.00000524,16988.00000000,0
1531213114177,1531213114174,19360596,0.00000524,467.00000000,1
1531213114202,1531213114197,19360597,0.00000524,233.00000000,1
1531213114254,1531213114250,19360598,0.00000524,1169.00000000,1
1531213114291,1531213114287,19360599,0.00000524,1110.00000000,1
1531213117633,1531213117629,19360600,0.00000523,11.00000000,1
1531213124414,1531213124410,19360601,0.00000524,22550.00000000,0
1531213133817,1531213133811,19360602,0.00000524,1908.00000000,1
1531213168552,1531213168547,19360603,0.00000524,54.00000000,1
1531213170358,1531213170354,19360604,0.00000524,23238.00000000,1
1531213173071,1531213173066,19360605,0.00000525,175.00000000,0
1531213176072,1531213176069,19360606,0.00000525,2083.00000000,0
1531213176697,1531213176693,19360607,0.00000524,18449.00000000,1
1531213176712,1531213176707,19360608,0.00000524,29887.00000000,0
1531213176726,1531213176722,19360609,0.00000524,18449.00000000,1
1531213180216,1531213180210,19360610,0.00000525,783.00000000,0
1531213185639,1531213185634,19360611,0.00000524,10443.00000000,1
1531213185669,1531213185664,19360612,0.00000524,4425.00000000,1
1531213196005,1531213196000,19360613,0.00000524,27284.00000000,1
1531213196017,1531213196013,19360614,0.00000524,14733.00000000,0
1531213196028,1531213196024,19360615,0.00000524,27284.00000000,1
1531213202632,1531213202627,19360616,0.00000524,10329.00000000,1
1531213202664,1531213202659,19360617,0.00000524,6796.00000000,1
1531213214163,1531213214158,19360618,0.00000524,5.00000000,1
1531213215133,1531213215128,19360619,0.00000524,10324.00000000,1
1531213215147,1531213215141,19360620,0.00000524,64350.00000000,0
1531213215165,1531213215162,19360621,0.00000524,10324.00000000,1
1531213215179,1531213215176,19360622,0.00000524,5.00000000,0
1531213215179,1531213215176,19360623,0.00000525,498.00000000,0
1531213218769,1531213218765,19360624,0.00000524,1248.00000000,1
1531213219393,1531213219387,19360625,0.00000524,30150.00000000,1
1531213233422,1531213233418,19360626,0.00000524,18.00000000,1
1531213236070,1531213236064,19360627,0.00000524,61406.00000000,1
1531213251443,1531213251439,19360628,0.00000524,15.00000000,1
1531213260658,1531213260652,19360629,0.00000524,24034.00000000,1
1531213267337,1531213267333,19360630,0.00000524,38392.00000000,1
1531213267349,1531213267345,19360631,0.00000524,63730.00000000,0
1531213267362,1531213267358,19360632,0.00000524,38392.00000000,1
1531213270034,1531213270030,19360633,0.00000524,15449.00000000,1
1531213270804,1531213270799,19360634,0.00000524,4551.00000000,0
1531213279966,1531213279962,19360635,0.00000524,2.00000000,1
1531213289863,1531213289858,19360636,0.00000524,27984.00000000,1
1531213289880,1531213289876,19360637,0.00000524,53169.00000000,0
1531213289890,1531213289885,19360638,0.00000524,27984.00000000,1
1531213297788,1531213297784,19360639,0.00000524,8863.00000000,1
1531213302281,1531213302274,19360640,0.00000524,90573.00000000,1
1531213305941,1531213305939,19360641,0.00000525,15.00000000,0
1531213309814,1531213309810,19360642,0.00000525,3.00000000,0
1531213312353,1531213312349,19360643,0.00000524,1210.00000000,1
1531213316330,1531213316326,19360644,0.00000525,503.00000000,0
1531213328385,1531213328381,19360645,0.00000525,503.00000000,0
1531213330145,1531213330141,19360646,0.00000524,14748.00000000,1
1531213340807,1531213340804,19360647,0.00000525,1750.00000000,0
1531213342153,1531213342149,19360648,0.00000525,1960.00000000,0
1531213343186,1531213343181,19360649,0.00000524,35179.00000000,1
1531213347104,1531213347101,19360650,0.00000525,3319.00000000,0
1531213364294,1531213364289,19360651,0.00000525,3.00000000,0
1531213366509,1531213366505,19360652,0.00000524,1006.00000000,1
1531213366509,1531213366505,19360653,0.00000523,660.00000000,1
1531213367509,1531213367504,19360654,0.00000523,500.00000000,1
1531213368867,1531213368864,19360655,0.00000525,837.00000000,0
1531213374389,1531213374383,19360656,0.00000524,3815.00000000,1
1531213380423,1531213380419,19360657,0.00000524,5221.00000000,1
1531213380455,1531213380449,19360658,0.00000524,4425.00000000,1
1531213390345,1531213390341,19360659,0.00000524,21.00000000,1
1531213394034,1531213394030,19360660,0.00000524,3222.00000000,1
1531213395085,1531213395081,19360661,0.00000524,3777.00000000,1
1531213395169,1531213395165,19360662,0.00000524,2174.00000000,1
1531213403660,1531213403656,19360663,0.00000524,5815.00000000,1
1531213406689,1531213406684,19360664,0.00000524,193.00000000,1
1531213411028,1531213411024,19360665,0.00000524,38766.00000000,1
1531213411865,1531213411861,19360666,0.00000524,193.00000000,0
1531213413802,1531213413797,19360667,0.00000525,22.00000000,0
1531213422849,1531213422845,19360668,0.00000525,1.00000000,0
1531213424724,1531213424721,19360669,0.00000525,6623.00000000,0
1531213428733,1531213428729,19360670,0.00000524,18.00000000,1
1531213430454,1531213430449,19360671,0.00000524,2126.00000000,1
1531213430454,1531213430449,19360672,0.00000523,14075.00000000,1
1531213431301,1531213431296,19360673,0.00000525,7315.00000000,0
1531213434115,1531213434111,19360674,0.00000525,1230.00000000,0
1531213442122,1531213442117,19360675,0.00000524,35311.00000000,1
1531213448644,1531213448640,19360676,0.00000524,19007.00000000,1
1531213448653,1531213448648,19360677,0.00000524,15965.00000000,0
1531213448661,1531213448656,19360678,0.00000524,19007.00000000,1
1531213451840,1531213451835,19360679,0.00000524,778.00000000,0
1531213457356,1531213457352,19360680,0.00000525,7000.00000000,0
1531213457761,1531213457755,19360681,0.00000525,2000.00000000,0
1531213462085,1531213462081,19360682,0.00000524,30904.00000000,1
1531213475238,1531213475234,19360683,0.00000524,6367.00000000,1
1531213502283,1531213502279,19360684,0.00000524,3.00000000,1
1531213505936,1531213505932,19360685,0.00000525,503.00000000,0
1531213522177,1531213522172,19360686,0.00000525,503.00000000,0
1531213547110,1531213547103,19360687,0.00000525,1750.00000000,0
1531213549543,1531213549539,19360688,0.00000525,381.00000000,0
1531213560486,1531213560480,19360689,0.00000525,763.00000000,0
1531213579790,1531213579786,19360690,0.00000524,14.00000000,1
1531213583389,1531213583385,19360691,0.00000524,20000.00000000,1
1531213586185,1531213586181,19360692,0.00000524,1000.00000000,1
1531213599639,1531213599634,19360693,0.00000524,4.00000000,1
1531213600533,1531213600530,19360694,0.00000525,62.00000000,0
1531213607543,1531213607538,19360695,0.00000524,2000.00000000,1
1531213609351,1531213609347,19360696,0.00000524,1682.00000000,1
1531213614362,1531213614358,19360697,0.00000525,280.00000000,0
1531213616088,1531213616083,19360698,0.00000525,2.00000000,0
1531213625678,1531213625671,19360699,0.00000524,16.00000000,1
1531213648778,1531213648775,19360700,0.00000524,8752.00000000,1
1531213651176,1531213651171,19360701,0.00000524,82.00000000,1
1531213657269,1531213657263,19360702,0.00000525,200.00000000,0
1531213660989,1531213660984,19360703,0.00000524,622.00000000,1
1531213663119,1531213663113,19360704,0.00000524,351.00000000,1
1531213669051,1531213669045,19360705,0.00000525,17352.00000000,0
1531213678501,1531213678498,19360706,0.00000525,8.00000000,0
1531213703479,1531213703475,19360707,0.00000525,9.00000000,0
1531213716682,1531213716679,19360708,0.00000525,17.00000000,0
1531213738673,1531213738670,19360709,0.00000525,14.00000000,0
1531213741982,1531213741976,19360710,0.00000525,4.00000000,0
1531213750429,1531213750424,19360711,0.00000524,1748.00000000,1
1531213754071,1531213754067,19360712,0.00000525,3.00000000,0
1531213770220,1531213770217,19360713,0.00000525,6.00000000,0
1531213778832,1531213778826,19360714,0.00000525,6.00000000,0
1531213781095,1531213781089,19360715,0.00000525,11800.00000000,0
1531213789414,1531213789409,19360716,0.00000524,3200.00000000,1
1531213789919,1531213789914,19360717,0.00000524,55540.00000000,1
1531213799761,1531213799755,19360718,0.00000523,106662.00000000,1
1531213802948,1531213802943,19360719,0.00000524,5065.00000000,0
1531213802978,1531213802975,19360720,0.00000524,15016.00000000,0
1531213806888,1531213806884,19360721,0.00000524,1793.00000000,0
1531213807376,1531213807371,19360722,0.00000524,2.00000000,0
1531213810894,1531213810890,19360723,0.00000524,1793.00000000,1
1531213818890,1531213818886,19360724,0.00000524,16089.00000000,1
1531213824256,1531213824252,19360725,0.00000524,791.00000000,1
1531213825019,1531213825015,19360726,0.00000524,316.00000000,1
1531213828862,1531213828856,19360727,0.00000524,10413.00000000,1
1531213828869,1531213828865,19360728,0.00000524,10783.00000000,0
1531213828886,1531213828882,19360729,0.00000524,10413.00000000,1
1531213841553,1531213841549,19360730,0.00000525,17.00000000,0
1531213844540,1531213844534,19360731,0.00000524,14587.00000000,1
1531213844560,1531213844554,19360732,0.00000524,3792.00000000,0
1531213844572,1531213844568,19360733,0.00000524,14587.00000000,1
1531213846224,1531213846220,19360734,0.00000523,30000.00000000,1
1531213851416,1531213851413,19360735,0.00000524,2486.00000000,1
1531213853897,1531213853893,19360736,0.00000524,17500.00000000,1
1531213860511,1531213860507,19360737,0.00000523,80477.00000000,1
1531213860537,1531213860533,19360738,0.00000524,12000.00000000,0
1531213867109,1531213867106,19360739,0.00000524,4.00000000,0
1531213867505,1531213867501,19360740,0.00000524,4908.00000000,0
1531213877823,1531213877819,19360741,0.00000523,15.00000000,1
1531213878112,1531213878107,19360742,0.00000524,1000.00000000,0
1531213885445,1531213885442,19360743,0.00000524,1000.00000000,0
1531213892345,1531213892339,19360744,0.00000524,490.00000000,0
1531213905924,1531213905919,19360745,0.00000524,154.00000000,0
1531213908935,1531213908930,19360746,0.00000524,1.00000000,0
1531213915371,1531213915367,19360747,0.00000524,63.00000000,0
1531213928949,1531213928946,19360748,0.00000524,1.00000000,0
1531213941352,1531213941347,19360749,0.00000523,54.00000000,1
1531213941594,1531213941591,19360750,0.00000523,13.00000000,1
1531213945984,1531213945980,19360751,0.00000523,41275.00000000,1
1531213948818,1531213948815,19360752,0.00000524,3.00000000,0
1531213963611,1531213963607,19360753,0.00000523,13.00000000,1
1531213971003,1531213970998,19360754,0.00000523,4066.00000000,1
1531213995740,1531213995737,19360755,0.00000523,2640.00000000,1
1531214014442,1531214014438,19360756,0.00000523,250.00000000,1
1531214024019,1531214024016,19360757,0.00000524,16.00000000,0
1531214024047,1531214024043,19360758,0.00000523,5578.00000000,1
1531214027329,1531214027325,19360759,0.00000524,8451.00000000,0
1531214031417,1531214031412,19360760,0.00000523,13689.00000000,1
1531214047366,1531214047361,19360761,0.00000523,107236.00000000,1
1531214088475,1531214088472,19360762,0.00000523,20524.00000000,1
1531214113050,1531214113046,19360763,0.00000523,305.00000000,1
1531214116959,1531214116956,19360764,0.00000524,28.00000000,0
1531214135542,1531214135536,19360765,0.00000523,4.00000000,1
1531214143537,1531214143531,19360766,0.00000524,300000.00000000,0
1531214149849,1531214149845,19360767,0.00000524,10.00000000,0
1531214152740,1531214152735,19360768,0.00000523,276.00000000,1
1531214184906,1531214184903,19360769,0.00000524,2396.00000000,0
1531214197535,1531214197531,19360770,0.00000523,36.00000000,1
1531214230156,1531214230152,19360771,0.00000524,5.00000000,0
1531214236217,1531214236212,19360772,0.00000524,230.00000000,0
1531214243824,1531214243820,19360773,0.00000523,9041.00000000,1
1531214256337,1531214256330,19360774,0.00000523,78.00000000,1
1531214309051,1531214309048,19360775,0.00000524,291.00000000,0
1531214312079,1531214312075,19360776,0.00000524,1.00000000,0
1531214318905,1531214318898,19360777,0.00000523,547802.00000000,1
1531214319176,1531214319171,19360778,0.00000523,513.00000000,0
1531214319633,1531214319627,19360779,0.00000523,1000.00000000,0
1531214319702,1531214319697,19360780,0.00000523,6988.00000000,0
1531214320509,1531214320505,19360781,0.00000523,3984.00000000,0
1531214320718,1531214320714,19360782,0.00000523,39153.00000000,0
1531214320758,1531214320750,19360783,0.00000523,3984.00000000,0
1531214320821,1531214320817,19360784,0.00000523,39153.00000000,0
1531214320849,1531214320845,19360785,0.00000523,12493.00000000,0
1531214320978,1531214320973,19360786,0.00000523,3137.00000000,0
1531214321073,1531214321068,19360787,0.00000523,1198.00000000,0
1531214321181,1531214321178,19360788,0.00000523,15280.00000000,0
1531214321759,1531214321755,19360789,0.00000523,5275.00000000,0
1531214323069,1531214323065,19360790,0.00000522,33.00000000,1
1531214323874,1531214323867,19360791,0.00000522,8.00000000,1
1531214324351,1531214324347,19360792,0.00000523,4.00000000,0
1531214327976,1531214327973,19360793,0.00000523,3000.00000000,0
1531214331171,1531214331167,19360794,0.00000523,1000.00000000,0
1531214333846,1531214333843,19360795,0.00000523,100.00000000,0
1531214338087,1531214338082,19360796,0.00000523,1911.00000000,0
1531214341422,1531214341418,19360797,0.00000523,1000.00000000,0
1531214341702,1531214341697,19360798,0.00000523,403.00000000,0
1531214342499,1531214342496,19360799,0.00000522,1217.00000000,1
1531214352946,1531214352943,19360800,0.00000522,733.00000000,1
1531214361038,1531214361035,19360801,0.00000523,15.00000000,0
1531214366197,1531214366192,19360802,0.00000523,1359.00000000,0
1531214370629,1531214370625,19360803,0.00000523,1000.00000000,0
1531214371999,1531214371995,19360804,0.00000523,1789.00000000,0
1531214373917,1531214373913,19360805,0.00000523,289.00000000,0
1531214380957,1531214380953,19360806,0.00000523,9032.00000000,0
1531214381005,1531214381000,19360807,0.00000523,5733.00000000,0
1531214384484,1531214384478,19360808,0.00000523,3299.00000000,0
1531214389747,1531214389743,19360809,0.00000523,12.00000000,0
1531214390147,1531214390142,19360810,0.00000523,1911.00000000,0
1531214395217,1531214395214,19360811,0.00000522,51.00000000,1
1531214396864,1531214396860,19360812,0.00000523,47.00000000,0
1531214401974,1531214401968,19360813,0.00000523,89302.00000000,0
1531214401996,1531214401990,19360814,0.00000523,3948.00000000,0
1531214410398,1531214410392,19360815,0.00000523,84907.00000000,1
1531214410972,1531214410968,19360816,0.00000523,23422.00000000,0
1531214418102,1531214418098,19360817,0.00000524,78331.00000000,0
1531214420239,1531214420235,19360818,0.00000523,2900.00000000,1
1531214420971,1531214420967,19360819,0.00000523,29650.00000000,1
1531214427756,1531214427752,19360820,0.00000524,2195.00000000,0
1531214429291,1531214429286,19360821,0.00000524,3.00000000,0
1531214432464,1531214432460,19360822,0.00000523,56372.00000000,1
1531214436740,1531214436737,19360823,0.00000523,8498.00000000,1
1531214439845,1531214439841,19360824,0.00000524,7.00000000,0
1531214446996,1531214446991,19360825,0.00000523,10000.00000000,1
1531214446996,1531214446991,19360826,0.00000523,5000.00000000,1
1531214447007,1531214447002,19360827,0.00000523,5000.00000000,1
1531214447012,1531214447009,19360828,0.00000523,20000.00000000,1
1531214447169,1531214447166,19360829,0.00000524,3.00000000,0
1531214449703,1531214449698,19360830,0.00000524,69156.00000000,0
1531214456544,1531214456540,19360831,0.00000524,2801.00000000,0
1531214456587,1531214456583,19360832,0.00000524,10.00000000,0
1531214457541,1531214457535,19360833,0.00000524,179.00000000,0
1531214460973,1531214460968,19360834,0.00000523,5000.00000000,1
1531214468520,1531214468516,19360835,0.00000523,19784.00000000,1
1531214469421,1531214469415,19360836,0.00000523,142042.00000000,0
1531214471135,1531214471132,19360837,0.00000523,2000.00000000,0
1531214471928,1531214471924,19360838,0.00000523,26.00000000,0
1531214476947,1531214476943,19360839,0.00000523,3235.00000000,0
1531214476976,1531214476971,19360840,0.00000523,29043.00000000,0
1531214478844,1531214478836,19360841,0.00000523,194.00000000,1
1531214479657,1531214479652,19360842,0.00000523,1000.00000000,1
1531214484431,1531214484426,19360843,0.00000524,109.00000000,0
1531214487993,1531214487990,19360844,0.00000523,1.00000000,1
1531214490694,1531214490689,19360845,0.00000523,25038.00000000,1
1531214490817,1531214490814,19360846,0.00000523,55894.00000000,0
1531214491311,1531214491307,19360847,0.00000523,12767.00000000,1
1531214508256,1531214508252,19360848,0.00000523,65201.00000000,0
1531214518372,1531214518368,19360849,0.00000523,3316.00000000,1
1531214521881,1531214521876,19360850,0.00000523,25692.00000000,1
1531214521968,1531214521965,19360851,0.00000523,3316.00000000,0
1531214523988,1531214523984,19360852,0.00000523,17508.00000000,0
1531214524986,1531214524982,19360853,0.00000523,71425.00000000,0
1531214532001,1531214531996,19360854,0.00000524,5.00000000,0
1531214535505,1531214535500,19360855,0.00000524,9345.00000000,0
1531214535773,1531214535770,19360856,0.00000524,213.00000000,0
1531214539996,1531214539991,19360857,0.00000523,7551.00000000,1
1531214546839,1531214546834,19360858,0.00000523,2000.00000000,1
1531214547182,1531214547176,19360859,0.00000523,56949.00000000,0
1531214556466,1531214556461,19360860,0.00000524,11.00000000,0
1531214563138,1531214563134,19360861,0.00000523,457.00000000,1
1531214563717,1531214563711,19360862,0.00000523,7655.00000000,1
1531214569335,1531214569331,19360863,0.00000523,5726.00000000,1
1531214583377,1531214583374,19360864,0.00000522,21725.00000000,1
1531214583982,1531214583979,19360865,0.00000523,27637.00000000,0
1531214585796,1531214585791,19360866,0.00000523,710.00000000,1
1531214586938,1531214586933,19360867,0.00000523,7813.00000000,1
1531214586972,1531214586968,19360868,0.00000523,5000.00000000,0
1531214586979,1531214586974,19360869,0.00000523,20000.00000000,0
1531214586987,1531214586982,19360870,0.00000523,15000.00000000,0
1531214586988,1531214586985,19360871,0.00000523,27134.00000000,0
1531214587631,1531214587627,19360872,0.00000523,17594.00000000,1
1531214588118,1531214588115,19360873,0.00000523,64236.00000000,1
1531214590590,1531214590587,19360874,0.00000523,6883.00000000,0
1531214591035,1531214591029,19360875,0.00000523,16725.00000000,0
1531214592953,1531214592948,19360876,0.00000523,14023.00000000,0
1531214596251,1531214596247,19360877,0.00000523,110920.00000000,0
1531214599704,1531214599699,19360878,0.00000523,194.00000000,1
1531214608548,1531214608545,19360879,0.00000523,61998.00000000,1
1531214610701,1531214610696,19360880,0.00000523,300.00000000,1
1531214612727,1531214612721,19360881,0.00000523,23.00000000,1
1531214621668,1531214621663,19360882,0.00000523,11.00000000,1
1531214623413,1531214623409,19360883,0.00000524,62892.00000000,0
1531214643458,1531214643455,19360884,0.00000523,19120.00000000,1
1531214644865,1531214644860,19360885,0.00000523,19919.00000000,1
1531214644986,1531214644982,19360886,0.00000523,7886.00000000,0
1531214649127,1531214649122,19360887,0.00000523,4.00000000,1
1531214652584,1531214652579,19360888,0.00000523,6883.00000000,0
1531214652908,1531214652905,19360889,0.00000523,91243.00000000,0
1531214654309,1531214654307,19360890,0.00000524,299.00000000,0
1531214660738,1531214660735,19360891,0.00000523,480.00000000,1
1531214660930,1531214660924,19360892,0.00000523,10000.00000000,1
1531214669226,1531214669222,19360893,0.00000523,1831.00000000,1
1531214677592,1531214677588,19360894,0.00000523,2343.00000000,1
1531214680985,1531214680982,19360895,0.00000523,52191.00000000,1
1531214682291,1531214682286,19360896,0.00000523,138856.00000000,0
1531214694038,1531214694034,19360897,0.00000523,34668.00000000,1
1531214694860,1531214694855,19360898,0.00000524,55695.00000000,0
1531214697183,1531214697178,19360899,0.00000524,5725.00000000,0
1531214697967,1531214697963,19360900,0.00000524,6997.00000000,0
1531214714760,1531214714755,19360901,0.00000523,14207.00000000,1
1531214714894,1531214714890,19360902,0.00000523,115654.00000000,0
1531214715378,1531214715373,19360903,0.00000524,11.00000000,0
1531214720773,1531214720769,19360904,0.00000524,2.00000000,0
1531214730523,1531214730518,19360905,0.00000523,784.00000000,1
1531214731339,1531214731334,19360906,0.00000523,13423.00000000,1
1531214731339,1531214731334,19360907,0.00000522,136577.00000000,1
1531214731645,1531214731641,19360908,0.00000522,300000.00000000,1
1531214732741,1531214732737,19360909,0.00000523,10000.00000000,1
1531214732843,1531214732837,19360910,0.00000524,62406.00000000,0
1531214737208,1531214737203,19360911,0.00000523,2932.00000000,1
1531214737216,1531214737212,19360912,0.00000523,10000.00000000,0
1531214737228,1531214737223,19360913,0.00000523,2932.00000000,1
1531214742340,1531214742337,19360914,0.00000523,1274.00000000,0
1531214744333,1531214744327,19360915,0.00000523,8726.00000000,0
1531214745371,1531214745367,19360916,0.00000523,4.00000000,1
1531214746016,1531214746012,19360917,0.00000523,4202.00000000,1
1531214748785,1531214748779,19360918,0.00000523,2556.00000000,1
1531214748910,1531214748907,19360919,0.00000523,155020.00000000,0
1531214748991,1531214748988,19360920,0.00000523,2556.00000000,1
1531214749332,1531214749324,19360921,0.00000522,300000.00000000,1
1531214750296,1531214750292,19360922,0.00000522,1157.00000000,1
1531214753788,1531214753782,19360923,0.00000524,1908.00000000,0
1531214760174,1531214760169,19360924,0.00000522,20000.00000000,1
1531214762184,1531214762180,19360925,0.00000523,1.00000000,0
1531214762329,1531214762324,19360926,0.00000523,8008.00000000,0
1531214770374,1531214770370,19360927,0.00000522,51465.00000000,1
1531214770399,1531214770396,19360928,0.00000522,1333.00000000,0
1531214770496,1531214770491,19360929,0.00000522,1068.00000000,0
1531214788309,1531214788306,19360930,0.00000522,10000.00000000,1
1531214788440,1531214788437,19360931,0.00000522,86567.00000000,0
1531214788778,1531214788772,19360932,0.00000523,372.00000000,0
1531214800787,1531214800783,19360933,0.00000522,194.00000000,1
1531214800837,1531214800833,19360934,0.00000522,194.00000000,1
1531214804800,1531214804796,19360935,0.00000523,318.00000000,0
1531214812452,1531214812448,19360936,0.00000523,1.00000000,0
1531214813037,1531214813032,19360937,0.00000523,5665.00000000,0
1531214817990,1531214817984,19360938,0.00000522,1564.00000000,1
1531214828439,1531214828435,19360939,0.00000522,88293.00000000,1
1531214828500,1531214828496,19360940,0.00000522,1916.00000000,0
1531214828500,1531214828496,19360941,0.00000522,1916.00000000,0
1531214828584,1531214828579,19360942,0.00000522,3249.00000000,0
1531214847952,1531214847947,19360943,0.00000522,52842.00000000,1
1531214848005,1531214848001,19360944,0.00000522,34123.00000000,0
1531214848013,1531214848010,19360945,0.00000522,27012.00000000,0
1531214850264,1531214850260,19360946,0.00000523,680.00000000,0
1531214852348,1531214852345,19360947,0.00000522,523.00000000,1
1531214854961,1531214854958,19360948,0.00000522,514.00000000,1
1531214856506,1531214856503,19360949,0.00000522,10000.00000000,1
1531214858776,1531214858771,19360950,0.00000522,200.00000000,1
1531214863804,1531214863800,19360951,0.00000523,18.00000000,0
1531214864255,1531214864250,19360952,0.00000523,1.00000000,0
1531214866021,1531214866016,19360953,0.00000521,218.00000000,1
1531214867175,1531214867170,19360954,0.00000522,24.00000000,1
1531214873394,1531214873389,19360955,0.00000523,239522.00000000,0
1531214873462,1531214873455,19360956,0.00000523,1335.00000000,1
1531214878909,1531214878905,19360957,0.00000523,155909.00000000,1
1531214880101,1531214880097,19360958,0.00000522,1763.00000000,1
1531214882304,1531214882299,19360959,0.00000523,16638.00000000,1
1531214882428,1531214882424,19360960,0.00000523,69137.00000000,0
1531214907639,1531214907635,19360961,0.00000524,1970.00000000,0
1531214910652,1531214910647,19360962,0.00000524,5.00000000,0
1531214911975,1531214911970,19360963,0.00000524,9815.00000000,0
1531214915791,1531214915786,19360964,0.00000523,4000.00000000,1
1531214920652,1531214920646,19360965,0.00000523,64.00000000,1
1531214922081,1531214922077,19360966,0.00000523,3822.00000000,1
1531214922105,1531214922102,19360967,0.00000523,5556.00000000,1
1531214922117,1531214922113,19360968,0.00000523,1990.00000000,1
1531214930185,1531214930180,19360969,0.00000524,2.00000000,0
1531214939342,1531214939338,19360970,0.00000523,1531.00000000,1
1531214942518,1531214942513,19360971,0.00000523,255.00000000,1
1531214943790,1531214943786,19360972,0.00000524,1758.00000000,0
1531214944815,1531214944810,19360973,0.00000523,5234.00000000,1
1531214945207,1531214945201,19360974,0.00000524,31486.00000000,0
1531214950843,1531214950838,19360975,0.00000523,1780.00000000,1
1531214962719,1531214962713,19360976,0.00000523,736.00000000,1
1531214964840,1531214964835,19360977,0.00000523,11382.00000000,1
1531214964901,1531214964895,19360978,0.00000523,6995.00000000,0
1531214964961,1531214964957,19360979,0.00000523,65007.00000000,0
1531214973358,1531214973354,19360980,0.00000524,459.00000000,0
1531214973611,1531214973605,19360981,0.00000524,200000.00000000,0
1531214979071,1531214979067,19360982,0.00000524,4238.00000000,0
1531214979531,1531214979527,19360983,0.00000524,3425.00000000,0
1531214987109,1531214987105,19360984,0.00000524,1132.00000000,0
1531214987259,1531214987255,19360985,0.00000524,452.00000000,0
1531214988225,1531214988220,19360986,0.00000523,6216.00000000,1
1531214988268,1531214988263,19360987,0.00000523,1359.00000000,0
1531214988462,1531214988458,19360988,0.00000523,2918.00000000,0
1531214988466,1531214988461,19360989,0.00000523,296.00000000,0
1531215001011,1531215001007,19360990,0.00000523,2.00000000,1
1531215003492,1531215003487,19360991,0.00000524,500.00000000,0
1531215006428,1531215006424,19360992,0.00000523,30940.00000000,1
1531215006550,1531215006547,19360993,0.00000523,27963.00000000,0
1531215008956,1531215008952,19360994,0.00000524,4.00000000,0
1531215012837,1531215012833,19360995,0.00000524,23.00000000,0
1531215018893,1531215018890,19360996,0.00000523,500.00000000,1
1531215019838,1531215019834,19360997,0.00000523,5141.00000000,1
1531215020142,1531215020137,19360998,0.00000523,1417.00000000,1
1531215020164,1531215020160,19360999,0.00000523,567.00000000,1
1531215020182,1531215020177,19361000,0.00000523,283.00000000,1
1531215020637,1531215020634,19361001,0.00000523,1417.00000000,1
1531215027220,1531215027215,19361002,0.00000524,20000.00000000,0
1531215029301,1531215029296,19361003,0.00000523,14231.00000000,1
1531215034426,1531215034420,19361004,0.00000524,140000.00000000,0
1531215034557,1531215034554,19361005,0.00000524,425.00000000,0
1531215034876,1531215034872,19361006,0.00000523,28562.00000000,1
1531215040271,1531215040266,19361007,0.00000523,5907.00000000,1
1531215042993,1531215042989,19361008,0.00000524,3.00000000,0
1531215045461,1531215045456,19361009,0.00000523,25167.00000000,1
1531215049194,1531215049189,19361010,0.00000522,495.00000000,1
1531215051630,1531215051626,19361011,0.00000523,6365.00000000,0
1531215057808,1531215057803,19361012,0.00000524,63.00000000,0
1531215062230,1531215062227,19361013,0.00000523,24709.00000000,1
1531215062289,1531215062284,19361014,0.00000523,4503.00000000,0
1531215066830,1531215066825,19361015,0.00000522,17.00000000,1
1531215069592,1531215069588,19361016,0.00000523,1862.00000000,0
1531215071151,1531215071145,19361017,0.00000523,20666.00000000,1
1531215073084,1531215073079,19361018,0.00000524,603.00000000,0
1531215082757,1531215082753,19361019,0.00000523,8546.00000000,1
1531215082774,1531215082770,19361020,0.00000523,25837.00000000,0
1531215082788,1531215082783,19361021,0.00000523,8546.00000000,1
1531215085185,1531215085181,19361022,0.00000523,322.00000000,0
1531215085854,1531215085850,19361023,0.00000523,22206.00000000,0
1531215086185,1531215086181,19361024,0.00000524,644.00000000,0
1531215086334,1531215086329,19361025,0.00000523,7000.00000000,1
1531215086500,1531215086494,19361026,0.00000523,3000.00000000,1
1531215090369,1531215090364,19361027,0.00000523,911.00000000,1
1531215095037,1531215095032,19361028,0.00000524,2545.00000000,0
1531215103421,1531215103416,19361029,0.00000523,3000.00000000,1
1531215103729,1531215103725,19361030,0.00000523,97.00000000,1
1531215105387,1531215105383,19361031,0.00000523,2000.00000000,1
1531215112987,1531215112982,19361032,0.00000523,1509.00000000,1
1531215118010,1531215118005,19361033,0.00000523,3000.00000000,1
1531215118498,1531215118494,19361034,0.00000523,3034.00000000,1
1531215118499,1531215118494,19361035,0.00000522,3000.00000000,1
1531215122940,1531215122936,19361036,0.00000524,16000.00000000,0
1531215124998,1531215124993,19361037,0.00000524,1060.00000000,0
1531215132532,1531215132528,19361038,0.00000523,1000.00000000,1
1531215132548,1531215132543,19361039,0.00000523,2000.00000000,0
1531215133533,1531215133528,19361040,0.00000523,2000.00000000,0
1531215136305,1531215136302,19361041,0.00000523,3000.00000000,1
1531215137128,1531215137122,19361042,0.00000523,1000.00000000,1
1531215142163,1531215142159,19361043,0.00000523,10394.00000000,1
1531215142177,1531215142174,19361044,0.00000523,28469.00000000,0
1531215142189,1531215142186,19361045,0.00000523,10394.00000000,1
1531215142232,1531215142228,19361046,0.00000523,967.00000000,0
1531215143336,1531215143331,19361047,0.00000523,3032.00000000,0
1531215145068,1531215145064,19361048,0.00000522,14.00000000,1
1531215149930,1531215149926,19361049,0.00000523,2001.00000000,0
1531215156448,1531215156444,19361050,0.00000523,12393.00000000,1
1531215156999,1531215156996,19361051,0.00000522,11000.00000000,1
1531215160695,1531215160691,19361052,0.00000523,4.00000000,0
1531215165372,1531215165368,19361053,0.00000523,42.00000000,0
1531215165871,1531215165865,19361054,0.00000522,14283.00000000,1
1531215165902,1531215165897,19361055,0.00000523,3955.00000000,0
1531215168511,1531215168505,19361056,0.00000524,55652.00000000,0
1531215170944,1531215170940,19361057,0.00000523,10439.00000000,1
1531215170958,1531215170952,19361058,0.00000523,1723.00000000,0
1531215170966,1531215170960,19361059,0.00000523,80476.00000000,0
1531215170980,1531215170976,19361060,0.00000523,12162.00000000,1
1531215171011,1531215171006,19361061,0.00000523,1723.00000000,0
1531215171252,1531215171249,19361062,0.00000523,509.00000000,0
1531215175312,1531215175308,19361063,0.00000523,3000.00000000,1
1531215176236,1531215176232,19361064,0.00000523,333.00000000,1
1531215177297,1531215177292,19361065,0.00000523,400.00000000,1
1531215177340,1531215177336,19361066,0.00000523,6000.00000000,1
1531215180624,1531215180621,19361067,0.00000524,3676.00000000,0
1531215186982,1531215186978,19361068,0.00000523,239522.00000000,1
1531215188045,1531215188042,19361069,0.00000523,17711.00000000,1
1531215188107,1531215188103,19361070,0.00000523,7009.00000000,0
1531215188676,1531215188671,19361071,0.00000522,2.00000000,1
1531215191412,1531215191409,19361072,0.00000523,2336.00000000,0
1531215199344,1531215199341,19361073,0.00000523,130188.00000000,0
1531215201146,1531215201142,19361074,0.00000524,67408.00000000,0
1531215205523,1531215205518,19361075,0.00000524,10603.00000000,0
1531215206193,1531215206188,19361076,0.00000523,1100.00000000,1
1531215210867,1531215210862,19361077,0.00000523,14.00000000,1
1531215213589,1531215213585,19361078,0.00000523,37939.00000000,1
1531215219421,1531215219415,19361079,0.00000524,116549.00000000,0
1531215232385,1531215232382,19361080,0.00000524,288.00000000,0
1531215238300,1531215238296,19361081,0.00000524,2.00000000,0
1531215239306,1531215239302,19361082,0.00000524,2748.00000000,0
1531215239306,1531215239302,19361083,0.00000525,928.00000000,0
1531215240807,1531215240803,19361084,0.00000525,445.00000000,0
1531215247025,1531215247022,19361085,0.00000523,113.00000000,1
1531215247457,1531215247452,19361086,0.00000523,2830.00000000,1
1531215247680,1531215247676,19361087,0.00000523,7726.00000000,1
1531215249004,1531215248999,19361088,0.00000523,16835.00000000,1
1531215253269,1531215253263,19361089,0.00000523,56122.00000000,1
1531215256969,1531215256964,19361090,0.00000524,750.00000000,0
1531215256969,1531215256964,19361091,0.00000525,2919.00000000,0
1531215262475,1531215262471,19361092,0.00000523,29000.00000000,1
1531215266048,1531215266044,19361093,0.00000523,1000.00000000,1
1531215267142,1531215267138,19361094,0.00000523,2599.00000000,1
1531215267688,1531215267683,19361095,0.00000523,400.00000000,1
1531215270640,1531215270637,19361096,0.00000523,7020.00000000,1
1531215274518,1531215274513,19361097,0.00000523,23982.00000000,1
1531215274722,1531215274717,19361098,0.00000523,2341.00000000,1
1531215275102,1531215275098,19361099,0.00000524,69847.00000000,0
1531215275251,1531215275248,19361100,0.00000523,2338.00000000,1
1531215275633,1531215275629,19361101,0.00000523,1358.00000000,1
1531215275987,1531215275983,19361102,0.00000523,3483.00000000,1
1531215276470,1531215276465,19361103,0.00000524,20750.00000000,0
1531215276470,1531215276465,19361104,0.00000525,65250.00000000,0
1531215276550,1531215276546,19361105,0.00000523,6438.00000000,1
1531215276586,1531215276582,19361106,0.00000523,2944.00000000,1
1531215276591,1531215276587,19361107,0.00000523,2944.00000000,1
1531215276598,1531215276593,19361108,0.00000523,2944.00000000,1
1531215276601,1531215276597,19361109,0.00000523,2944.00000000,1
1531215276628,1531215276623,19361110,0.00000523,2944.00000000,1
1531215278623,1531215278619,19361111,0.00000523,1356.00000000,1
1531215278694,1531215278690,19361112,0.00000523,2342.00000000,1
1531215278744,1531215278740,19361113,0.00000523,3303.00000000,1
1531215300226,1531215300221,19361114,0.00000523,848.00000000,1
1531215300633,1531215300628,19361115,0.00000524,1.00000000,0
1531215311984,1531215311978,19361116,0.00000523,154124.00000000,1
1531215317479,1531215317475,19361117,0.00000523,6.00000000,1
1531215325237,1531215325233,19361118,0.00000524,31481.00000000,0
1531215325963,1531215325959,19361119,0.00000524,1359.00000000,1
1531215326036,1531215326031,19361120,0.00000524,40000.00000000,1
1531215328024,1531215328020,19361121,0.00000524,10000.00000000,1
1531215331060,1531215331056,19361122,0.00000524,750.00000000,1
1531215342268,1531215342265,19361123,0.00000524,100709.00000000,1
1531215342466,1531215342462,19361124,0.00000524,2337.00000000,1
1531215364151,1531215364147,19361125,0.00000525,178.00000000,0
1531215389504,1531215389499,19361126,0.00000524,79281.00000000,1
1531215389912,1531215389909,19361127,0.00000524,2300.00000000,0
1531215399258,1531215399253,19361128,0.00000523,2.00000000,1
1531215419409,1531215419404,19361129,0.00000524,377.00000000,0
1531215422008,1531215422004,19361130,0.00000523,28.00000000,1
1531215446008,1531215446003,19361131,0.00000523,29000.00000000,1
1531215448255,1531215448250,19361132,0.00000523,15000.00000000,1
1531215475308,1531215475305,19361133,0.00000524,203.00000000,0
1531215489860,1531215489854,19361134,0.00000523,15.00000000,1
1531215491730,1531215491724,19361135,0.00000523,10404.00000000,1
1531215492644,1531215492639,19361136,0.00000524,213.00000000,0
1531215495442,1531215495436,19361137,0.00000523,1.00000000,1
1531215502798,1531215502794,19361138,0.00000523,66921.00000000,1
1531215530073,1531215530070,19361139,0.00000523,7582.00000000,1
1531215531379,1531215531375,19361140,0.00000523,48.00000000,1
1531215542417,1531215542413,19361141,0.00000523,81500.00000000,1
1531215542876,1531215542872,19361142,0.00000524,1063.00000000,0
1531215544867,1531215544862,19361143,0.00000523,150000.00000000,1
1531215546039,1531215546033,19361144,0.00000523,75296.00000000,1
1531215546039,1531215546033,19361145,0.00000522,224704.00000000,1
1531215551109,1531215551086,19361146,0.00000523,3808.00000000,0
1531215552026,1531215552022,19361147,0.00000522,603.00000000,1
1531215552286,1531215552282,19361148,0.00000522,22.00000000,1
1531215554049,1531215554036,19361149,0.00000522,80070.00000000,1
1531215554049,1531215554036,19361150,0.00000521,219930.00000000,1
1531215562049,1531215562044,19361151,0.00000522,20000.00000000,1
1531215562228,1531215562225,19361152,0.00000522,3.00000000,1
1531215563040,1531215563036,19361153,0.00000522,56759.00000000,1
1531215565496,1531215565493,19361154,0.00000521,33.00000000,1
1531215571153,1531215571149,19361155,0.00000521,33.00000000,1
1531215572097,1531215572092,19361156,0.00000522,829.00000000,1
1531215573046,1531215573041,19361157,0.00000522,37203.00000000,1
1531215577983,1531215577979,19361158,0.00000521,17757.00000000,1
1531215580106,1531215580102,19361159,0.00000522,77239.00000000,1
1531215584108,1531215584104,19361160,0.00000522,1282.00000000,0
1531215584601,1531215584594,19361161,0.00000523,56251.00000000,0
1531215584730,1531215584727,19361162,0.00000522,45000.00000000,1
1531215585071,1531215585062,19361163,0.00000522,4280.00000000,1
1531215585163,1531215585157,19361164,0.00000523,63089.00000000,0
1531215585171,1531215585167,19361165,0.00000523,120.00000000,0
1531215586051,1531215586047,19361166,0.00000523,63085.00000000,1
1531215586086,1531215586081,19361167,0.00000522,22951.00000000,1
1531215586110,1531215586106,19361168,0.00000522,41280.00000000,0
1531215586122,1531215586117,19361169,0.00000522,1359.00000000,0
1531215586131,1531215586126,19361170,0.00000522,212066.00000000,0
1531215586132,1531215586127,19361171,0.00000522,3376.00000000,0
1531215588266,1531215588262,19361172,0.00000523,299.00000000,1
1531215588328,1531215588324,19361173,0.00000523,776.00000000,1
1531215589053,1531215589050,19361174,0.00000523,13652.00000000,1
1531215593611,1531215593608,19361175,0.00000524,45720.00000000,0
1531215593690,1531215593687,19361176,0.00000524,56236.00000000,0
1531215593802,1531215593798,19361177,0.00000524,17362.00000000,0
1531215593842,1531215593837,19361178,0.00000524,84599.00000000,0
1531215593879,1531215593875,19361179,0.00000524,129497.00000000,0
1531215594670,1531215594667,19361180,0.00000524,3376.00000000,1
1531215595055,1531215595052,19361181,0.00000524,5726.00000000,1
1531215596890,1531215596884,19361182,0.00000524,750.00000000,0
1531215597914,1531215597910,19361183,0.00000524,1913.00000000,1
1531215598044,1531215598040,19361184,0.00000524,56636.00000000,1
1531215598834,1531215598828,19361185,0.00000523,7318.00000000,1
1531215598851,1531215598847,19361186,0.00000523,5847.00000000,0
1531215598859,1531215598856,19361187,0.00000523,5828.00000000,0
1531215598869,1531215598865,19361188,0.00000523,208903.00000000,0
1531215599013,1531215599009,19361189,0.00000524,9579.00000000,0
1531215599100,1531215599095,19361190,0.00000524,485.00000000,0
1531215599275,1531215599272,19361191,0.00000524,56459.00000000,0
1531215599339,1531215599335,19361192,0.00000524,4341.00000000,0
1531215599408,1531215599404,19361193,0.00000524,33212.00000000,0
1531215601516,1531215601513,19361194,0.00000524,66.00000000,0
1531215601799,1531215601796,19361195,0.00000525,11190.00000000,0
1531215601960,1531215601955,19361196,0.00000524,50000.00000000,1
1531215602058,1531215602053,19361197,0.00000524,9483.00000000,1
1531215602160,1531215602155,19361198,0.00000525,143575.00000000,0
1531215602194,1531215602189,19361199,0.00000525,55269.00000000,0
1531215602205,1531215602199,19361200,0.00000525,121374.00000000,0
1531215602501,1531215602497,19361201,0.00000525,79364.00000000,0
1531215602529,1531215602525,19361202,0.00000525,315154.00000000,0
1531215602637,1531215602633,19361203,0.00000524,14012.00000000,0
1531215602637,1531215602633,19361204,0.00000525,25808.00000000,0
1531215602746,1531215602741,19361205,0.00000525,6775.00000000,0
1531215602871,1531215602868,19361206,0.00000525,11207.00000000,0
1531215603077,1531215603073,19361207,0.00000525,55327.00000000,0
1531215603205,1531215603175,19361208,0.00000525,88485.00000000,0
1531215603205,1531215603175,19361209,0.00000525,268.00000000,1
1531215603288,1531215603285,19361210,0.00000525,382.00000000,1
1531215603508,1531215603503,19361211,0.00000525,750.00000000,1
1531215603548,1531215603543,19361212,0.00000525,210.00000000,1
1531215603786,1531215603782,19361213,0.00000525,764.00000000,1
1531215603884,1531215603880,19361214,0.00000525,382.00000000,1
1531215604011,1531215604006,19361215,0.00000525,210.00000000,1
1531215604055,1531215604051,19361216,0.00000525,52062.00000000,1
1531215604135,1531215604132,19361217,0.00000524,1909.00000000,1
1531215604159,1531215604155,19361218,0.00000525,1909.00000000,0
1531215604343,1531215604338,19361219,0.00000525,381.00000000,0
1531215605084,1531215605079,19361220,0.00000525,20801.00000000,0
1531215605149,1531215605145,19361221,0.00000525,1.00000000,0
1531215605261,1531215605257,19361222,0.00000525,571.00000000,0
1531215607278,1531215607275,19361223,0.00000525,1909.00000000,0
1531215608553,1531215608549,19361224,0.00000525,194.00000000,1
1531215608647,1531215608643,19361225,0.00000525,3863.00000000,1
1531215608915,1531215608910,19361226,0.00000525,194.00000000,1
1531215609051,1531215609048,19361227,0.00000525,82645.00000000,1
1531215609218,1531215609215,19361228,0.00000524,580.00000000,1
1531215609767,1531215609763,19361229,0.00000524,194.00000000,1
1531215609859,1531215609855,19361230,0.00000524,748.00000000,1
1531215609859,1531215609855,19361231,0.00000523,63105.00000000,1
1531215610282,1531215610278,19361232,0.00000524,750.00000000,1
1531215611834,1531215611831,19361233,0.00000524,1831.00000000,1
1531215612326,1531215612323,19361234,0.00000525,750.00000000,0
1531215612693,1531215612689,19361235,0.00000525,1831.00000000,0
1531215613020,1531215613015,19361236,0.00000525,15788.00000000,1
1531215613202,1531215613197,19361237,0.00000525,24604.00000000,0
1531215613296,1531215613293,19361238,0.00000525,1000.00000000,0
1531215613370,1531215613367,19361239,0.00000525,17677.00000000,0
1531215613764,1531215613759,19361240,0.00000525,750.00000000,1
1531215614044,1531215614040,19361241,0.00000525,220.00000000,1
1531215614057,1531215614053,19361242,0.00000525,42253.00000000,1
1531215614919,1531215614914,19361243,0.00000525,12709.00000000,1
1531215615417,1531215615413,19361244,0.00000525,7068.00000000,0
1531215615525,1531215615521,19361245,0.00000525,6436.00000000,0
1531215615685,1531215615680,19361246,0.00000525,16466.00000000,0
1531215617037,1531215617034,19361247,0.00000524,750.00000000,1
1531215617101,1531215617097,19361248,0.00000525,5842.00000000,0
1531215617701,1531215617698,19361249,0.00000524,5977.00000000,1
1531215621108,1531215621104,19361250,0.00000524,750.00000000,1
1531215622010,1531215622007,19361251,0.00000524,1928.00000000,1
1531215624048,1531215624044,19361252,0.00000525,58549.00000000,1
1531215624270,1531215624267,19361253,0.00000525,2355.00000000,0
1531215624473,1531215624469,19361254,0.00000525,754.00000000,0
1531215624583,1531215624578,19361255,0.00000525,29279.00000000,0
1531215625329,1531215625325,19361256,0.00000525,750.00000000,0
1531215629853,1531215629849,19361257,0.00000525,40000.00000000,0
1531215630731,1531215630726,19361258,0.00000524,750.00000000,1
1531215632051,1531215632047,19361259,0.00000525,13301.00000000,1
1531215632118,1531215632115,19361260,0.00000524,16222.00000000,1
1531215634283,1531215634280,19361261,0.00000524,750.00000000,1
1531215635663,1531215635628,19361262,0.00000525,24140.00000000,0
1531215635663,1531215635628,19361263,0.00000525,1938.00000000,0
1531215635663,1531215635630,19361264,0.00000525,24140.00000000,0
1531215635705,1531215635700,19361265,0.00000525,9582.00000000,0
1531215635715,1531215635710,19361266,0.00000525,12622.00000000,0
1531215635717,1531215635714,19361267,0.00000525,16381.00000000,0
1531215635725,1531215635722,19361268,0.00000525,7193.00000000,0
1531215635744,1531215635740,19361269,0.00000526,5713.00000000,0
1531215636286,1531215636281,19361270,0.00000525,24140.00000000,1
1531215636483,1531215636479,19361271,0.00000525,15535.00000000,1
1531215637928,1531215637924,19361272,0.00000525,750.00000000,1
1531215639692,1531215639687,19361273,0.00000525,4540.00000000,1
1531215640921,1531215640916,19361274,0.00000525,61289.00000000,1
1531215641425,1531215641421,19361275,0.00000523,750.00000000,1
1531215642377,1531215642373,19361276,0.00000525,12709.00000000,0
1531215644971,1531215644968,19361277,0.00000524,750.00000000,1
1531215646382,1531215646378,19361278,0.00000524,4540.00000000,1
1531215646918,1531215646915,19361279,0.00000525,27975.00000000,0
1531215648780,1531215648776,19361280,0.00000524,24543.00000000,1
1531215648892,1531215648888,19361281,0.00000524,62.00000000,1
1531215648892,1531215648888,19361282,0.00000523,688.00000000,1
1531215650276,1531215650272,19361283,0.00000525,5714.00000000,0
1531215650277,1531215650273,19361284,0.00000524,2000.00000000,1
1531215650278,1531215650274,19361285,0.00000524,1994.00000000,1
1531215651580,1531215651576,19361286,0.00000524,400.00000000,1
1531215652220,1531215652216,19361287,0.00000524,750.00000000,1
1531215653053,1531215653049,19361288,0.00000525,58925.00000000,0
1531215655259,1531215655255,19361289,0.00000524,750.00000000,1
1531215658259,1531215658255,19361290,0.00000525,65564.00000000,0
1531215659612,1531215659609,19361291,0.00000524,750.00000000,1
1531215660984,1531215660980,19361292,0.00000525,7057.00000000,0
1531215661859,1531215661855,19361293,0.00000524,3675.00000000,1
1531215663186,1531215663182,19361294,0.00000524,750.00000000,1
1531215663695,1531215663690,19361295,0.00000524,478.00000000,1
1531215663971,1531215663967,19361296,0.00000524,377.00000000,1
1531215663992,1531215663987,19361297,0.00000524,387.00000000,0
1531215665703,1531215665700,19361298,0.00000525,7061.00000000,0
1531215667768,1531215667764,19361299,0.00000523,14.00000000,1
1531215669921,1531215669917,19361300,0.00000524,750.00000000,1
1531215672128,1531215672125,19361301,0.00000524,250.00000000,1
1531215672214,1531215672211,19361302,0.00000524,587.00000000,0
1531215672233,1531215672228,19361303,0.00000524,587.00000000,0
1531215672258,1531215672255,19361304,0.00000524,587.00000000,0
1531215672310,1531215672305,19361305,0.00000524,2359.00000000,0
1531215672821,1531215672817,19361306,0.00000524,589.00000000,0
1531215675076,1531215675072,19361307,0.00000524,4848.00000000,0
1531215675736,1531215675730,19361308,0.00000524,4848.00000000,0
1531215675746,1531215675743,19361309,0.00000523,2442.00000000,1
1531215675766,1531215675761,19361310,0.00000524,99798.00000000,0
1531215676499,1531215676495,19361311,0.00000524,421.00000000,1
1531215680201,1531215680196,19361312,0.00000524,587.00000000,1
1531215680496,1531215680492,19361313,0.00000524,1119.00000000,1
1531215680861,1531215680857,19361314,0.00000524,6261.00000000,1
1531215680861,1531215680857,19361315,0.00000523,1686.00000000,1
1531215681129,1531215681125,19361316,0.00000523,750.00000000,1
1531215683186,1531215683183,19361317,0.00000524,179.00000000,1
1531215683319,1531215683316,19361318,0.00000524,1300.00000000,1
1531215685175,1531215685172,19361319,0.00000525,3.00000000,0
1531215685347,1531215685341,19361320,0.00000524,290.00000000,1
1531215685347,1531215685341,19361321,0.00000523,460.00000000,1
1531215688836,1531215688831,19361322,0.00000524,573.00000000,0
1531215689062,1531215689058,19361323,0.00000524,177.00000000,0
1531215689306,1531215689303,19361324,0.00000523,21704.00000000,1
1531215689915,1531215689911,19361325,0.00000524,331.00000000,0
1531215690055,1531215690051,19361326,0.00000524,7082.00000000,0
1531215690064,1531215690060,19361327,0.00000524,2361.00000000,0
1531215690121,1531215690117,19361328,0.00000524,69774.00000000,0
1531215690249,1531215690245,19361329,0.00000525,3802.00000000,0
1531215690389,1531215690385,19361330,0.00000525,1419.00000000,0
1531215692448,1531215692443,19361331,0.00000525,295.00000000,0
1531215693149,1531215693145,19361332,0.00000525,466.00000000,0
1531215697716,1531215697710,19361333,0.00000524,12135.00000000,1
1531215697716,1531215697710,19361334,0.00000523,95365.00000000,1
1531215698938,1531215698934,19361335,0.00000524,16073.00000000,0
1531215698945,1531215698942,19361336,0.00000524,1030.00000000,0
1531215698969,1531215698965,19361337,0.00000524,5347.00000000,0
1531215699017,1531215699012,19361338,0.00000524,2362.00000000,0
1531215699048,1531215699043,19361339,0.00000524,6553.00000000,0
1531215701093,1531215701090,19361340,0.00000523,27.00000000,1
1531215701888,1531215701883,19361341,0.00000524,750.00000000,1
1531215703245,1531215703242,19361342,0.00000525,13418.00000000,0
1531215704269,1531215704266,19361343,0.00000525,10092.00000000,0
1531215705254,1531215705250,19361344,0.00000525,776.00000000,0
1531215706276,1531215706271,19361345,0.00000525,1059.00000000,0
1531215706467,1531215706462,19361346,0.00000525,119551.00000000,0
1531215707719,1531215707715,19361347,0.00000525,510.00000000,1
1531215707808,1531215707804,19361348,0.00000525,750.00000000,1
1531215711229,1531215711225,19361349,0.00000525,750.00000000,1
1531215712136,1531215712132,19361350,0.00000525,1219.00000000,1
1531215714119,1531215714113,19361351,0.00000525,1494.00000000,1
1531215714144,1531215714140,19361352,0.00000525,747.00000000,1
1531215714207,1531215714203,19361353,0.00000525,2000.00000000,1
1531215714301,1531215714298,19361354,0.00000525,3541.00000000,1
1531215714371,1531215714367,19361355,0.00000525,3736.00000000,1
1531215714378,1531215714374,19361356,0.00000525,494.00000000,1
1531215714603,1531215714599,19361357,0.00000525,750.00000000,1
1531215714857,1531215714854,19361358,0.00000525,3736.00000000,1
1531215718618,1531215718614,19361359,0.00000525,4540.00000000,1
1531215718760,1531215718757,19361360,0.00000525,750.00000000,1
1531215718855,1531215718852,19361361,0.00000525,1863.00000000,1
1531215718926,1531215718921,19361362,0.00000525,93496.00000000,1
1531215718926,1531215718921,19361363,0.00000524,59558.00000000,1
1531215718926,1531215718921,19361364,0.00000523,6752.00000000,1
1531215721046,1531215721042,19361365,0.00000525,3176.00000000,0
1531215721133,1531215721129,19361366,0.00000525,559.00000000,0
1531215722341,1531215722337,19361367,0.00000524,750.00000000,1
1531215724071,1531215724067,19361368,0.00000524,4540.00000000,1
1531215724561,1531215724557,19361369,0.00000525,67581.00000000,0
1531215724694,1531215724690,19361370,0.00000525,8195.00000000,1
1531215724909,1531215724906,19361371,0.00000525,72461.00000000,1
1531215724990,1531215724985,19361372,0.00000525,16254.00000000,1
1531215725681,1531215725676,19361373,0.00000525,750.00000000,1
1531215726669,1531215726663,19361374,0.00000525,1366.00000000,1
1531215727304,1531215727299,19361375,0.00000525,9034.00000000,1
1531215728213,1531215728209,19361376,0.00000525,17270.00000000,1
1531215734492,1531215734488,19361377,0.00000525,750.00000000,1
1531215734702,1531215734697,19361378,0.00000525,1135.00000000,1
1531215739477,1531215739474,19361379,0.00000525,750.00000000,1
1531215739505,1531215739502,19361380,0.00000525,1135.00000000,1
1531215740121,1531215740116,19361381,0.00000525,2558.00000000,1
1531215741627,1531215741623,19361382,0.00000526,33.00000000,0
1531215741918,1531215741915,19361383,0.00000525,500.00000000,1
1531215743030,1531215743026,19361384,0.00000525,750.00000000,1
1531215743138,1531215743132,19361385,0.00000525,66768.00000000,1
1531215744073,1531215744069,19361386,0.00000525,750.00000000,0
1531215744148,1531215744145,19361387,0.00000526,300.00000000,0
1531215745057,1531215745052,19361388,0.00000525,1000.00000000,1
1531215745090,1531215745086,19361389,0.00000525,9422.00000000,1
1531215746488,1531215746483,19361390,0.00000525,750.00000000,1
1531215747834,1531215747828,19361391,0.00000525,1135.00000000,1
1531215750286,1531215750283,19361392,0.00000525,749.00000000,1
1531215750286,1531215750283,19361393,0.00000524,1.00000000,1
1531215753690,1531215753686,19361394,0.00000525,750.00000000,1
1531215755177,1531215755173,19361395,0.00000525,1135.00000000,1
1531215756812,1531215756806,19361396,0.00000525,15814.00000000,1
1531215756812,1531215756806,19361397,0.00000524,95000.00000000,1
1531215759484,1531215759480,19361398,0.00000524,1.00000000,1
1531215759840,1531215759837,19361399,0.00000524,750.00000000,1
1531215761576,1531215761573,19361400,0.00000524,1135.00000000,1
1531215763548,1531215763543,19361401,0.00000524,750.00000000,1
1531215765922,1531215765919,19361402,0.00000523,86074.00000000,1
1531215766375,1531215766372,19361403,0.00000524,3000.00000000,0
1531215767941,1531215767936,19361404,0.00000523,1135.00000000,1
1531215768522,1531215768518,19361405,0.00000524,400.00000000,0
1531215769389,1531215769385,19361406,0.00000524,3000.00000000,0
1531215771874,1531215771871,19361407,0.00000523,19477.00000000,1
1531215774510,1531215774505,19361408,0.00000523,1135.00000000,1
1531215776294,1531215776291,19361409,0.00000524,3000.00000000,0
1531215780230,1531215780226,19361410,0.00000524,322.00000000,0
1531215781633,1531215781629,19361411,0.00000524,3000.00000000,0
1531215784504,1531215784498,19361412,0.00000524,3000.00000000,0
1531215788130,1531215788127,19361413,0.00000524,952.00000000,0
1531215789976,1531215789972,19361414,0.00000523,483.00000000,1
1531215793197,1531215793193,19361415,0.00000523,1804.00000000,1
1531215793612,1531215793607,19361416,0.00000523,21270.00000000,1
1531215793760,1531215793757,19361417,0.00000523,500.00000000,1
1531215794056,1531215794051,19361418,0.00000524,20495.00000000,0
1531215799120,1531215799116,19361419,0.00000524,18254.00000000,0
1531215803115,1531215803112,19361420,0.00000524,750.00000000,0
1531215804863,1531215804858,19361421,0.00000524,5434.00000000,1
1531215806058,1531215806053,19361422,0.00000525,7.00000000,0
1531215807801,1531215807797,19361423,0.00000524,22128.00000000,1
1531215807813,1531215807808,19361424,0.00000524,14126.00000000,0
1531215807835,1531215807831,19361425,0.00000524,22128.00000000,1
1531215810129,1531215810124,19361426,0.00000524,3799.00000000,0
1531215812133,1531215812128,19361427,0.00000524,1913.00000000,1
1531215812462,1531215812458,19361428,0.00000524,1000.00000000,1
1531215816359,1531215816355,19361429,0.00000524,6256.00000000,1
1531215816496,1531215816491,19361430,0.00000524,16.00000000,1
1531215816496,1531215816491,19361431,0.00000523,734.00000000,1
