event_time,trade_time,trade_id,price,quantity,maker
1531210388792,1531210388787,1836400,0.00005810,3.00000000,1
1531210388792,1531210388787,1836401,0.00005805,4.00000000,1
1531210389408,1531210389402,1836402,0.00005805,5.00000000,1
1531210390058,1531210390053,1836403,0.00005805,19.00000000,1
1531210390624,1531210390620,1836404,0.00005805,7.00000000,1
1531210391319,1531210391313,1836405,0.00005805,3.00000000,1
1531210391810,1531210391806,1836406,0.00005805,4.00000000,1
1531210392487,1531210392483,1836407,0.00005805,7.00000000,1
1531210393148,1531210393145,1836408,0.00005805,6.00000000,1
1531210393902,1531210393897,1836409,0.00005805,7.00000000,1
1531210394804,1531210394800,1836410,0.00005805,6.00000000,1
1531210395589,1531210395584,1836411,0.00005805,7.00000000,1
1531210396147,1531210396141,1836412,0.00005805,6.00000000,1
1531210396796,1531210396792,1836413,0.00005805,7.00000000,1
1531210397377,1531210397372,1836414,0.00005805,6.00000000,1
1531210529879,1531210529875,1836415,0.00005805,5.00000000,1
1531210633834,1531210633830,1836416,0.00005820,7.00000000,1
1531210832784,1531210832779,1836417,0.00005844,52.00000000,0
1531210832784,1531210832779,1836418,0.00005847,48.00000000,0
1531210837880,1531210837875,1836419,0.00005847,16.00000000,0
1531210862341,1531210862336,1836420,0.00005820,3.00000000,1
1531210938633,1531210938629,1836421,0.00005847,39.00000000,0
1531210986238,1531210986232,1836422,0.00005821,31.00000000,1
1531211221582,1531211221582,1836423,0.00005820,476.00000000,1
1531211223593,1531211223590,1836424,0.00005820,112.00000000,1
1531211225803,1531211225797,1836425,0.00005820,1009.00000000,1
1531211238561,1531211238537,1836426,0.00005820,54.00000000,1
1531211238701,1531211238695,1836427,0.00005817,164.00000000,1
1531211241190,1531211241185,1836428,0.00005810,30.00000000,1
1531211276224,1531211276219,1836429,0.00005820,18.00000000,0
1531211292088,1531211292083,1836430,0.00005820,18.00000000,0
1531211358039,1531211358036,1836431,0.00005810,4.00000000,1
1531211369454,1531211369451,1836432,0.00005810,9.00000000,1
1531211607621,1531211607616,1836433,0.00005820,18.00000000,0
1531211607651,1531211607651,1836434,0.00005821,35.00000000,1
1531211649289,1531211649285,1836435,0.00005821,785.00000000,1
1531211676588,1531211676584,1836436,0.00005811,137.00000000,1
1531211799106,1531211799103,1836437,0.00005810,36.00000000,1
1531211802130,1531211802126,1836438,0.00005801,12.00000000,1
1531211917240,1531211917236,1836439,0.00005801,3.00000000,1
1531211917463,1531211917457,1836440,0.00005801,5.00000000,1
1531212365472,1531212365468,1836441,0.00005828,153.00000000,0
1531212365472,1531212365468,1836442,0.00005829,18.00000000,0
1531212389749,1531212389743,1836443,0.00005802,1.00000000,1
1531212391648,1531212391643,1836444,0.00005802,1.00000000,1
1531212397141,1531212397136,1836445,0.00005802,302.00000000,1
1531212397166,1531212397162,1836446,0.00005802,1.00000000,1
1531212531783,1531212531779,1836447,0.00005802,1105.00000000,1
1531212531783,1531212531779,1836448,0.00005800,895.00000000,1
1531212561012,1531212561007,1836449,0.00005829,34.00000000,0
1531212791857,1531212791853,1836450,0.00005800,500.00000000,1
1531212823017,1531212823012,1836451,0.00005800,1745.00000000,1
1531212930068,1531212930062,1836452,0.00005800,50.00000000,1
1531213228288,1531213228282,1836453,0.00005825,5.00000000,0
1531213238449,1531213238444,1836454,0.00005825,2.00000000,0
1531213242705,1531213242702,1836455,0.00005825,23.00000000,0
1531213247399,1531213247396,1836456,0.00005825,1.00000000,0
1531213436829,1531213436824,1836457,0.00005800,1317.00000000,1
1531213462529,1531213462526,1836458,0.00005800,1.00000000,1
1531213489926,1531213489920,1836459,0.00005800,328.00000000,1
1531213583226,1531213583219,1836460,0.00005800,450.00000000,1
1531213583226,1531213583219,1836461,0.00005787,24.00000000,1
1531213583226,1531213583219,1836462,0.00005783,52.00000000,1
1531213583226,1531213583219,1836463,0.00005765,1223.00000000,1
1531213702917,1531213702913,1836464,0.00005777,3.00000000,1
1531213703232,1531213703228,1836465,0.00005777,3.00000000,1
1531213703544,1531213703539,1836466,0.00005777,9.00000000,1
1531214078595,1531214078593,1836467,0.00005815,8.00000000,0
1531214273185,1531214273181,1836468,0.00005815,129.00000000,0
1531214273185,1531214273181,1836469,0.00005823,50.00000000,0
1531214326245,1531214326241,1836470,0.00005823,128.00000000,0
1531214411035,1531214411032,1836471,0.00005823,19.00000000,1
1531214420052,1531214420048,1836472,0.00005824,169.00000000,0
1531214420052,1531214420048,1836473,0.00005825,52.00000000,0
1531214537753,1531214537747,1836474,0.00005809,137.00000000,1
1531214537753,1531214537747,1836475,0.00005777,62.00000000,1
1531214537753,1531214537747,1836476,0.00005773,42.00000000,1
1531214537753,1531214537747,1836477,0.00005766,80.00000000,1
1531214537753,1531214537747,1836478,0.00005765,694.00000000,1
1531214537753,1531214537747,1836479,0.00005764,18.00000000,1
1531214537753,1531214537747,1836480,0.00005758,32.00000000,1
1531214537753,1531214537747,1836481,0.00005757,1075.00000000,1
1531214537753,1531214537747,1836482,0.00005755,316.00000000,1
1531214537753,1531214537747,1836483,0.00005751,304.00000000,1
1531214560364,1531214560359,1836484,0.00005763,222.00000000,0
1531214599485,1531214599481,1836485,0.00005747,53.00000000,1
1531214663504,1531214663500,1836486,0.00005747,225.00000000,1
1531214796220,1531214796216,1836487,0.00005747,47.00000000,1
1531214796220,1531214796216,1836488,0.00005742,30.00000000,1
1531214796220,1531214796216,1836489,0.00005729,3.00000000,1
1531214912142,1531214912139,1836490,0.00005742,69.00000000,1
1531214965373,1531214965368,1836491,0.00005742,11.00000000,0
1531215052053,1531215052048,1836492,0.00005742,11.00000000,0
1531215113991,1531215113987,1836493,0.00005742,2.00000000,0
1531215260243,1531215260238,1836494,0.00005742,50.00000000,0
1531215273284,1531215273279,1836495,0.00005742,50.00000000,0
1531215365917,1531215365913,1836496,0.00005742,25.00000000,0
1531215419822,1531215419816,1836497,0.00005742,7.00000000,0
1531215422846,1531215422841,1836498,0.00005742,1.00000000,0
1531215513965,1531215513960,1836499,0.00005742,2.00000000,0
1531215567880,1531215567876,1836500,0.00005742,21.00000000,0
1531215584214,1531215584209,1836501,0.00005742,138.00000000,0
1531215677887,1531215677882,1836502,0.00005742,1.00000000,0
1531215687987,1531215687984,1836503,0.00005754,3.00000000,0
1531215688069,1531215688066,1836504,0.00005754,5.00000000,0
1531215688201,1531215688197,1836505,0.00005754,5.00000000,0
1531215688252,1531215688247,1836506,0.00005754,8.00000000,0
1531215688498,1531215688494,1836507,0.00005754,5.00000000,0
1531215688596,1531215688593,1836508,0.00005754,7.00000000,0
1531215688747,1531215688742,1836509,0.00005754,3.00000000,0
1531215688797,1531215688794,1836510,0.00005754,3.00000000,0
1531215688975,1531215688968,1836511,0.00005754,17.00000000,0
1531215689261,1531215689257,1836512,0.00005754,5.00000000,0
1531215689494,1531215689491,1836513,0.00005754,13.00000000,0
1531215690103,1531215690098,1836514,0.00005754,7.00000000,0
1531215690307,1531215690303,1836515,0.00005754,5.00000000,0
1531215691323,1531215691320,1836516,0.00005754,3.00000000,0
1531215691574,1531215691570,1836517,0.00005754,4.00000000,0
1531215691705,1531215691699,1836518,0.00005754,9.00000000,0
1531215692217,1531215692214,1836519,0.00005754,6.00000000,0
1531215692507,1531215692504,1836520,0.00005754,21.00000000,0
1531215692909,1531215692905,1836521,0.00005754,6.00000000,0
1531215693468,1531215693463,1836522,0.00005754,4.00000000,0
1531215693468,1531215693463,1836523,0.00005763,6.00000000,0
1531215694032,1531215694027,1836524,0.00005763,6.00000000,0
1531215694308,1531215694303,1836525,0.00005763,3.00000000,0
1531215694386,1531215694380,1836526,0.00005763,8.00000000,0
1531215722940,1531215722937,1836527,0.00005763,3.00000000,0
1531215723262,1531215723258,1836528,0.00005763,16.00000000,0
1531215723933,1531215723929,1836529,0.00005763,6.00000000,0
1531215724540,1531215724535,1836530,0.00005763,9.00000000,0
1531215725473,1531215725469,1836531,0.00005763,4.00000000,0
1531215725876,1531215725872,1836532,0.00005763,10.00000000,0
1531215726169,1531215726164,1836533,0.00005763,11.00000000,0
1531215726169,1531215726164,1836534,0.00005767,2.00000000,0
1531215726696,1531215726691,1836535,0.00005767,9.00000000,0
1531215727242,1531215727237,1836536,0.00005767,13.00000000,0
1531215728098,1531215728092,1836537,0.00005767,9.00000000,0
1531215731662,1531215731659,1836538,0.00005743,9.00000000,1
1531215735000,1531215734995,1836539,0.00005743,13.00000000,1
1531215736357,1531215736350,1836540,0.00005767,105.00000000,0
1531215736357,1531215736350,1836541,0.00005776,52.00000000,0
1531215736357,1531215736350,1836542,0.00005795,31.00000000,0
1531215736357,1531215736350,1836543,0.00005796,25.00000000,0
1531215736357,1531215736350,1836544,0.00005797,77.00000000,0
1531215736357,1531215736350,1836545,0.00005799,30.00000000,0
1531215736357,1531215736350,1836546,0.00005800,25.00000000,0
1531215736357,1531215736350,1836547,0.00005825,5.00000000,0
1531215736357,1531215736350,1836548,0.00005842,23.00000000,0
1531215736357,1531215736350,1836549,0.00005858,233.00000000,0
1531215736357,1531215736350,1836550,0.00005870,32.00000000,0
1531215736357,1531215736350,1836551,0.00005880,52.00000000,0
1531215736357,1531215736350,1836552,0.00005897,86.00000000,0
1531215736357,1531215736350,1836553,0.00005898,1007.00000000,0
1531215737756,1531215737751,1836554,0.00005744,5.00000000,1
1531215738230,1531215738226,1836555,0.00005744,2.00000000,1
1531215740015,1531215740010,1836556,0.00005747,7.00000000,1
1531215740291,1531215740287,1836557,0.00005747,7.00000000,1
1531215742072,1531215742068,1836558,0.00005748,10.00000000,1
1531215744400,1531215744397,1836559,0.00005749,8.00000000,1
1531215746374,1531215746371,1836560,0.00005749,4.00000000,1
1531215747472,1531215747467,1836561,0.00005815,3.00000000,1
1531215748836,1531215748833,1836562,0.00005815,99.00000000,1
1531215749884,1531215749880,1836563,0.00005749,4.00000000,1
1531215752779,1531215752776,1836564,0.00005808,7.00000000,1
1531215754801,1531215754796,1836565,0.00005808,16.00000000,1
1531215755888,1531215755885,1836566,0.00005757,6.00000000,1
1531215757234,1531215757230,1836567,0.00005757,3.00000000,1
1531215759282,1531215759279,1836568,0.00005757,3.00000000,1
1531215761356,1531215761353,1836569,0.00005757,5.00000000,1
1531215763381,1531215763377,1836570,0.00005758,13.00000000,1
1531215765524,1531215765519,1836571,0.00005758,7.00000000,1
1531215766707,1531215766703,1836572,0.00005758,300.00000000,1
1531215766707,1531215766703,1836573,0.00005757,61.00000000,1
1531215767762,1531215767757,1836574,0.00005751,5.00000000,1
1531215768099,1531215768096,1836575,0.00005751,102.00000000,1
1531215769092,1531215769088,1836576,0.00005746,10.00000000,1
1531215769368,1531215769364,1836577,0.00005756,52.00000000,0
1531215769368,1531215769364,1836578,0.00005757,638.00000000,0
1531215770781,1531215770777,1836579,0.00005760,6.00000000,1
1531215774045,1531215774039,1836580,0.00005760,6.00000000,1
1531215776468,1531215776463,1836581,0.00005759,8.00000000,1
1531215778452,1531215778448,1836582,0.00005760,5.00000000,1
1531215779661,1531215779658,1836583,0.00005760,9.00000000,1
1531215782656,1531215782652,1836584,0.00005749,5.00000000,1
1531215783416,1531215783412,1836585,0.00005750,3.00000000,1
1531215785655,1531215785651,1836586,0.00005750,21.00000000,1
1531215787174,1531215787169,1836587,0.00005750,3.00000000,1
1531215790056,1531215790051,1836588,0.00005750,17.00000000,1
1531215792487,1531215792483,1836589,0.00005750,3.00000000,1
1531215794843,1531215794839,1836590,0.00005750,5.00000000,1
1531215797032,1531215797028,1836591,0.00005750,6.00000000,1
1531215798747,1531215798744,1836592,0.00005750,9.00000000,1
1531215808950,1531215808948,1836593,0.00005754,562.00000000,1
1531215811443,1531215811439,1836594,0.00005753,26.00000000,1
1531215812462,1531215812458,1836595,0.00005753,26.00000000,1
1531215828009,1531215828005,1836596,0.00005753,252.00000000,1
1531215849511,1531215849507,1836597,0.00005754,45.00000000,0
1531215849870,1531215849866,1836598,0.00005754,5.00000000,0
1531215849946,1531215849943,1836599,0.00005754,4.00000000,0
1531215850214,1531215850210,1836600,0.00005754,8.00000000,0
1531215850429,1531215850425,1836601,0.00005754,16.00000000,0
1531215850552,1531215850549,1836602,0.00005754,6.00000000,0
1531215850654,1531215850650,1836603,0.00005754,5.00000000,0
1531215850801,1531215850797,1836604,0.00005754,3.00000000,0
1531215850954,1531215850949,1836605,0.00005754,27.00000000,0
1531215851100,1531215851096,1836606,0.00005754,3.00000000,0
1531215851318,1531215851314,1836607,0.00005754,7.00000000,0
1531215851466,1531215851463,1836608,0.00005754,16.00000000,0
1531215851639,1531215851635,1836609,0.00005754,7.00000000,0
1531215851829,1531215851826,1836610,0.00005754,12.00000000,0
1531215851924,1531215851921,1836611,0.00005754,7.00000000,0
1531215852048,1531215852043,1836612,0.00005754,12.00000000,0
1531215852110,1531215852107,1836613,0.00005754,14.00000000,0
1531215852293,1531215852290,1836614,0.00005754,6.00000000,0
1531215852361,1531215852357,1836615,0.00005754,7.00000000,0
1531215852488,1531215852485,1836616,0.00005754,3.00000000,0
1531215852672,1531215852669,1836617,0.00005754,7.00000000,0
1531215853146,1531215853143,1836618,0.00005754,3.00000000,0
1531215853176,1531215853172,1836619,0.00005754,7.00000000,0
1531215853213,1531215853210,1836620,0.00005754,16.00000000,0
1531215853375,1531215853372,1836621,0.00005754,23.00000000,0
1531215853662,1531215853658,1836622,0.00005754,8.00000000,0
1531215853897,1531215853894,1836623,0.00005754,46.00000000,0
1531215853977,1531215853974,1836624,0.00005754,19.00000000,0
1531215854035,1531215854030,1836625,0.00005754,8.00000000,0
1531215854157,1531215854154,1836626,0.00005754,23.00000000,0
1531215854279,1531215854274,1836627,0.00005754,12.00000000,0
1531215854501,1531215854497,1836628,0.00005754,14.00000000,0
1531215854598,1531215854594,1836629,0.00005754,6.00000000,0
1531215854879,1531215854875,1836630,0.00005754,14.00000000,0
1531215855050,1531215855046,1836631,0.00005754,5.00000000,0
1531215855249,1531215855239,1836632,0.00005754,6.00000000,0
1531215855596,1531215855593,1836633,0.00005754,7.00000000,0
1531215855634,1531215855630,1836634,0.00005754,4.00000000,0
1531215855779,1531215855774,1836635,0.00005754,8.00000000,0
1531215856009,1531215856005,1836636,0.00005754,37.00000000,0
1531215856153,1531215856149,1836637,0.00005754,7.00000000,0
1531215856445,1531215856440,1836638,0.00005754,7.00000000,0
1531215856540,1531215856535,1836639,0.00005754,7.00000000,0
1531215856772,1531215856767,1836640,0.00005754,6.00000000,0
1531215856941,1531215856937,1836641,0.00005754,7.00000000,0
1531215857004,1531215857000,1836642,0.00005754,7.00000000,0
1531215857156,1531215857152,1836643,0.00005754,4.00000000,0
1531215857192,1531215857187,1836644,0.00005754,8.00000000,0
1531215857267,1531215857264,1836645,0.00005754,3.00000000,0
1531215857333,1531215857330,1836646,0.00005754,17.00000000,0
1531215857397,1531215857394,1836647,0.00005754,7.00000000,0
1531215857682,1531215857678,1836648,0.00005754,3.00000000,0
1531215857721,1531215857717,1836649,0.00005754,7.00000000,0
1531215857781,1531215857777,1836650,0.00005754,3.00000000,0
1531215857800,1531215857797,1836651,0.00005754,7.00000000,0
1531215857849,1531215857845,1836652,0.00005754,19.00000000,0
1531215857896,1531215857892,1836653,0.00005754,3.00000000,0
1531215858005,1531215858001,1836654,0.00005754,7.00000000,0
1531215858062,1531215858056,1836655,0.00005754,6.00000000,0
1531215858191,1531215858188,1836656,0.00005754,7.00000000,0
1531215858254,1531215858251,1836657,0.00005754,7.00000000,0
1531215858360,1531215858357,1836658,0.00005754,7.00000000,0
1531215858441,1531215858437,1836659,0.00005754,6.00000000,0
1531215858473,1531215858469,1836660,0.00005754,3.00000000,0
1531215858473,1531215858469,1836661,0.00005754,6.00000000,0
1531215858563,1531215858559,1836662,0.00005754,7.00000000,0
1531215858662,1531215858658,1836663,0.00005754,5.00000000,0
1531215858753,1531215858749,1836664,0.00005754,7.00000000,0
1531215858802,1531215858799,1836665,0.00005754,4.00000000,0
1531215858861,1531215858857,1836666,0.00005754,4.00000000,0
1531215858955,1531215858951,1836667,0.00005754,7.00000000,0
1531215859020,1531215859017,1836668,0.00005754,14.00000000,0
1531215859074,1531215859070,1836669,0.00005754,3.00000000,0
1531215859153,1531215859149,1836670,0.00005754,24.00000000,0
1531215859252,1531215859249,1836671,0.00005754,6.00000000,0
1531215859276,1531215859269,1836672,0.00005754,4.00000000,0
1531215859444,1531215859440,1836673,0.00005754,13.00000000,0
1531215859511,1531215859506,1836674,0.00005754,7.00000000,0
1531215859649,1531215859644,1836675,0.00005754,7.00000000,0
1531215859732,1531215859729,1836676,0.00005754,7.00000000,0
1531215859756,1531215859751,1836677,0.00005754,7.00000000,0
1531215859787,1531215859784,1836678,0.00005754,7.00000000,0
1531215859839,1531215859836,1836679,0.00005754,6.00000000,0
1531215860035,1531215860031,1836680,0.00005754,7.00000000,0
1531215860057,1531215860052,1836681,0.00005754,7.00000000,0
1531215860511,1531215860506,1836682,0.00005754,7.00000000,0
1531215860517,1531215860513,1836683,0.00005754,3.00000000,0
1531215860674,1531215860669,1836684,0.00005754,7.00000000,0
1531215860777,1531215860772,1836685,0.00005754,11.00000000,0
1531215860820,1531215860816,1836686,0.00005754,18.00000000,0
1531215860882,1531215860879,1836687,0.00005754,5.00000000,0
1531215860958,1531215860954,1836688,0.00005754,6.00000000,0
1531215861052,1531215861047,1836689,0.00005754,3.00000000,0
1531215861111,1531215861107,1836690,0.00005754,6.00000000,0
1531215861163,1531215861158,1836691,0.00005754,3.00000000,0
1531215861277,1531215861272,1836692,0.00005754,5.00000000,0
1531215861287,1531215861284,1836693,0.00005754,5.00000000,0
1531215861378,1531215861374,1836694,0.00005754,11.00000000,0
1531215861465,1531215861460,1836695,0.00005754,7.00000000,0
1531215861472,1531215861469,1836696,0.00005754,6.00000000,0
1531215861605,1531215861601,1836697,0.00005754,7.00000000,0
1531215861686,1531215861682,1836698,0.00005754,12.00000000,0
1531215861718,1531215861713,1836699,0.00005754,4.00000000,0
1531215861818,1531215861814,1836700,0.00005754,7.00000000,0
1531215861923,1531215861919,1836701,0.00005754,15.00000000,0
1531215862180,1531215862177,1836702,0.00005754,5.00000000,0
1531215862496,1531215862492,1836703,0.00005754,14.00000000,0
1531215862591,1531215862588,1836704,0.00005754,7.00000000,0
1531215862714,1531215862709,1836705,0.00005754,19.00000000,0
1531215862873,1531215862869,1836706,0.00005754,4.00000000,0
1531215862952,1531215862948,1836707,0.00005754,5.00000000,0
1531215862967,1531215862964,1836708,0.00005754,8.00000000,0
1531215863093,1531215863090,1836709,0.00005754,8.00000000,0
1531215863094,1531215863090,1836710,0.00005754,6.00000000,0
1531215863237,1531215863233,1836711,0.00005754,6.00000000,0
1531215863276,1531215863272,1836712,0.00005754,12.00000000,0
1531215863385,1531215863380,1836713,0.00005754,3.00000000,0
1531215863414,1531215863410,1836714,0.00005754,1.00000000,0
1531215863414,1531215863410,1836715,0.00005785,11.00000000,0
1531215863537,1531215863532,1836716,0.00005785,9.00000000,0
1531215863640,1531215863636,1836717,0.00005785,7.00000000,0
1531215863676,1531215863671,1836718,0.00005785,4.00000000,0
1531215863790,1531215863786,1836719,0.00005785,15.00000000,0
1531215863838,1531215863833,1836720,0.00005785,17.00000000,0
1531215863885,1531215863882,1836721,0.00005785,29.00000000,0
1531215864109,1531215864106,1836722,0.00005785,6.00000000,0
1531215864210,1531215864204,1836723,0.00005785,6.00000000,0
1531215864303,1531215864299,1836724,0.00005785,3.00000000,0
1531215864393,1531215864389,1836725,0.00005785,7.00000000,0
1531215864497,1531215864494,1836726,0.00005785,5.00000000,0
1531215917446,1531215917443,1836727,0.00005756,6.00000000,1
1531215918013,1531215918009,1836728,0.00005756,4.00000000,1
1531215918631,1531215918628,1836729,0.00005756,5.00000000,1
1531215919168,1531215919164,1836730,0.00005756,5.00000000,1
1531215919613,1531215919608,1836731,0.00005756,6.00000000,1
1531215920103,1531215920098,1836732,0.00005756,3.00000000,1
1531215920103,1531215920098,1836733,0.00005744,9.00000000,1
1531215920979,1531215920975,1836734,0.00005744,7.00000000,1
1531215921533,1531215921528,1836735,0.00005744,8.00000000,1
1531215921611,1531215921607,1836736,0.00005744,5.00000000,1
1531215922042,1531215922038,1836737,0.00005744,6.00000000,1
1531215922555,1531215922551,1836738,0.00005744,7.00000000,1
1531215923301,1531215923297,1836739,0.00005743,6.00000000,1
1531215923738,1531215923732,1836740,0.00005743,46.00000000,1
1531215924554,1531215924550,1836741,0.00005743,7.00000000,1
1531215924945,1531215924939,1836742,0.00005743,3.00000000,1
1531215925388,1531215925383,1836743,0.00005743,24.00000000,1
1531215926025,1531215926022,1836744,0.00005743,5.00000000,1
1531215926604,1531215926600,1836745,0.00005743,19.00000000,1
1531215927143,1531215927140,1836746,0.00005743,6.00000000,1
1531215928615,1531215928611,1836747,0.00005743,23.00000000,1
1531215929303,1531215929298,1836748,0.00005743,17.00000000,1
1531215929875,1531215929870,1836749,0.00005743,6.00000000,1
1531215931009,1531215931003,1836750,0.00005742,4.00000000,1
1531215931536,1531215931533,1836751,0.00005742,7.00000000,1
1531215932297,1531215932292,1836752,0.00005742,16.00000000,1
1531215932739,1531215932735,1836753,0.00005742,6.00000000,1
1531215933685,1531215933682,1836754,0.00005775,6.00000000,0
1531215933778,1531215933773,1836755,0.00005775,3.00000000,0
1531215933865,1531215933861,1836756,0.00005742,11.00000000,1
1531215934333,1531215934329,1836757,0.00005742,5.00000000,1
1531215934785,1531215934781,1836758,0.00005742,7.00000000,1
1531215935190,1531215935186,1836759,0.00005742,8.00000000,1
1531215935715,1531215935711,1836760,0.00005742,7.00000000,1
1531215936264,1531215936261,1836761,0.00005742,1.00000000,1
1531215936264,1531215936261,1836762,0.00005741,26.00000000,1
1531215936652,1531215936648,1836763,0.00005741,4.00000000,1
1531215936652,1531215936648,1836764,0.00005740,12.00000000,1
1531215937252,1531215937248,1836765,0.00005740,5.00000000,1
1531215937711,1531215937707,1836766,0.00005740,7.00000000,1
1531215938562,1531215938559,1836767,0.00005740,8.00000000,1
1531215939039,1531215939035,1836768,0.00005740,7.00000000,1
1531215939533,1531215939528,1836769,0.00005740,3.00000000,1
1531215940040,1531215940036,1836770,0.00005740,4.00000000,1
1531215940653,1531215940648,1836771,0.00005740,3.00000000,1
1531215949078,1531215949073,1836772,0.00005768,16.00000000,0
1531215949170,1531215949166,1836773,0.00005768,7.00000000,0
1531215950734,1531215950731,1836774,0.00005738,180.00000000,1
1531215989308,1531215989303,1836775,0.00005737,522.00000000,0
1531215989308,1531215989303,1836776,0.00005738,339.00000000,0
1531215997820,1531215997815,1836777,0.00005762,7.00000000,0
1531215998102,1531215998097,1836778,0.00005762,4.00000000,0
1531215998195,1531215998192,1836779,0.00005762,7.00000000,0
1531215998242,1531215998238,1836780,0.00005762,7.00000000,0
1531215998306,1531215998302,1836781,0.00005762,9.00000000,0
1531216016079,1531216016074,1836782,0.00005763,1.00000000,0
1531216068247,1531216068243,1836783,0.00005735,105.00000000,1
1531216068247,1531216068243,1836784,0.00005729,75.00000000,1
1531216133119,1531216133115,1836785,0.00005734,53.00000000,1
1531216153956,1531216153951,1836786,0.00005734,1.00000000,1
1531216215203,1531216215198,1836787,0.00005762,53.00000000,0
1531216384326,1531216384321,1836788,0.00005762,40.00000000,0
1531216503442,1531216503439,1836789,0.00005738,320.00000000,1
1531216511715,1531216511711,1836790,0.00005738,44.00000000,1
1531216769202,1531216769198,1836791,0.00005762,6.00000000,0
1531216799360,1531216799355,1836792,0.00005738,147.00000000,1
1531216940980,1531216940974,1836793,0.00005738,111.00000000,1
1531216998667,1531216998662,1836794,0.00005762,67.00000000,0
1531216998667,1531216998662,1836795,0.00005763,159.00000000,0
1531216998667,1531216998662,1836796,0.00005764,74.00000000,0
1531217031699,1531217031694,1836797,0.00005764,64.00000000,0
1531217031699,1531217031694,1836798,0.00005769,78.00000000,0
1531217031699,1531217031694,1836799,0.00005820,23.00000000,0
1531217031699,1531217031694,1836800,0.00005821,30.00000000,0
1531217031699,1531217031694,1836801,0.00005897,205.00000000,0
1531217059507,1531217059502,1836802,0.00005762,168.00000000,1
1531217059507,1531217059502,1836803,0.00005739,181.00000000,1
1531217063809,1531217063805,1836804,0.00005791,32.00000000,0
1531217184974,1531217184970,1836805,0.00005763,47.00000000,1
1531217230215,1531217230210,1836806,0.00005751,47.00000000,1
1531217494515,1531217494511,1836807,0.00005751,9.00000000,1
1531217568748,1531217568743,1836808,0.00005751,83.00000000,1
1531217568748,1531217568743,1836809,0.00005749,38.00000000,1
1531217568748,1531217568743,1836810,0.00005740,459.00000000,1
1531217568748,1531217568743,1836811,0.00005738,193.00000000,1
1531217568748,1531217568743,1836812,0.00005729,725.00000000,1
1531217568748,1531217568743,1836813,0.00005728,91.00000000,1
1531217568748,1531217568743,1836814,0.00005727,100.00000000,1
1531217568748,1531217568743,1836815,0.00005725,100.00000000,1
1531217568748,1531217568743,1836816,0.00005723,121.00000000,1
1531217568748,1531217568743,1836817,0.00005722,31.00000000,1
1531217568749,1531217568743,1836818,0.00005722,301.00000000,1
1531217568894,1531217568890,1836819,0.00005722,126.00000000,1
1531217573332,1531217573327,1836820,0.00005750,6.00000000,0
1531217573436,1531217573431,1836821,0.00005750,72.00000000,0
1531217573471,1531217573466,1836822,0.00005750,15.00000000,0
1531217573530,1531217573523,1836823,0.00005750,7.00000000,0
1531217573555,1531217573551,1836824,0.00005750,5.00000000,0
1531217630237,1531217630232,1836825,0.00005747,107.00000000,0
1531217630237,1531217630232,1836826,0.00005750,34.00000000,0
1531217630237,1531217630232,1836827,0.00005751,33.00000000,0
1531217630375,1531217630370,1836828,0.00005726,53.00000000,1
1531217728130,1531217728124,1836829,0.00005728,6.00000000,1
1531217749961,1531217749957,1836830,0.00005733,37.00000000,0
1531217750636,1531217750631,1836831,0.00005733,48.00000000,0
1531217759677,1531217759672,1836832,0.00005739,78.00000000,0
1531217759677,1531217759672,1836833,0.00005740,78.00000000,0
1531217771372,1531217771368,1836834,0.00005734,53.00000000,0
1531217779314,1531217779310,1836835,0.00005733,78.00000000,0
1531217779794,1531217779788,1836836,0.00005732,6.00000000,1
1531217781509,1531217781505,1836837,0.00005731,6.00000000,1
1531217912040,1531217912037,1836838,0.00005734,3.00000000,1
1531217967441,1531217967436,1836839,0.00005734,20.00000000,1
1531218118699,1531218118693,1836840,0.00005745,139.00000000,1
1531218134290,1531218134285,1836841,0.00005774,138.00000000,0
1531218134290,1531218134285,1836842,0.00005785,609.00000000,0
1531218134316,1531218134313,1836843,0.00005785,141.00000000,1
1531218134335,1531218134331,1836844,0.00005785,115.00000000,1
1531218134395,1531218134391,1836845,0.00005785,141.00000000,1
1531218134632,1531218134628,1836846,0.00005785,19.00000000,1
1531218135348,1531218135344,1836847,0.00005785,194.00000000,1
1531218401654,1531218401649,1836848,0.00005734,1.00000000,1
1531218502257,1531218502253,1836849,0.00005752,23.00000000,0
1531218510985,1531218510982,1836850,0.00005753,39.00000000,0
1531218527618,1531218527612,1836851,0.00005753,148.00000000,0
1531218527618,1531218527612,1836852,0.00005755,25.00000000,0
1531218556356,1531218556352,1836853,0.00005736,1.00000000,1
1531218633438,1531218633433,1836854,0.00005755,28.00000000,0
1531218633438,1531218633433,1836855,0.00005759,23.00000000,0
1531218689158,1531218689154,1836856,0.00005739,3.00000000,1
1531218842271,1531218842267,1836857,0.00005745,17.00000000,1
1531218860448,1531218860442,1836858,0.00005745,594.00000000,1
1531218860488,1531218860485,1836859,0.00005745,6.00000000,0
1531218901295,1531218901290,1836860,0.00005759,115.00000000,0
1531219101562,1531219101558,1836861,0.00005753,35.00000000,1
1531219116183,1531219116179,1836862,0.00005753,1.00000000,1
1531219330927,1531219330923,1836863,0.00005779,1.00000000,0
1531219391548,1531219391544,1836864,0.00005778,52.00000000,0
1531219806639,1531219806634,1836865,0.00005752,18.00000000,1
1531219806656,1531219806652,1836866,0.00005752,51.00000000,0
1531219858624,1531219858620,1836867,0.00005746,91.00000000,1
1531219891483,1531219891480,1836868,0.00005743,103.00000000,1
1531219957197,1531219957192,1836869,0.00005743,35.00000000,1
1531219976473,1531219976469,1836870,0.00005762,409.00000000,0
1531219996809,1531219996804,1836871,0.00005762,109.00000000,0
1531220113132,1531220113130,1836872,0.00005762,47.00000000,0
1531220124178,1531220124172,1836873,0.00005762,39.00000000,0
1531220124282,1531220124278,1836874,0.00005762,138.00000000,0
1531220215762,1531220215758,1836875,0.00005760,102.00000000,0
1531220310973,1531220310967,1836876,0.00005760,164.00000000,0
1531220528143,1531220528138,1836877,0.00005743,1.00000000,1
1531220528143,1531220528138,1836878,0.00005734,24.00000000,1
1531220639547,1531220639542,1836879,0.00005739,946.00000000,1
1531220639579,1531220639574,1836880,0.00005739,115.00000000,1
1531220766479,1531220766473,1836881,0.00005760,2.00000000,0
1531221241799,1531221241796,1836882,0.00005754,1.00000000,0
1531221279472,1531221279469,1836883,0.00005753,2.00000000,0
1531221596998,1531221596992,1836884,0.00005752,1.00000000,0
1531221752139,1531221752135,1836885,0.00005741,174.00000000,1
1531221770798,1531221770792,1836886,0.00005741,217.00000000,0
1531221883689,1531221883685,1836887,0.00005741,187.00000000,0
1531222031192,1531222031186,1836888,0.00005739,421.00000000,1
1531222031192,1531222031186,1836889,0.00005734,171.00000000,1
1531222031192,1531222031186,1836890,0.00005724,1329.00000000,1
1531222031192,1531222031186,1836891,0.00005723,3583.00000000,1
1531222053374,1531222053369,1836892,0.00005723,115.00000000,0
1531222053665,1531222053661,1836893,0.00005721,1564.00000000,1
1531222055668,1531222055659,1836894,0.00005720,395.00000000,1
1531222055668,1531222055659,1836895,0.00005723,69.00000000,0
1531222072660,1531222072654,1836896,0.00005720,1924.00000000,1
1531222089880,1531222089875,1836897,0.00005715,78.00000000,1
1531222092807,1531222092804,1836898,0.00005714,106.00000000,1
1531222112931,1531222112925,1836899,0.00005712,36.00000000,1
1531222112931,1531222112925,1836900,0.00005710,897.00000000,1
1531222127470,1531222127466,1836901,0.00005707,86.00000000,1
1531222129786,1531222129782,1836902,0.00005707,53.00000000,1
1531222132880,1531222132874,1836903,0.00005707,138.00000000,1
1531222133308,1531222133303,1836904,0.00005707,498.00000000,1
1531222133329,1531222133325,1836905,0.00005706,50.00000000,0
1531222133360,1531222133355,1836906,0.00005706,50.00000000,0
1531222133598,1531222133593,1836907,0.00005701,39.00000000,1
1531222134265,1531222134259,1836908,0.00005701,222.00000000,1
1531222138825,1531222138820,1836909,0.00005706,5.00000000,0
1531222145244,1531222145239,1836910,0.00005701,107.00000000,1
1531222153612,1531222153607,1836911,0.00005701,329.00000000,1
1531222153612,1531222153607,1836912,0.00005700,288.00000000,1
1531222158120,1531222158114,1836913,0.00005701,154.00000000,0
1531222161551,1531222161547,1836914,0.00005704,90.00000000,0
1531222175792,1531222175789,1836915,0.00005700,18.00000000,1
1531222177703,1531222177699,1836916,0.00005700,71.00000000,1
1531222182316,1531222182312,1836917,0.00005705,173.00000000,0
1531222197138,1531222197134,1836918,0.00005700,18.00000000,1
1531222197264,1531222197261,1836919,0.00005705,1.00000000,0
1531222217928,1531222217923,1836920,0.00005705,68.00000000,1
1531222324804,1531222324800,1836921,0.00005708,1.00000000,0
1531222478069,1531222478065,1836922,0.00005705,142.00000000,1
1531222500082,1531222500078,1836923,0.00005705,217.00000000,1
1531222513316,1531222513312,1836924,0.00005705,25.00000000,1
1531222564084,1531222564080,1836925,0.00005704,25.00000000,0
1531222564084,1531222564080,1836926,0.00005705,45.00000000,0
1531222585892,1531222585889,1836927,0.00005700,37.00000000,1
1531222614182,1531222614176,1836928,0.00005704,175.00000000,0
1531222614866,1531222614862,1836929,0.00005704,616.00000000,0
1531222628625,1531222628621,1836930,0.00005708,1354.00000000,0
1531222628688,1531222628684,1836931,0.00005709,175.00000000,0
1531222629672,1531222629669,1836932,0.00005709,175.00000000,0
1531222630695,1531222630691,1836933,0.00005709,175.00000000,0
1531222631686,1531222631682,1836934,0.00005709,175.00000000,0
1531222632683,1531222632679,1836935,0.00005709,175.00000000,0
1531222633686,1531222633681,1836936,0.00005709,175.00000000,0
1531222634693,1531222634691,1836937,0.00005709,175.00000000,0
1531222635688,1531222635684,1836938,0.00005709,175.00000000,0
1531222636692,1531222636687,1836939,0.00005709,175.00000000,0
1531222637695,1531222637691,1836940,0.00005709,175.00000000,0
1531222680826,1531222680823,1836941,0.00005709,1.00000000,0
1531222681675,1531222681672,1836942,0.00005700,231.00000000,1
1531222740280,1531222740279,1836943,0.00005707,2.00000000,0
1531222741541,1531222741537,1836944,0.00005698,18.00000000,1
1531222793665,1531222793660,1836945,0.00005698,36.00000000,1
1531222824241,1531222824237,1836946,0.00005687,18.00000000,1
1531222824662,1531222824658,1836947,0.00005692,41.00000000,1
1531222833480,1531222833478,1836948,0.00005687,46.00000000,1
1531222841965,1531222841961,1836949,0.00005682,30.00000000,1
1531222843988,1531222843984,1836950,0.00005681,53.00000000,1
1531222844035,1531222844032,1836951,0.00005680,53.00000000,1
1531222844035,1531222844032,1836952,0.00005677,300.00000000,1
1531222848640,1531222848636,1836953,0.00005677,282.00000000,1
1531222851757,1531222851754,1836954,0.00005672,52.00000000,1
1531222857702,1531222857699,1836955,0.00005669,12.00000000,1
1531222859036,1531222859033,1836956,0.00005669,6.00000000,1
1531222859817,1531222859813,1836957,0.00005665,68.00000000,1
1531222860137,1531222860134,1836958,0.00005665,68.00000000,0
1531222861008,1531222861002,1836959,0.00005667,12.00000000,0
1531222865239,1531222865236,1836960,0.00005661,54.00000000,1
1531222873183,1531222873179,1836961,0.00005686,3.00000000,0
1531222902537,1531222902532,1836962,0.00005667,18.00000000,1
1531222906330,1531222906325,1836963,0.00005683,103.00000000,0
1531222922602,1531222922600,1836964,0.00005667,1.00000000,1
1531222930479,1531222930475,1836965,0.00005667,121.00000000,0
1531222930479,1531222930475,1836966,0.00005682,37.00000000,0
1531222960244,1531222960240,1836967,0.00005682,3.00000000,0
1531222960362,1531222960358,1836968,0.00005682,4.00000000,0
1531222960972,1531222960968,1836969,0.00005682,3.00000000,0
1531222961182,1531222961179,1836970,0.00005682,7.00000000,0
1531222961956,1531222961952,1836971,0.00005682,8.00000000,0
1531222962265,1531222962261,1836972,0.00005682,7.00000000,0
1531222962365,1531222962362,1836973,0.00005682,5.00000000,0
1531222962732,1531222962728,1836974,0.00005682,16.00000000,0
1531222963147,1531222963144,1836975,0.00005682,7.00000000,0
1531222963211,1531222963206,1836976,0.00005682,27.00000000,0
1531222963513,1531222963510,1836977,0.00005682,8.00000000,0
1531222963649,1531222963645,1836978,0.00005682,7.00000000,0
1531222963863,1531222963860,1836979,0.00005682,5.00000000,0
1531222964016,1531222964013,1836980,0.00005682,11.00000000,0
1531222964059,1531222964056,1836981,0.00005682,6.00000000,0
1531222964129,1531222964125,1836982,0.00005682,16.00000000,0
1531222964250,1531222964247,1836983,0.00005682,7.00000000,0
1531222964530,1531222964526,1836984,0.00005682,4.00000000,0
1531222964619,1531222964616,1836985,0.00005682,6.00000000,0
1531222964662,1531222964657,1836986,0.00005682,17.00000000,0
1531222964824,1531222964822,1836987,0.00005682,23.00000000,0
1531222964869,1531222964864,1836988,0.00005682,6.00000000,0
1531222964911,1531222964907,1836989,0.00005682,19.00000000,0
1531222965001,1531222964996,1836990,0.00005682,5.00000000,0
1531222965258,1531222965254,1836991,0.00005682,24.00000000,0
1531222965350,1531222965345,1836992,0.00005682,3.00000000,0
1531222965444,1531222965441,1836993,0.00005682,7.00000000,0
1531222965493,1531222965488,1836994,0.00005682,46.00000000,0
1531222965689,1531222965685,1836995,0.00005682,6.00000000,0
1531222965737,1531222965735,1836996,0.00005682,5.00000000,0
1531222965737,1531222965735,1836997,0.00005683,1.00000000,0
1531222965791,1531222965787,1836998,0.00005683,7.00000000,0
1531222966103,1531222966098,1836999,0.00005683,7.00000000,0
1531222966107,1531222966104,1837000,0.00005683,8.00000000,0
1531222966208,1531222966204,1837001,0.00005683,5.00000000,0
1531222966292,1531222966287,1837002,0.00005683,12.00000000,0
1531222966343,1531222966339,1837003,0.00005683,6.00000000,0
1531222966442,1531222966439,1837004,0.00005683,5.00000000,0
1531222966789,1531222966786,1837005,0.00005683,5.00000000,0
1531222966824,1531222966819,1837006,0.00005683,18.00000000,0
1531222966860,1531222966858,1837007,0.00005683,4.00000000,0
1531222966946,1531222966942,1837008,0.00005683,6.00000000,0
1531222974341,1531222974338,1837009,0.00005683,9.00000000,0
1531222974583,1531222974578,1837010,0.00005683,6.00000000,0
1531222974672,1531222974667,1837011,0.00005683,5.00000000,0
1531222975040,1531222975037,1837012,0.00005683,3.00000000,0
1531222975305,1531222975302,1837013,0.00005683,17.00000000,0
1531222975397,1531222975392,1837014,0.00005683,3.00000000,0
1531222975814,1531222975809,1837015,0.00005683,21.00000000,0
1531222975948,1531222975945,1837016,0.00005683,3.00000000,0
1531222976191,1531222976186,1837017,0.00005683,9.00000000,0
1531222976650,1531222976646,1837018,0.00005683,5.00000000,0
1531222977337,1531222977333,1837019,0.00005683,8.00000000,0
1531222977413,1531222977410,1837020,0.00005683,6.00000000,0
1531222977675,1531222977672,1837021,0.00005683,6.00000000,0
1531222978152,1531222978148,1837022,0.00005683,10.00000000,0
1531222978388,1531222978384,1837023,0.00005683,5.00000000,0
1531222978481,1531222978478,1837024,0.00005683,7.00000000,0
1531222978847,1531222978844,1837025,0.00005683,13.00000000,0
1531222979213,1531222979209,1837026,0.00005683,5.00000000,0
1531222979305,1531222979301,1837027,0.00005683,3.00000000,0
1531222979646,1531222979644,1837028,0.00005683,3.00000000,0
1531222979721,1531222979719,1837029,0.00005683,6.00000000,0
1531222979988,1531222979984,1837030,0.00005683,4.00000000,0
1531222980118,1531222980115,1837031,0.00005683,4.00000000,0
1531222980404,1531222980399,1837032,0.00005683,8.00000000,0
1531222980767,1531222980764,1837033,0.00005683,10.00000000,0
1531222980825,1531222980822,1837034,0.00005683,7.00000000,0
1531222980896,1531222980893,1837035,0.00005683,5.00000000,0
1531222980986,1531222980982,1837036,0.00005683,13.00000000,0
1531222981148,1531222981143,1837037,0.00005683,9.00000000,0
1531223011308,1531223011304,1837038,0.00005683,226.00000000,0
1531223029865,1531223029862,1837039,0.00005683,20.00000000,0
1531223047304,1531223047302,1837040,0.00005683,346.00000000,0
1531223090906,1531223090901,1837041,0.00005658,160.00000000,1
1531223090906,1531223090901,1837042,0.00005650,624.00000000,1
1531223107432,1531223107427,1837043,0.00005636,18.00000000,1
1531223107432,1531223107427,1837044,0.00005633,105.00000000,1
1531223114260,1531223114256,1837045,0.00005633,165.00000000,1
1531223123616,1531223123616,1837046,0.00005634,89.00000000,1
1531223123616,1531223123616,1837047,0.00005633,438.00000000,1
1531223130052,1531223130048,1837048,0.00005631,10.00000000,0
1531223130104,1531223130090,1837049,0.00005631,3.00000000,0
1531223136875,1531223136872,1837050,0.00005631,1.00000000,0
1531223143292,1531223143287,1837051,0.00005630,540.00000000,1
1531223143293,1531223143287,1837052,0.00005629,71.00000000,1
1531223143293,1531223143287,1837053,0.00005627,122.00000000,1
1531223143293,1531223143287,1837054,0.00005622,30.00000000,1
1531223143293,1531223143287,1837055,0.00005620,434.00000000,1
1531223185700,1531223185698,1837056,0.00005623,18.00000000,1
1531223186811,1531223186808,1837057,0.00005623,138.00000000,1
1531223205552,1531223205548,1837058,0.00005620,69.00000000,1
1531223205712,1531223205709,1837059,0.00005620,18.00000000,1
1531223206333,1531223206330,1837060,0.00005620,54.00000000,1
1531223276365,1531223276362,1837061,0.00005627,32.00000000,0
1531223288473,1531223288470,1837062,0.00005620,154.00000000,1
1531223366403,1531223366400,1837063,0.00005620,16.00000000,1
1531223399930,1531223399927,1837064,0.00005627,22.00000000,0
1531223408073,1531223408070,1837065,0.00005628,31.00000000,0
1531223408874,1531223408870,1837066,0.00005631,232.00000000,0
1531223410219,1531223410216,1837067,0.00005631,1.00000000,0
1531223458815,1531223458812,1837068,0.00005645,114.00000000,0
1531223458851,1531223458848,1837069,0.00005645,27.00000000,0
1531223463040,1531223463035,1837070,0.00005648,88.00000000,0
1531223469252,1531223469247,1837071,0.00005648,1.00000000,0
1531223469252,1531223469247,1837072,0.00005649,35.00000000,0
1531223534341,1531223534337,1837073,0.00005649,19.00000000,0
1531223584859,1531223584855,1837074,0.00005650,2536.00000000,0
1531223618778,1531223618775,1837075,0.00005650,66.00000000,1
1531223989445,1531223989444,1837076,0.00005667,3.00000000,0
1531224024961,1531224024958,1837077,0.00005666,152.00000000,0
1531224024967,1531224024964,1837078,0.00005666,104.00000000,0
1531224024980,1531224024975,1837079,0.00005666,251.00000000,0
1531224170465,1531224170461,1837080,0.00005651,7.00000000,1
1531224171592,1531224171588,1837081,0.00005651,7.00000000,1
1531224179198,1531224179195,1837082,0.00005666,176.00000000,0
1531224357980,1531224357977,1837083,0.00005666,4.00000000,0
1531224496713,1531224496709,1837084,0.00005652,135.00000000,1
1531224496713,1531224496709,1837085,0.00005651,119.00000000,1
1531224581275,1531224581273,1837086,0.00005667,90.00000000,0
1531224581275,1531224581273,1837087,0.00005668,86.00000000,0
1531224653262,1531224653259,1837088,0.00005668,2.00000000,0
1531224970831,1531224970828,1837089,0.00005668,7.00000000,0
1531225012654,1531225012650,1837090,0.00005668,4.00000000,0
1531225014955,1531225014951,1837091,0.00005668,882.00000000,0
1531225155639,1531225155636,1837092,0.00005657,500.00000000,1
1531225226089,1531225226085,1837093,0.00005657,707.00000000,1
1531225342438,1531225342435,1837094,0.00005657,69.00000000,1
1531225447076,1531225447072,1837095,0.00005657,2.00000000,1
1531225447076,1531225447072,1837096,0.00005652,91.00000000,1
1531225447076,1531225447072,1837097,0.00005651,282.00000000,1
1531225447076,1531225447072,1837098,0.00005649,1340.00000000,1
1531225607630,1531225607626,1837099,0.00005650,295.00000000,1
1531225654149,1531225654146,1837100,0.00005667,91.00000000,0
1531225656348,1531225656344,1837101,0.00005668,1.00000000,0
1531225678832,1531225678828,1837102,0.00005668,50.00000000,0
1531225754037,1531225754034,1837103,0.00005668,11.00000000,0
1531225756034,1531225756030,1837104,0.00005667,67.00000000,1
1531225825744,1531225825741,1837105,0.00005653,141.00000000,1
1531225825744,1531225825741,1837106,0.00005651,74.00000000,1
1531225825816,1531225825812,1837107,0.00005651,18.00000000,1
1531225825816,1531225825812,1837108,0.00005650,148.00000000,1
1531225825824,1531225825823,1837109,0.00005650,127.00000000,1
1531225830962,1531225830959,1837110,0.00005668,4.00000000,0
1531225892701,1531225892696,1837111,0.00005650,191.00000000,1
1531225910020,1531225910016,1837112,0.00005660,1096.00000000,1
1531225911046,1531225911042,1837113,0.00005660,1096.00000000,1
1531225912016,1531225912018,1837114,0.00005660,344.00000000,1
1531225992921,1531225992916,1837115,0.00005661,90.00000000,1
1531226069747,1531226069743,1837116,0.00005661,2742.00000000,1
1531226069747,1531226069743,1837117,0.00005660,1895.00000000,1
1531226069747,1531226069743,1837118,0.00005650,4149.00000000,1
1531226072568,1531226072564,1837119,0.00005649,2259.00000000,1
1531226138690,1531226138685,1837120,0.00005667,135.00000000,0
1531226230450,1531226230449,1837121,0.00005667,2.00000000,0
1531226253164,1531226253160,1837122,0.00005667,500.00000000,0
1531226384542,1531226384538,1837123,0.00005667,4.00000000,0
1531226460939,1531226460936,1837124,0.00005667,47.00000000,0
1531226539551,1531226539548,1837125,0.00005667,5.00000000,0
1531226710398,1531226710398,1837126,0.00005667,35.00000000,0
1531226728146,1531226728142,1837127,0.00005667,1.00000000,0
1531226797906,1531226797902,1837128,0.00005667,125.00000000,0
1531226817642,1531226817637,1837129,0.00005640,20.00000000,1
1531226821511,1531226821506,1837130,0.00005633,3.00000000,1
1531226821614,1531226821609,1837131,0.00005633,3.00000000,1
1531226831582,1531226831582,1837132,0.00005640,154.00000000,0
1531226882783,1531226882779,1837133,0.00005633,16.00000000,1
1531226882783,1531226882779,1837134,0.00005625,76.00000000,1
1531226882784,1531226882779,1837135,0.00005625,224.00000000,1
1531226882784,1531226882779,1837136,0.00005620,198.00000000,1
1531226882784,1531226882779,1837137,0.00005614,722.00000000,1
1531226882784,1531226882779,1837138,0.00005612,19.00000000,1
1531226882785,1531226882779,1837139,0.00005609,108.00000000,1
1531226882785,1531226882779,1837140,0.00005607,97.00000000,1
1531226882785,1531226882779,1837141,0.00005605,18.00000000,1
1531226882785,1531226882779,1837142,0.00005604,71.00000000,1
1531226882785,1531226882779,1837143,0.00005603,206.00000000,1
1531226882799,1531226882796,1837144,0.00005610,1511.00000000,0
1531226890037,1531226890032,1837145,0.00005621,3.00000000,1
1531226890082,1531226890081,1837146,0.00005621,3.00000000,1
1531226924183,1531226924176,1837147,0.00005624,72.00000000,1
1531226928222,1531226928218,1837148,0.00005624,440.00000000,1
1531226944279,1531226944274,1837149,0.00005631,54.00000000,1
1531226945228,1531226945225,1837150,0.00005632,18.00000000,1
1531226956645,1531226956640,1837151,0.00005640,1.00000000,0
1531226960292,1531226960291,1837152,0.00005632,1.00000000,1
1531227162617,1531227162616,1837153,0.00005633,28.00000000,1
1531227208119,1531227208115,1837154,0.00005646,96.00000000,0
1531227238420,1531227238417,1837155,0.00005635,483.00000000,1
1531227491108,1531227491104,1837156,0.00005646,1.00000000,0
1531227653030,1531227653026,1837157,0.00005646,18.00000000,1
1531227819480,1531227819476,1837158,0.00005646,556.00000000,1
1531227819504,1531227819500,1837159,0.00005646,90.00000000,0
1531227886651,1531227886646,1837160,0.00005646,1.00000000,0
1531227886651,1531227886646,1837161,0.00005655,1.00000000,0
1531228201280,1531228201276,1837162,0.00005655,139.00000000,0
1531228297354,1531228297350,1837163,0.00005655,1.00000000,0
1531228318208,1531228318203,1837164,0.00005660,54.00000000,0
1531228318208,1531228318203,1837165,0.00005665,141.00000000,0
1531228319168,1531228319164,1837166,0.00005665,106.00000000,1
1531228319168,1531228319164,1837167,0.00005645,743.00000000,1
1531228319168,1531228319164,1837168,0.00005642,2479.00000000,1
1531228339415,1531228339414,1837169,0.00005667,4.00000000,0
1531228345278,1531228345273,1837170,0.00005667,1.00000000,0
1531228362625,1531228362621,1837171,0.00005644,3.00000000,1
1531228488979,1531228488975,1837172,0.00005668,2.00000000,0
1531228534095,1531228534087,1837173,0.00005668,3.00000000,0
1531228696005,1531228696001,1837174,0.00005667,100.00000000,0
1531228840831,1531228840827,1837175,0.00005648,182.00000000,1
1531228899613,1531228899608,1837176,0.00005667,932.00000000,0
1531229026556,1531229026552,1837177,0.00005651,22.00000000,1
1531229080686,1531229080679,1837178,0.00005668,176.00000000,0
1531229081434,1531229081431,1837179,0.00005668,1100.00000000,0
1531229081677,1531229081671,1837180,0.00005668,176.00000000,0
1531229082047,1531229082043,1837181,0.00005668,1624.00000000,0
1531229082332,1531229082327,1837182,0.00005668,368.00000000,0
1531229082679,1531229082674,1837183,0.00005668,176.00000000,0
1531229082906,1531229082900,1837184,0.00005668,113.00000000,0
1531229083328,1531229083322,1837185,0.00005668,1095.00000000,0
1531229083388,1531229083383,1837186,0.00005669,3741.00000000,0
1531229089038,1531229089032,1837187,0.00005676,766.00000000,0
1531229089178,1531229089173,1837188,0.00005677,20.00000000,0
1531229089178,1531229089173,1837189,0.00005678,141.00000000,0
1531229091925,1531229091921,1837190,0.00005683,151.00000000,0
1531229102209,1531229102204,1837191,0.00005659,28.00000000,1
1531229102625,1531229102621,1837192,0.00005659,10.00000000,1
1531229103000,1531229102996,1837193,0.00005659,14.00000000,1
1531229103409,1531229103404,1837194,0.00005659,13.00000000,1
1531229103756,1531229103751,1837195,0.00005659,7.00000000,1
1531229104032,1531229104027,1837196,0.00005659,10.00000000,1
1531229104420,1531229104415,1837197,0.00005659,25.00000000,1
1531229104791,1531229104785,1837198,0.00005659,14.00000000,1
1531229105284,1531229105281,1837199,0.00005659,16.00000000,1
1531229106041,1531229106037,1837200,0.00005657,7.00000000,1
1531229106197,1531229106192,1837201,0.00005657,7.00000000,1
1531229106643,1531229106638,1837202,0.00005657,44.00000000,1
1531229107001,1531229106997,1837203,0.00005657,39.00000000,1
1531229107289,1531229107285,1837204,0.00005657,13.00000000,1
1531229107797,1531229107792,1837205,0.00005657,7.00000000,1
1531229108070,1531229108066,1837206,0.00005657,14.00000000,1
1531229108377,1531229108373,1837207,0.00005657,9.00000000,1
1531229108727,1531229108723,1837208,0.00005657,1.00000000,1
1531229108727,1531229108723,1837209,0.00005652,13.00000000,1
1531229109071,1531229109068,1837210,0.00005652,14.00000000,1
1531229109525,1531229109523,1837211,0.00005652,13.00000000,1
1531229109962,1531229109957,1837212,0.00005652,25.00000000,1
1531229110438,1531229110433,1837213,0.00005652,7.00000000,1
1531229110854,1531229110849,1837214,0.00005652,15.00000000,1
1531229111161,1531229111156,1837215,0.00005652,36.00000000,1
1531229111541,1531229111537,1837216,0.00005652,29.00000000,1
1531229111954,1531229111949,1837217,0.00005652,13.00000000,1
1531229112516,1531229112512,1837218,0.00005652,16.00000000,1
1531229112839,1531229112837,1837219,0.00005652,13.00000000,1
1531229113205,1531229113200,1837220,0.00005652,16.00000000,1
1531229113999,1531229113994,1837221,0.00005652,14.00000000,1
1531229114438,1531229114432,1837222,0.00005652,35.00000000,1
1531229114630,1531229114625,1837223,0.00005652,13.00000000,1
1531229114782,1531229114780,1837224,0.00005652,12.00000000,1
1531229115294,1531229115289,1837225,0.00005652,33.00000000,1
1531229115573,1531229115569,1837226,0.00005652,28.00000000,1
1531229115952,1531229115947,1837227,0.00005652,7.00000000,1
1531229116350,1531229116346,1837228,0.00005652,118.00000000,1
1531229116820,1531229116816,1837229,0.00005652,37.00000000,1
1531229117063,1531229117059,1837230,0.00005652,14.00000000,1
1531229117302,1531229117297,1837231,0.00005653,14.00000000,1
1531229152243,1531229152238,1837232,0.00005676,101.00000000,0
1531229152688,1531229152684,1837233,0.00005683,175.00000000,0
1531229153088,1531229153084,1837234,0.00005682,42.00000000,0
1531229153688,1531229153682,1837235,0.00005683,175.00000000,0
1531229154674,1531229154669,1837236,0.00005683,175.00000000,0
1531229155685,1531229155681,1837237,0.00005683,175.00000000,0
1531229156686,1531229156681,1837238,0.00005683,175.00000000,0
1531229165688,1531229165684,1837239,0.00005683,175.00000000,0
1531229166698,1531229166694,1837240,0.00005683,175.00000000,0
1531229168155,1531229168148,1837241,0.00005683,83.00000000,0
1531229198366,1531229198361,1837242,0.00005665,10.00000000,1
1531229198704,1531229198701,1837243,0.00005665,41.00000000,1
1531229199169,1531229199165,1837244,0.00005665,10.00000000,1
1531229199629,1531229199624,1837245,0.00005665,33.00000000,1
1531229199956,1531229199953,1837246,0.00005665,10.00000000,1
1531229200394,1531229200389,1837247,0.00005665,17.00000000,1
1531229200770,1531229200766,1837248,0.00005665,15.00000000,1
1531229201045,1531229201041,1837249,0.00005665,5.00000000,1
1531229201045,1531229201041,1837250,0.00005649,7.00000000,1
1531229201681,1531229201675,1837251,0.00005650,23.00000000,1
1531229202229,1531229202223,1837252,0.00005649,34.00000000,1
1531229202978,1531229202973,1837253,0.00005650,9.00000000,1
1531229203540,1531229203537,1837254,0.00005650,7.00000000,1
1531229204021,1531229204015,1837255,0.00005650,21.00000000,1
1531229204457,1531229204452,1837256,0.00005650,16.00000000,1
1531229204867,1531229204860,1837257,0.00005650,74.00000000,1
1531229205537,1531229205533,1837258,0.00005649,7.00000000,1
1531229205651,1531229205647,1837259,0.00005649,72.00000000,1
1531229206311,1531229206306,1837260,0.00005649,14.00000000,1
1531229206823,1531229206818,1837261,0.00005651,23.00000000,1
1531229207115,1531229207111,1837262,0.00005651,15.00000000,1
1531229207463,1531229207459,1837263,0.00005651,10.00000000,1
1531229207881,1531229207876,1837264,0.00005651,19.00000000,1
1531229208317,1531229208313,1837265,0.00005651,14.00000000,1
1531229208667,1531229208662,1837266,0.00005677,36.00000000,0
1531229208667,1531229208662,1837267,0.00005678,23.00000000,0
1531229208667,1531229208662,1837268,0.00005679,140.00000000,0
1531229208667,1531229208662,1837269,0.00005683,390.00000000,0
1531229209077,1531229209070,1837270,0.00005651,16.00000000,1
1531229209821,1531229209817,1837271,0.00005651,11.00000000,1
1531229210201,1531229210195,1837272,0.00005651,14.00000000,1
1531229210627,1531229210622,1837273,0.00005651,15.00000000,1
1531229211537,1531229211532,1837274,0.00005651,12.00000000,1
1531229212273,1531229212269,1837275,0.00005651,14.00000000,1
1531229212634,1531229212631,1837276,0.00005651,41.00000000,1
1531229213415,1531229213410,1837277,0.00005649,34.00000000,1
1531229213584,1531229213581,1837278,0.00005649,7.00000000,1
1531229214007,1531229214003,1837279,0.00005649,28.00000000,1
1531229214641,1531229214637,1837280,0.00005649,31.00000000,1
1531229215171,1531229215166,1837281,0.00005652,12.00000000,1
1531229216097,1531229216091,1837282,0.00005653,18.00000000,1
1531229216532,1531229216527,1837283,0.00005653,15.00000000,1
1531229216715,1531229216711,1837284,0.00005653,14.00000000,1
1531229216930,1531229216923,1837285,0.00005653,27.00000000,1
1531229217420,1531229217417,1837286,0.00005653,15.00000000,1
1531229230572,1531229230566,1837287,0.00005663,15.00000000,0
1531229304522,1531229304519,1837288,0.00005654,123.00000000,1
1531229304538,1531229304534,1837289,0.00005654,98.00000000,1
1531229304538,1531229304534,1837290,0.00005653,16.00000000,1
1531229352146,1531229352141,1837291,0.00005662,4.00000000,0
1531229370375,1531229370370,1837292,0.00005662,18.00000000,0
1531229422565,1531229422561,1837293,0.00005662,16.00000000,0
1531229422565,1531229422561,1837294,0.00005663,24.00000000,0
1531229505286,1531229505281,1837295,0.00005663,3.00000000,0
1531229575309,1531229575304,1837296,0.00005662,31.00000000,1
1531229651348,1531229651344,1837297,0.00005662,591.00000000,1
1531229894203,1531229894198,1837298,0.00005663,60.00000000,0
1531229922145,1531229922140,1837299,0.00005663,637.00000000,0
1531229936346,1531229936342,1837300,0.00005679,2.00000000,0
1531230130707,1531230130702,1837301,0.00005679,16.00000000,0
1531230130707,1531230130702,1837302,0.00005683,7.00000000,0
1531230140343,1531230140339,1837303,0.00005666,14.00000000,1
1531230140926,1531230140920,1837304,0.00005666,7.00000000,1
1531230141492,1531230141486,1837305,0.00005666,7.00000000,1
1531230145459,1531230145454,1837306,0.00005666,14.00000000,1
1531230145882,1531230145880,1837307,0.00005666,14.00000000,1
1531230146340,1531230146334,1837308,0.00005666,46.00000000,1
1531230146861,1531230146857,1837309,0.00005666,14.00000000,1
1531230147418,1531230147414,1837310,0.00005666,7.00000000,1
1531230147977,1531230147968,1837311,0.00005666,38.00000000,1
1531230148349,1531230148345,1837312,0.00005666,11.00000000,1
1531230148971,1531230148965,1837313,0.00005666,10.00000000,1
1531230149302,1531230149298,1837314,0.00005666,14.00000000,1
1531230149657,1531230149652,1837315,0.00005667,15.00000000,1
1531230149962,1531230149958,1837316,0.00005667,26.00000000,1
1531230150584,1531230150579,1837317,0.00005667,15.00000000,1
1531230150945,1531230150939,1837318,0.00005667,15.00000000,1
1531230151360,1531230151356,1837319,0.00005667,12.00000000,1
1531230151700,1531230151696,1837320,0.00005667,7.00000000,1
1531230151700,1531230151696,1837321,0.00005666,15.00000000,1
1531230152032,1531230152026,1837322,0.00005666,54.00000000,1
1531230152589,1531230152583,1837323,0.00005666,13.00000000,1
1531230152972,1531230152967,1837324,0.00005666,10.00000000,1
1531230153312,1531230153307,1837325,0.00005666,8.00000000,1
1531230153697,1531230153693,1837326,0.00005666,14.00000000,1
1531230154102,1531230154097,1837327,0.00005666,27.00000000,1
1531230154391,1531230154385,1837328,0.00005666,18.00000000,1
1531230154783,1531230154778,1837329,0.00005666,16.00000000,1
1531230155245,1531230155238,1837330,0.00005666,17.00000000,1
1531230155729,1531230155724,1837331,0.00005666,15.00000000,1
1531230156112,1531230156107,1837332,0.00005666,15.00000000,1
1531230156401,1531230156397,1837333,0.00005666,15.00000000,1
1531230156764,1531230156759,1837334,0.00005666,29.00000000,1
1531230157165,1531230157159,1837335,0.00005666,14.00000000,1
1531230157677,1531230157672,1837336,0.00005666,12.00000000,1
1531230158091,1531230158085,1837337,0.00005666,10.00000000,1
1531230158463,1531230158457,1837338,0.00005666,7.00000000,1
1531230158823,1531230158818,1837339,0.00005666,14.00000000,1
1531230159343,1531230159338,1837340,0.00005666,11.00000000,1
1531230159667,1531230159662,1837341,0.00005666,19.00000000,1
1531230160101,1531230160096,1837342,0.00005666,14.00000000,1
1531230278020,1531230278016,1837343,0.00005682,54.00000000,0
1531230692045,1531230692041,1837344,0.00005665,130.00000000,1
1531230692045,1531230692041,1837345,0.00005664,227.00000000,1
1531230692045,1531230692041,1837346,0.00005661,38.00000000,1
1531230775425,1531230775421,1837347,0.00005670,97.00000000,1
1531230775425,1531230775421,1837348,0.00005661,962.00000000,1
1531230775746,1531230775742,1837349,0.00005661,215.00000000,0
1531230799806,1531230799802,1837350,0.00005661,25.00000000,1
1531230850740,1531230850735,1837351,0.00005667,193.00000000,0
1531230865979,1531230865975,1837352,0.00005667,61.00000000,0
1531230871372,1531230871368,1837353,0.00005667,127.00000000,0
1531230871372,1531230871368,1837354,0.00005670,793.00000000,0
1531230880395,1531230880391,1837355,0.00005670,246.00000000,0
1531230917109,1531230917104,1837356,0.00005670,25.00000000,0
1531230920705,1531230920702,1837357,0.00005669,36.00000000,0
1531230920705,1531230920702,1837358,0.00005670,34.00000000,0
1531230965072,1531230965067,1837359,0.00005668,100.00000000,0
1531230965072,1531230965067,1837360,0.00005670,14.00000000,0
1531231136526,1531231136522,1837361,0.00005670,1.00000000,0
1531231136822,1531231136818,1837362,0.00005670,500.00000000,0
1531231499647,1531231499642,1837363,0.00005670,1.00000000,0
1531231550711,1531231550707,1837364,0.00005663,374.00000000,1
1531231550711,1531231550707,1837365,0.00005662,1037.00000000,1
1531231550711,1531231550707,1837366,0.00005661,741.00000000,1
1531231553069,1531231553064,1837367,0.00005657,595.00000000,1
1531231577304,1531231577300,1837368,0.00005661,2174.00000000,0
1531231918071,1531231918065,1837369,0.00005661,996.00000000,1
1531231918071,1531231918065,1837370,0.00005654,93.00000000,1
1531231918071,1531231918065,1837371,0.00005653,318.00000000,1
1531231918071,1531231918065,1837372,0.00005651,187.00000000,1
1531231918071,1531231918065,1837373,0.00005650,1102.00000000,1
1531231975035,1531231975031,1837374,0.00005667,1.00000000,0
1531231984725,1531231984722,1837375,0.00005650,170.00000000,1
1531232032755,1531232032750,1837376,0.00005659,130.00000000,0
1531232032755,1531232032750,1837377,0.00005660,380.00000000,0
1531232038476,1531232038474,1837378,0.00005667,3.00000000,0
1531232101465,1531232101460,1837379,0.00005660,84.00000000,1
1531232101465,1531232101460,1837380,0.00005651,142.00000000,1
1531232101465,1531232101460,1837381,0.00005650,147.00000000,1
1531232106118,1531232106113,1837382,0.00005666,1.00000000,0
1531232206817,1531232206813,1837383,0.00005650,172.00000000,1
1531232206817,1531232206813,1837384,0.00005646,440.00000000,1
1531232206819,1531232206815,1837385,0.00005646,167.00000000,1
1531232281339,1531232281335,1837386,0.00005666,3.00000000,0
1531232552740,1531232552736,1837387,0.00005647,120.00000000,1
1531232552740,1531232552736,1837388,0.00005645,24.00000000,1
1531232748647,1531232748643,1837389,0.00005665,120.00000000,0
1531232748647,1531232748643,1837390,0.00005666,56.00000000,0
1531232761378,1531232761374,1837391,0.00005646,27.00000000,1
1531232841835,1531232841831,1837392,0.00005646,99.00000000,1
1531233101698,1531233101694,1837393,0.00005646,177.00000000,1
1531233118939,1531233118934,1837394,0.00005645,46.00000000,1
1531233301509,1531233301506,1837395,0.00005659,176.00000000,0
1531233334211,1531233334206,1837396,0.00005646,51.00000000,1
1531233334211,1531233334206,1837397,0.00005645,421.00000000,1
1531233334211,1531233334206,1837398,0.00005634,1414.00000000,1
1531233429921,1531233429919,1837399,0.00005634,92.00000000,1
1531233486156,1531233486152,1837400,0.00005659,25.00000000,0
1531233499992,1531233499988,1837401,0.00005659,159.00000000,0
1531233511580,1531233511576,1837402,0.00005634,786.00000000,1
1531233514611,1531233514607,1837403,0.00005633,6.00000000,1
1531233524710,1531233524707,1837404,0.00005633,16.00000000,1
1531233592578,1531233592573,1837405,0.00005630,26.00000000,0
1531233592578,1531233592573,1837406,0.00005632,13.00000000,0
1531233657870,1531233657867,1837407,0.00005632,3.00000000,0
1531233700495,1531233700490,1837408,0.00005632,1008.00000000,0
1531233913252,1531233913249,1837409,0.00005632,38.00000000,0
1531234217451,1531234217449,1837410,0.00005632,24.00000000,0
1531234260932,1531234260928,1837411,0.00005632,67.00000000,0
1531234262215,1531234262214,1837412,0.00005632,35.00000000,0
1531234267406,1531234267403,1837413,0.00005633,28.00000000,0
1531234393542,1531234393537,1837414,0.00005640,133.00000000,0
1531234393542,1531234393537,1837415,0.00005670,93.00000000,0
1531234393542,1531234393537,1837416,0.00005682,304.00000000,0
1531234393542,1531234393537,1837417,0.00005688,83.00000000,0
1531234393542,1531234393537,1837418,0.00005693,93.00000000,0
1531234393542,1531234393537,1837419,0.00005694,394.00000000,0
1531234407804,1531234407800,1837420,0.00005643,13.00000000,1
1531234408339,1531234408335,1837421,0.00005643,49.00000000,1
1531234408706,1531234408701,1837422,0.00005643,15.00000000,1
1531234409144,1531234409139,1837423,0.00005643,13.00000000,1
1531234409599,1531234409596,1837424,0.00005654,13.00000000,1
1531234410095,1531234410091,1837425,0.00005654,9.00000000,1
1531234410689,1531234410685,1837426,0.00005654,10.00000000,1
1531234411061,1531234411057,1837427,0.00005654,14.00000000,1
1531234411544,1531234411541,1837428,0.00005654,7.00000000,1
1531234411961,1531234411957,1837429,0.00005654,9.00000000,1
1531234412330,1531234412327,1837430,0.00005654,15.00000000,1
1531234412735,1531234412731,1837431,0.00005654,15.00000000,1
1531234413263,1531234413261,1837432,0.00005654,16.00000000,1
1531234413644,1531234413640,1837433,0.00005654,13.00000000,1
1531234414138,1531234414134,1837434,0.00005654,12.00000000,1
1531234414138,1531234414134,1837435,0.00005643,19.00000000,1
1531234414537,1531234414526,1837436,0.00005641,15.00000000,1
1531234415179,1531234415175,1837437,0.00005641,7.00000000,1
1531234415179,1531234415175,1837438,0.00005640,8.00000000,1
1531234415726,1531234415722,1837439,0.00005640,13.00000000,1
1531234416147,1531234416146,1837440,0.00005638,9.00000000,1
1531234416643,1531234416639,1837441,0.00005638,15.00000000,1
1531234416943,1531234416938,1837442,0.00005638,90.00000000,1
1531234417358,1531234417355,1837443,0.00005638,36.00000000,1
1531234417661,1531234417658,1837444,0.00005638,11.00000000,1
1531234417661,1531234417658,1837445,0.00005631,21.00000000,1
1531234417975,1531234417970,1837446,0.00005631,24.00000000,1
1531234418400,1531234418397,1837447,0.00005631,14.00000000,1
1531234418805,1531234418802,1837448,0.00005631,21.00000000,1
1531234419122,1531234419118,1837449,0.00005631,16.00000000,1
1531234419702,1531234419698,1837450,0.00005631,14.00000000,1
1531234419908,1531234419904,1837451,0.00005631,14.00000000,1
1531234421030,1531234421024,1837452,0.00005631,10.00000000,1
1531234421396,1531234421392,1837453,0.00005631,91.00000000,1
1531234422031,1531234422028,1837454,0.00005631,5.00000000,1
1531234422031,1531234422028,1837455,0.00005621,10.00000000,1
1531234422368,1531234422364,1837456,0.00005623,8.00000000,1
1531234422680,1531234422676,1837457,0.00005621,24.00000000,1
1531234423142,1531234423139,1837458,0.00005621,20.00000000,1
1531234423522,1531234423518,1837459,0.00005621,9.00000000,1
1531234423965,1531234423962,1837460,0.00005621,18.00000000,1
1531234424434,1531234424431,1837461,0.00005621,31.00000000,1
1531234497226,1531234497223,1837462,0.00005623,54.00000000,1
1531234804619,1531234804617,1837463,0.00005632,89.00000000,1
1531234804619,1531234804617,1837464,0.00005631,235.00000000,1
1531235030439,1531235030436,1837465,0.00005651,22.00000000,0
1531235030439,1531235030436,1837466,0.00005652,54.00000000,0
1531235030439,1531235030436,1837467,0.00005656,133.00000000,0
1531235030439,1531235030436,1837468,0.00005671,21.00000000,0
1531235030439,1531235030436,1837469,0.00005679,30.00000000,0
1531235030439,1531235030436,1837470,0.00005693,89.00000000,0
1531235030439,1531235030436,1837471,0.00005694,327.00000000,0
1531235030439,1531235030436,1837472,0.00005697,3324.00000000,0
1531235060731,1531235060729,1837473,0.00005648,32.00000000,1
1531235061301,1531235061300,1837474,0.00005648,13.00000000,1
1531235061805,1531235061803,1837475,0.00005648,16.00000000,1
1531235062376,1531235062374,1837476,0.00005648,7.00000000,1
1531235062668,1531235062667,1837477,0.00005648,13.00000000,1
1531235063064,1531235063061,1837478,0.00005648,7.00000000,1
1531235063549,1531235063548,1837479,0.00005648,16.00000000,1
1531235063983,1531235063983,1837480,0.00005648,47.00000000,1
1531235064425,1531235064423,1837481,0.00005648,14.00000000,1
1531235064705,1531235064703,1837482,0.00005649,8.00000000,1
1531235065193,1531235065192,1837483,0.00005649,47.00000000,1
1531235065572,1531235065569,1837484,0.00005650,24.00000000,1
1531235065958,1531235065954,1837485,0.00005650,12.00000000,1
1531235066303,1531235066302,1837486,0.00005650,11.00000000,1
1531235066843,1531235066841,1837487,0.00005650,31.00000000,1
1531235067425,1531235067423,1837488,0.00005650,14.00000000,1
1531235067863,1531235067865,1837489,0.00005650,10.00000000,1
1531235068512,1531235068511,1837490,0.00005649,38.00000000,1
1531235069022,1531235069021,1837491,0.00005649,15.00000000,1
1531235069776,1531235069773,1837492,0.00005649,15.00000000,1
1531235070103,1531235070101,1837493,0.00005649,13.00000000,1
1531235070791,1531235070789,1837494,0.00005649,94.00000000,1
1531235071511,1531235071513,1837495,0.00005649,7.00000000,1
1531235071923,1531235071920,1837496,0.00005649,15.00000000,1
1531235072513,1531235072511,1837497,0.00005649,14.00000000,1
1531235072859,1531235072856,1837498,0.00005649,27.00000000,1
1531235073248,1531235073246,1837499,0.00005649,47.00000000,1
1531235073712,1531235073711,1837500,0.00005649,41.00000000,1
1531235073974,1531235073972,1837501,0.00005649,13.00000000,1
1531235074825,1531235074823,1837502,0.00005649,28.00000000,1
1531235075276,1531235075274,1837503,0.00005649,58.00000000,1
1531235075656,1531235075654,1837504,0.00005649,31.00000000,1
1531235076270,1531235076268,1837505,0.00005650,18.00000000,1
1531235076479,1531235076472,1837506,0.00005650,15.00000000,1
1531235076957,1531235076953,1837507,0.00005650,13.00000000,1
1531235077346,1531235077344,1837508,0.00005650,12.00000000,1
1531235078399,1531235078397,1837509,0.00005650,10.00000000,1
1531235078966,1531235078964,1837510,0.00005650,15.00000000,1
1531235115307,1531235115304,1837511,0.00005654,55.00000000,0
1531235117738,1531235117735,1837512,0.00005660,102.00000000,0
1531235130526,1531235130526,1837513,0.00005660,15.00000000,0
1531235180518,1531235180518,1837514,0.00005644,13.00000000,1
1531235180659,1531235180657,1837515,0.00005644,15.00000000,1
1531235181131,1531235181129,1837516,0.00005644,18.00000000,1
1531235275550,1531235275549,1837517,0.00005650,28.00000000,1
1531235300225,1531235300223,1837518,0.00005651,18.00000000,1
1531235435597,1531235435597,1837519,0.00005659,61.00000000,0
1531235437336,1531235437335,1837520,0.00005665,198.00000000,0
1531235507105,1531235507103,1837521,0.00005672,1.00000000,1
1531235516275,1531235516274,1837522,0.00005679,28.00000000,0
1531235520094,1531235520098,1837523,0.00005674,1.00000000,1
1531235535597,1531235535595,1837524,0.00005676,7.00000000,1
1531235535975,1531235535974,1837525,0.00005676,7.00000000,1
1531235536110,1531235536108,1837526,0.00005680,53.00000000,0
1531235646509,1531235646508,1837527,0.00005688,3.00000000,1
1531235650842,1531235650841,1837528,0.00005689,313.00000000,1
1531235651823,1531235651823,1837529,0.00005689,875.00000000,1
1531235680837,1531235680835,1837530,0.00005690,78.00000000,1
1531235711310,1531235711309,1837531,0.00005690,2.00000000,1
1531235712997,1531235712996,1837532,0.00005690,43.00000000,1
1531235739951,1531235739951,1837533,0.00005690,18.00000000,1
1531235813540,1531235813540,1837534,0.00005692,493.00000000,0
1531235839396,1531235839395,1837535,0.00005693,84.00000000,0
1531235839396,1531235839395,1837536,0.00005694,606.00000000,0
1531235839396,1531235839395,1837537,0.00005696,46.00000000,0
1531235839396,1531235839395,1837538,0.00005697,710.00000000,0
1531235839396,1531235839395,1837539,0.00005703,130.00000000,0
1531235839398,1531235839397,1837540,0.00005703,2.00000000,0
1531236086754,1531236086754,1837541,0.00005700,34.00000000,0
1531236134606,1531236134605,1837542,0.00005700,55.00000000,0
1531236134606,1531236134605,1837543,0.00005701,54.00000000,0
1531236134606,1531236134605,1837544,0.00005703,190.00000000,0
1531236539650,1531236539650,1837545,0.00005686,7.00000000,1
1531236540827,1531236540827,1837546,0.00005685,7.00000000,1
1531236584223,1531236584222,1837547,0.00005687,174.00000000,1
1531236584223,1531236584222,1837548,0.00005686,140.00000000,1
1531236585512,1531236585512,1837549,0.00005686,71.00000000,0
1531236725807,1531236725805,1837550,0.00005662,1.00000000,1
1531236727008,1531236727009,1837551,0.00005658,1.00000000,1
1531237262591,1531237262590,1837552,0.00005665,130.00000000,1
1531237262591,1531237262590,1837553,0.00005664,245.00000000,1
1531237405835,1531237405834,1837554,0.00005685,4.00000000,0
1531237542825,1531237542825,1837555,0.00005685,126.00000000,0
1531237542825,1531237542825,1837556,0.00005686,234.00000000,0
1531237765705,1531237765704,1837557,0.00005666,35.00000000,1
1531237765705,1531237765704,1837558,0.00005664,35.00000000,1
1531237765705,1531237765704,1837559,0.00005659,266.00000000,1
1531237765705,1531237765704,1837560,0.00005658,24.00000000,1
1531238403536,1531238403534,1837561,0.00005661,14.00000000,1
1531238404724,1531238404722,1837562,0.00005659,14.00000000,1
1531238500782,1531238500780,1837563,0.00005669,92.00000000,1
1531238500782,1531238500780,1837564,0.00005659,654.00000000,1
1531238648287,1531238648284,1837565,0.00005658,456.00000000,1
1531238648383,1531238648381,1837566,0.00005658,397.00000000,1
1531238650470,1531238650468,1837567,0.00005658,92.00000000,1
1531238687170,1531238687168,1837568,0.00005658,31.00000000,1
1531238690837,1531238690832,1837569,0.00005657,41.00000000,0
1531238700708,1531238700707,1837570,0.00005655,1.00000000,0
1531238761030,1531238761029,1837571,0.00005651,528.00000000,0
1531238786700,1531238786697,1837572,0.00005644,408.00000000,1
1531238786700,1531238786697,1837573,0.00005643,2077.00000000,1
1531238820892,1531238820889,1837574,0.00005631,515.00000000,1
1531238835421,1531238835420,1837575,0.00005630,161.00000000,1
1531238835421,1531238835420,1837576,0.00005626,309.00000000,1
1531238838906,1531238838905,1837577,0.00005625,56.00000000,0
1531238846956,1531238846954,1837578,0.00005625,273.00000000,1
1531238846956,1531238846954,1837579,0.00005620,18.00000000,1
1531238846956,1531238846954,1837580,0.00005611,3534.00000000,1
1531238849582,1531238849578,1837581,0.00005601,3.00000000,1
1531238849751,1531238849750,1837582,0.00005601,3.00000000,1
1531238852573,1531238852571,1837583,0.00005601,15.00000000,1
1531238862883,1531238862882,1837584,0.00005612,134.00000000,1
1531238862884,1531238862882,1837585,0.00005600,23.00000000,1
1531238862884,1531238862882,1837586,0.00005600,30.00000000,1
1531238862885,1531238862882,1837587,0.00005600,3148.00000000,1
1531238862888,1531238862882,1837588,0.00005600,846.00000000,1
1531238862888,1531238862882,1837589,0.00005593,89.00000000,1
1531238862888,1531238862882,1837590,0.00005592,484.00000000,1
1531238862888,1531238862882,1837591,0.00005582,62.00000000,1
1531238862888,1531238862882,1837592,0.00005581,21.00000000,1
1531238862888,1531238862882,1837593,0.00005580,18.00000000,1
1531238862888,1531238862882,1837594,0.00005579,38.00000000,1
1531238862888,1531238862882,1837595,0.00005574,1436.00000000,1
1531238862888,1531238862882,1837596,0.00005570,5332.00000000,1
1531238863970,1531238863968,1837597,0.00005574,21.00000000,0
1531238865251,1531238865249,1837598,0.00005632,38.00000000,0
1531238902161,1531238902159,1837599,0.00005632,72.00000000,0
1531238921471,1531238921469,1837600,0.00005632,69.00000000,1
1531238988806,1531238988803,1837601,0.00005604,169.00000000,1
1531239019503,1531239019501,1837602,0.00005637,7.00000000,0
1531239019708,1531239019707,1837603,0.00005637,7.00000000,0
1531239030311,1531239030309,1837604,0.00005637,1.00000000,0
1531239170007,1531239170006,1837605,0.00005637,7.00000000,0
1531239273150,1531239273147,1837606,0.00005634,4.00000000,0
1531239344976,1531239344973,1837607,0.00005637,5.00000000,0
1531239365032,1531239365028,1837608,0.00005635,500.00000000,0
1531239372792,1531239372787,1837609,0.00005634,37.00000000,1
1531239393856,1531239393853,1837610,0.00005631,1.00000000,0
1531239408174,1531239408171,1837611,0.00005616,104.00000000,1
1531239443618,1531239443613,1837612,0.00005616,150.00000000,1
1531239443618,1531239443613,1837613,0.00005615,676.00000000,1
1531239443618,1531239443613,1837614,0.00005614,534.00000000,1
1531239483211,1531239483207,1837615,0.00005602,535.00000000,1
1531239483211,1531239483207,1837616,0.00005601,18.00000000,1
1531239516265,1531239516262,1837617,0.00005593,54.00000000,1
1531239522770,1531239522767,1837618,0.00005592,69.00000000,1
1531239523680,1531239523677,1837619,0.00005582,3.00000000,1
1531239523716,1531239523714,1837620,0.00005582,3.00000000,1
1531239527730,1531239527728,1837621,0.00005591,45.00000000,0
1531239554183,1531239554178,1837622,0.00005587,178.00000000,0
1531239554488,1531239554483,1837623,0.00005580,18.00000000,1
1531239554488,1531239554483,1837624,0.00005574,107.00000000,1
1531239554488,1531239554483,1837625,0.00005569,37.00000000,1
1531239557048,1531239557042,1837626,0.00005571,157.00000000,1
1531239561276,1531239561273,1837627,0.00005587,45.00000000,0
1531239567992,1531239567988,1837628,0.00005571,36.00000000,0
1531239568066,1531239568062,1837629,0.00005571,33.00000000,0
1531239571135,1531239571125,1837630,0.00005569,3.00000000,1
1531239571158,1531239571152,1837631,0.00005569,3.00000000,1
1531239584266,1531239584259,1837632,0.00005569,152.00000000,1
1531239588479,1531239588475,1837633,0.00005574,55.00000000,1
1531239630518,1531239630514,1837634,0.00005592,140.00000000,0
1531239630518,1531239630514,1837635,0.00005593,98.00000000,0
1531239633208,1531239633205,1837636,0.00005604,11.00000000,0
1531239633517,1531239633514,1837637,0.00005604,28.00000000,0
1531239633581,1531239633577,1837638,0.00005604,16.00000000,0
1531239633656,1531239633652,1837639,0.00005604,28.00000000,0
1531239633721,1531239633716,1837640,0.00005604,40.00000000,0
1531239633721,1531239633716,1837641,0.00005605,78.00000000,0
1531239633767,1531239633762,1837642,0.00005605,14.00000000,0
1531239634362,1531239634358,1837643,0.00005605,23.00000000,0
1531239634603,1531239634598,1837644,0.00005605,23.00000000,0
1531239638721,1531239638718,1837645,0.00005605,10.00000000,0
1531239638758,1531239638755,1837646,0.00005605,7.00000000,0
1531239638802,1531239638796,1837647,0.00005605,9.00000000,0
1531239638861,1531239638858,1837648,0.00005605,44.00000000,0
1531239639342,1531239639338,1837649,0.00005605,10.00000000,0
1531239639426,1531239639420,1837650,0.00005605,10.00000000,0
1531239639546,1531239639542,1837651,0.00005605,15.00000000,0
1531239639587,1531239639583,1837652,0.00005605,10.00000000,0
1531239639877,1531239639873,1837653,0.00005605,12.00000000,0
1531239639946,1531239639942,1837654,0.00005605,13.00000000,0
1531239639997,1531239639992,1837655,0.00005605,15.00000000,0
1531239640087,1531239640084,1837656,0.00005605,18.00000000,0
1531239640159,1531239640155,1837657,0.00005610,31.00000000,0
1531239643521,1531239643516,1837658,0.00005604,58.00000000,0
1531239643727,1531239643722,1837659,0.00005604,28.00000000,0
1531239643804,1531239643800,1837660,0.00005604,13.00000000,0
1531239643844,1531239643841,1837661,0.00005604,41.00000000,0
1531239643890,1531239643886,1837662,0.00005604,47.00000000,0
1531239643951,1531239643948,1837663,0.00005604,27.00000000,0
1531239644169,1531239644160,1837664,0.00005604,14.00000000,0
1531239644257,1531239644252,1837665,0.00005604,15.00000000,0
1531239644299,1531239644295,1837666,0.00005604,7.00000000,0
1531239644403,1531239644398,1837667,0.00005604,94.00000000,0
1531239644456,1531239644452,1837668,0.00005604,13.00000000,0
1531239644545,1531239644540,1837669,0.00005604,15.00000000,0
1531239644578,1531239644575,1837670,0.00005604,15.00000000,0
1531239644613,1531239644609,1837671,0.00005604,38.00000000,0
1531239644679,1531239644676,1837672,0.00005604,10.00000000,0
1531239644723,1531239644720,1837673,0.00005604,14.00000000,0
1531239644803,1531239644799,1837674,0.00005604,31.00000000,0
1531239644844,1531239644839,1837675,0.00005604,11.00000000,0
1531239644897,1531239644892,1837676,0.00005604,12.00000000,0
1531239645271,1531239645268,1837677,0.00005604,24.00000000,0
1531239645382,1531239645377,1837678,0.00005604,47.00000000,0
1531239645424,1531239645421,1837679,0.00005604,8.00000000,0
1531239645472,1531239645469,1837680,0.00005604,14.00000000,0
1531239645575,1531239645573,1837681,0.00005604,47.00000000,0
1531239645645,1531239645641,1837682,0.00005604,16.00000000,0
1531239645747,1531239645743,1837683,0.00005604,7.00000000,0
1531239646087,1531239646083,1837684,0.00005604,13.00000000,0
1531239646171,1531239646167,1837685,0.00005604,7.00000000,0
1531239646217,1531239646213,1837686,0.00005604,16.00000000,0
1531239646278,1531239646273,1837687,0.00005604,13.00000000,0
1531239646334,1531239646331,1837688,0.00005604,32.00000000,0
1531239646399,1531239646394,1837689,0.00005604,31.00000000,0
1531239646723,1531239646719,1837690,0.00005604,16.00000000,0
1531239646749,1531239646744,1837691,0.00005604,15.00000000,0
1531239646793,1531239646789,1837692,0.00005604,15.00000000,0
1531239646802,1531239646798,1837693,0.00005604,9.00000000,0
1531239646816,1531239646812,1837694,0.00005604,13.00000000,0
1531239646838,1531239646835,1837695,0.00005604,7.00000000,0
1531239646849,1531239646846,1837696,0.00005604,14.00000000,0
1531239646896,1531239646892,1837697,0.00005604,10.00000000,0
1531239646925,1531239646922,1837698,0.00005604,9.00000000,0
1531239647248,1531239647245,1837699,0.00005604,13.00000000,0
1531239647314,1531239647311,1837700,0.00005604,14.00000000,0
1531239647437,1531239647433,1837701,0.00005604,19.00000000,0
1531239647462,1531239647459,1837702,0.00005604,11.00000000,0
1531239647498,1531239647494,1837703,0.00005604,14.00000000,0
1531239647523,1531239647516,1837704,0.00005604,7.00000000,0
1531239647548,1531239647546,1837705,0.00005604,10.00000000,0
1531239647568,1531239647564,1837706,0.00005604,12.00000000,0
1531239647636,1531239647633,1837707,0.00005604,14.00000000,0
1531239647809,1531239647805,1837708,0.00005604,29.00000000,0
1531239647851,1531239647848,1837709,0.00005604,15.00000000,0
1531239647895,1531239647892,1837710,0.00005604,15.00000000,0
1531239647916,1531239647911,1837711,0.00005604,17.00000000,0
1531239647955,1531239647939,1837712,0.00005604,16.00000000,0
1531239647964,1531239647960,1837713,0.00005604,15.00000000,0
1531239647983,1531239647980,1837714,0.00005604,27.00000000,0
1531239648119,1531239648113,1837715,0.00005604,18.00000000,0
1531239648181,1531239648178,1837716,0.00005604,14.00000000,0
1531239648367,1531239648363,1837717,0.00005604,8.00000000,0
1531239648420,1531239648416,1837718,0.00005604,10.00000000,0
1531239648449,1531239648446,1837719,0.00005604,13.00000000,0
1531239648501,1531239648497,1837720,0.00005604,54.00000000,0
1531239648649,1531239648644,1837721,0.00005604,22.00000000,0
1531239648819,1531239648815,1837722,0.00005604,12.00000000,0
1531239649024,1531239649020,1837723,0.00005604,15.00000000,0
1531239649060,1531239649056,1837724,0.00005604,26.00000000,0
1531239649080,1531239649076,1837725,0.00005604,15.00000000,0
1531239649127,1531239649123,1837726,0.00005604,15.00000000,0
1531239649138,1531239649134,1837727,0.00005604,14.00000000,0
1531239649180,1531239649177,1837728,0.00005604,38.00000000,0
1531239649204,1531239649199,1837729,0.00005604,7.00000000,0
1531239649231,1531239649228,1837730,0.00005604,14.00000000,0
1531239649236,1531239649232,1837731,0.00005604,46.00000000,0
1531239649277,1531239649271,1837732,0.00005604,14.00000000,0
1531239649316,1531239649313,1837733,0.00005604,14.00000000,0
1531239649561,1531239649556,1837734,0.00005604,7.00000000,0
1531239649647,1531239649643,1837735,0.00005604,7.00000000,0
1531239649673,1531239649669,1837736,0.00005604,15.00000000,0
1531239649725,1531239649722,1837737,0.00005604,27.00000000,0
1531239649811,1531239649807,1837738,0.00005604,14.00000000,0
1531239649813,1531239649807,1837739,0.00005604,15.00000000,0
1531239649849,1531239649845,1837740,0.00005604,18.00000000,0
1531239649871,1531239649866,1837741,0.00005604,14.00000000,0
1531239649909,1531239649906,1837742,0.00005604,12.00000000,0
1531239650065,1531239650060,1837743,0.00005604,28.00000000,0
1531239650072,1531239650069,1837744,0.00005604,31.00000000,0
1531239650168,1531239650164,1837745,0.00005604,34.00000000,0
1531239650218,1531239650215,1837746,0.00005604,14.00000000,0
1531239650241,1531239650237,1837747,0.00005604,12.00000000,0
1531239650271,1531239650267,1837748,0.00005604,15.00000000,0
1531239650288,1531239650285,1837749,0.00005604,7.00000000,0
1531239650297,1531239650292,1837750,0.00005604,14.00000000,0
1531239650334,1531239650327,1837751,0.00005604,41.00000000,0
1531239650342,1531239650336,1837752,0.00005604,11.00000000,0
1531239650370,1531239650366,1837753,0.00005604,16.00000000,0
1531239650425,1531239650422,1837754,0.00005604,19.00000000,0
1531239650509,1531239650505,1837755,0.00005604,14.00000000,0
1531239650537,1531239650533,1837756,0.00005604,72.00000000,0
1531239650540,1531239650533,1837757,0.00005604,14.00000000,0
1531239650601,1531239650596,1837758,0.00005604,15.00000000,0
1531239650617,1531239650611,1837759,0.00005604,74.00000000,0
1531239650949,1531239650945,1837760,0.00005604,7.00000000,0
1531239651036,1531239651033,1837761,0.00005604,16.00000000,0
1531239651047,1531239651043,1837762,0.00005604,21.00000000,0
1531239651079,1531239651075,1837763,0.00005604,7.00000000,0
1531239651110,1531239651105,1837764,0.00005604,9.00000000,0
1531239651132,1531239651129,1837765,0.00005604,34.00000000,0
1531239651149,1531239651144,1837766,0.00005604,12.00000000,0
1531239651196,1531239651193,1837767,0.00005604,15.00000000,0
1531239651203,1531239651200,1837768,0.00005604,17.00000000,0
1531239651231,1531239651226,1837769,0.00005604,10.00000000,0
1531239651255,1531239651250,1837770,0.00005604,33.00000000,0
1531239651294,1531239651289,1837771,0.00005604,10.00000000,0
1531239651305,1531239651301,1837772,0.00005604,41.00000000,0
1531239651354,1531239651349,1837773,0.00005604,10.00000000,0
1531239651400,1531239651398,1837774,0.00005604,14.00000000,0
1531239651404,1531239651401,1837775,0.00005604,37.00000000,0
1531239651469,1531239651464,1837776,0.00005604,7.00000000,0
1531239651507,1531239651499,1837777,0.00005604,12.00000000,0
1531239651526,1531239651522,1837778,0.00005604,35.00000000,0
1531239651573,1531239651569,1837779,0.00005604,14.00000000,0
1531239651639,1531239651636,1837780,0.00005604,33.00000000,0
1531239651917,1531239651913,1837781,0.00005604,13.00000000,0
1531239651927,1531239651924,1837782,0.00005604,16.00000000,0
1531239652037,1531239652034,1837783,0.00005604,13.00000000,0
1531239652046,1531239652042,1837784,0.00005604,13.00000000,0
1531239652074,1531239652071,1837785,0.00005604,29.00000000,0
1531239652120,1531239652116,1837786,0.00005604,36.00000000,0
1531239652155,1531239652152,1837787,0.00005604,15.00000000,0
1531239652209,1531239652204,1837788,0.00005604,7.00000000,0
1531239652217,1531239652213,1837789,0.00005604,19.00000000,0
1531239652217,1531239652213,1837790,0.00005610,6.00000000,0
1531239652253,1531239652248,1837791,0.00005610,13.00000000,0
1531239652277,1531239652274,1837792,0.00005610,14.00000000,0
1531239652308,1531239652304,1837793,0.00005610,14.00000000,0
1531239652331,1531239652328,1837794,0.00005610,14.00000000,0
1531239652396,1531239652392,1837795,0.00005610,39.00000000,0
1531239652514,1531239652510,1837796,0.00005610,13.00000000,0
1531239652637,1531239652634,1837797,0.00005610,7.00000000,0
1531239652656,1531239652653,1837798,0.00005610,7.00000000,0
1531239652755,1531239652751,1837799,0.00005610,16.00000000,0
1531239652775,1531239652772,1837800,0.00005610,14.00000000,0
1531239652805,1531239652801,1837801,0.00005610,25.00000000,0
1531239652830,1531239652826,1837802,0.00005610,10.00000000,0
1531239652851,1531239652848,1837803,0.00005610,7.00000000,0
1531239652874,1531239652870,1837804,0.00005610,13.00000000,0
1531239652910,1531239652907,1837805,0.00005610,14.00000000,0
1531239665287,1531239665283,1837806,0.00005604,39.00000000,0
1531239665287,1531239665283,1837807,0.00005610,82.00000000,0
1531239723770,1531239723766,1837808,0.00005610,18.00000000,0
1531239868625,1531239868620,1837809,0.00005610,66.00000000,0
1531239913581,1531239913577,1837810,0.00005610,42.00000000,0
1531240133142,1531240133138,1837811,0.00005610,18.00000000,0
1531240160801,1531240160797,1837812,0.00005610,14.00000000,0
1531240178065,1531240178055,1837813,0.00005593,454.00000000,1
1531240181080,1531240181076,1837814,0.00005581,629.00000000,1
1531240184103,1531240184097,1837815,0.00005583,239.00000000,1
1531240184103,1531240184097,1837816,0.00005581,650.00000000,1
1531240186770,1531240186767,1837817,0.00005578,2695.00000000,1
1531240190298,1531240190292,1837818,0.00005570,281.00000000,1
1531240193330,1531240193325,1837819,0.00005569,399.00000000,1
1531240198541,1531240198535,1837820,0.00005606,5.00000000,0
1531240209530,1531240209525,1837821,0.00005606,21.00000000,0
1531240214587,1531240214583,1837822,0.00005606,20.00000000,0
1531240222647,1531240222642,1837823,0.00005606,21.00000000,0
1531240257928,1531240257922,1837824,0.00005572,4.00000000,1
1531240449168,1531240449163,1837825,0.00005602,11.00000000,0
1531240509592,1531240509586,1837826,0.00005601,21.00000000,0
1531240516791,1531240516786,1837827,0.00005601,32.00000000,0
1531240522042,1531240522036,1837828,0.00005600,21.00000000,0
1531240531573,1531240531569,1837829,0.00005600,70.00000000,0
1531240533105,1531240533101,1837830,0.00005600,177.00000000,1
1531240534759,1531240534755,1837831,0.00005600,3.00000000,1
1531240549799,1531240549793,1837832,0.00005599,597.00000000,1
1531240610715,1531240610710,1837833,0.00005600,2.00000000,0
1531240663868,1531240663864,1837834,0.00005600,5.00000000,0
1531240713574,1531240713568,1837835,0.00005600,6.00000000,0
1531240713867,1531240713860,1837836,0.00005600,159.00000000,0
1531240719676,1531240719671,1837837,0.00005600,19.00000000,1
1531240808838,1531240808832,1837838,0.00005602,21.00000000,0
1531240809148,1531240809142,1837839,0.00005602,22.00000000,0
1531240820904,1531240820898,1837840,0.00005606,21.00000000,0
1531240926977,1531240926972,1837841,0.00005606,46.00000000,0
1531241032518,1531241032514,1837842,0.00005606,90.00000000,1
1531241064328,1531241064318,1837843,0.00005606,511.00000000,1
1531241110524,1531241110517,1837844,0.00005610,21.00000000,0
1531241123064,1531241123058,1837845,0.00005610,21.00000000,0
1531241153706,1531241153701,1837846,0.00005608,183.00000000,0
1531241153706,1531241153701,1837847,0.00005609,269.00000000,0
1531241153706,1531241153701,1837848,0.00005610,548.00000000,0
1531241175315,1531241175307,1837849,0.00005606,516.00000000,1
1531241210635,1531241210631,1837850,0.00005606,187.00000000,1
1531241412364,1531241412360,1837851,0.00005608,21.00000000,0
1531241535074,1531241535069,1837852,0.00005608,197.00000000,0
1531241703095,1531241703089,1837853,0.00005608,299.00000000,1
1531241710976,1531241710971,1837854,0.00005609,21.00000000,0
1531241731910,1531241731906,1837855,0.00005608,46.00000000,1
1531241820688,1531241820683,1837856,0.00005608,85.00000000,1
1531241830365,1531241830360,1837857,0.00005605,127.00000000,1
1531241898570,1531241898563,1837858,0.00005605,373.00000000,1
1531241904643,1531241904638,1837859,0.00005604,152.00000000,1
1531241905155,1531241905149,1837860,0.00005591,38.00000000,1
1531241917195,1531241917190,1837861,0.00005604,3.00000000,0
1531241944087,1531241944082,1837862,0.00005575,40.00000000,1
1531242014902,1531242014896,1837863,0.00005604,22.00000000,0
1531242149033,1531242149028,1837864,0.00005604,281.00000000,0
1531242183862,1531242183857,1837865,0.00005604,72.00000000,0
1531242291881,1531242291878,1837866,0.00005605,3.00000000,0
1531242317764,1531242317762,1837867,0.00005605,700.00000000,0
1531242756210,1531242756205,1837868,0.00005605,252.00000000,0
1531242760939,1531242760934,1837869,0.00005605,2.00000000,0
1531243082884,1531243082878,1837870,0.00005604,28.00000000,0
1531243682171,1531243682165,1837871,0.00005604,1.00000000,0
1531243919828,1531243919820,1837872,0.00005603,125.00000000,0
1531243996666,1531243996659,1837873,0.00005601,32.00000000,0
1531244022942,1531244022935,1837874,0.00005600,3.00000000,0
1531244095297,1531244095290,1837875,0.00005581,111.00000000,1
1531244117145,1531244117137,1837876,0.00005581,62.00000000,1
1531244148994,1531244148987,1837877,0.00005581,176.00000000,1
1531244154004,1531244153997,1837878,0.00005580,4.00000000,0
1531244177954,1531244177947,1837879,0.00005580,5.00000000,0
1531244201374,1531244201366,1837880,0.00005580,229.00000000,0
1531244255015,1531244255007,1837881,0.00005580,3.00000000,0
1531244289919,1531244289909,1837882,0.00005575,10.00000000,1
1531244289919,1531244289909,1837883,0.00005570,635.00000000,1
1531244289919,1531244289909,1837884,0.00005569,303.00000000,1
1531244289919,1531244289909,1837885,0.00005566,124.00000000,1
1531244439769,1531244439761,1837886,0.00005566,23.00000000,1
1531244552021,1531244552018,1837887,0.00005567,49.00000000,1
1531244752846,1531244752838,1837888,0.00005580,1.00000000,0
1531244832932,1531244832923,1837889,0.00005580,7.00000000,0
1531244832932,1531244832923,1837890,0.00005594,172.00000000,0
1531244836424,1531244836416,1837891,0.00005594,18.00000000,0
1531244836667,1531244836660,1837892,0.00005594,15.00000000,0
1531244836926,1531244836917,1837893,0.00005594,13.00000000,0
1531244837430,1531244837420,1837894,0.00005594,13.00000000,0
1531244837619,1531244837613,1837895,0.00005593,15.00000000,0
1531244837745,1531244837736,1837896,0.00005593,15.00000000,0
1531244837863,1531244837854,1837897,0.00005593,13.00000000,0
1531244838015,1531244838003,1837898,0.00005593,15.00000000,0
1531244838140,1531244838134,1837899,0.00005593,49.00000000,0
1531244838196,1531244838187,1837900,0.00005593,4.00000000,0
1531244838196,1531244838187,1837901,0.00005594,9.00000000,0
1531244930994,1531244930987,1837902,0.00005590,72.00000000,0
1531245011367,1531245011362,1837903,0.00005590,200.00000000,0
1531245034061,1531245034051,1837904,0.00005590,123.00000000,0
1531245162465,1531245162458,1837905,0.00005591,183.00000000,1
1531245164604,1531245164598,1837906,0.00005590,291.00000000,1
1531245192049,1531245192038,1837907,0.00005590,18.00000000,1
1531245208290,1531245208283,1837908,0.00005590,1047.00000000,1
1531245272247,1531245272241,1837909,0.00005590,123.00000000,1
1531245288705,1531245288697,1837910,0.00005592,126.00000000,0
1531245607481,1531245607473,1837911,0.00005590,28.00000000,1
1531245613053,1531245613045,1837912,0.00005590,21.00000000,1
1531245958591,1531245958584,1837913,0.00005592,2.00000000,0
1531246002167,1531246002163,1837914,0.00005592,832.00000000,0
1531246271523,1531246271518,1837915,0.00005592,383.00000000,0
1531246514970,1531246514962,1837916,0.00005592,19.00000000,0
1531246731747,1531246731740,1837917,0.00005592,1.00000000,0
1531246760316,1531246760307,1837918,0.00005592,40.00000000,0
1531246870504,1531246870504,1837919,0.00005592,470.00000000,0
1531246916745,1531246916749,1837920,0.00005592,1290.00000000,0
1531246988030,1531246988024,1837921,0.00005592,2.00000000,0
1531247109903,1531247109899,1837922,0.00005604,21.00000000,0
1531247136567,1531247136565,1837923,0.00005604,1198.00000000,0
1531247147174,1531247147170,1837924,0.00005592,19.00000000,1
1531247147657,1531247147652,1837925,0.00005592,35.00000000,1
1531247148677,1531247148670,1837926,0.00005592,60.00000000,1
1531247148910,1531247148904,1837927,0.00005592,50.00000000,1
1531247150048,1531247150042,1837928,0.00005592,33.00000000,1
1531247150326,1531247150329,1837929,0.00005592,34.00000000,1
1531247150326,1531247150329,1837930,0.00005581,2.00000000,1
1531247150816,1531247150809,1837931,0.00005581,13.00000000,1
1531247151645,1531247151639,1837932,0.00005583,11.00000000,1
1531247151929,1531247151921,1837933,0.00005583,47.00000000,1
1531247152576,1531247152571,1837934,0.00005583,19.00000000,1
1531247153232,1531247153228,1837935,0.00005583,21.00000000,1
1531247153570,1531247153569,1837936,0.00005583,19.00000000,1
1531247154046,1531247154041,1837937,0.00005583,14.00000000,1
1531247154366,1531247154361,1837938,0.00005583,45.00000000,1
1531247154796,1531247154790,1837939,0.00005583,24.00000000,1
1531247155424,1531247155417,1837940,0.00005583,153.00000000,1
1531247155724,1531247155718,1837941,0.00005583,13.00000000,1
1531247156243,1531247156237,1837942,0.00005583,24.00000000,1
1531247157034,1531247157029,1837943,0.00005583,61.00000000,1
1531247157542,1531247157537,1837944,0.00005583,13.00000000,1
1531247158021,1531247158015,1837945,0.00005583,16.00000000,1
1531247158672,1531247158667,1837946,0.00005583,18.00000000,1
1531247159062,1531247159055,1837947,0.00005583,11.00000000,1
1531247159328,1531247159330,1837948,0.00005583,28.00000000,1
1531247159773,1531247159768,1837949,0.00005583,10.00000000,1
1531247160148,1531247160142,1837950,0.00005583,10.00000000,1
1531247160756,1531247160754,1837951,0.00005583,16.00000000,1
1531247161081,1531247161075,1837952,0.00005583,56.00000000,1
1531247161081,1531247161075,1837953,0.00005581,6.00000000,1
1531247161952,1531247161947,1837954,0.00005583,27.00000000,1
1531247162161,1531247162156,1837955,0.00005583,20.00000000,1
1531247162553,1531247162547,1837956,0.00005586,10.00000000,1
1531247162798,1531247162802,1837957,0.00005586,18.00000000,1
1531247163250,1531247163244,1837958,0.00005586,14.00000000,1
1531247163693,1531247163699,1837959,0.00005586,19.00000000,1
1531247163967,1531247163969,1837960,0.00005586,15.00000000,1
1531247164525,1531247164519,1837961,0.00005586,19.00000000,1
1531247164891,1531247164887,1837962,0.00005586,20.00000000,1
1531247165295,1531247165301,1837963,0.00005586,23.00000000,1
1531247166125,1531247166120,1837964,0.00005586,24.00000000,1
1531247166431,1531247166423,1837965,0.00005586,61.00000000,1
1531247251241,1531247251237,1837966,0.00005604,2.00000000,0
1531247251586,1531247251580,1837967,0.00005608,134.00000000,0
1531247266571,1531247266566,1837968,0.00005604,17.00000000,1
1531247266816,1531247266817,1837969,0.00005604,10.00000000,1
1531247267483,1531247267477,1837970,0.00005604,11.00000000,1
1531247268036,1531247268031,1837971,0.00005604,96.00000000,1
1531247268454,1531247268460,1837972,0.00005604,10.00000000,1
1531247268995,1531247268989,1837973,0.00005604,4.00000000,1
1531247268995,1531247268989,1837974,0.00005599,14.00000000,1
1531247269367,1531247269364,1837975,0.00005599,44.00000000,1
1531247269763,1531247269758,1837976,0.00005599,18.00000000,1
1531247270210,1531247270206,1837977,0.00005599,16.00000000,1
1531247270738,1531247270734,1837978,0.00005598,22.00000000,1
1531247271087,1531247271093,1837979,0.00005598,58.00000000,1
1531247271377,1531247271370,1837980,0.00005598,19.00000000,1
1531247271830,1531247271825,1837981,0.00005598,17.00000000,1
1531247272594,1531247272591,1837982,0.00005598,16.00000000,1
1531247272904,1531247272897,1837983,0.00005598,3.00000000,1
1531247272904,1531247272897,1837984,0.00005593,33.00000000,1
1531247273323,1531247273319,1837985,0.00005593,40.00000000,1
1531247273791,1531247273788,1837986,0.00005593,20.00000000,1
1531247274497,1531247274492,1837987,0.00005594,13.00000000,1
1531247275318,1531247275313,1837988,0.00005594,23.00000000,1
1531247275685,1531247275676,1837989,0.00005594,43.00000000,1
1531247276241,1531247276236,1837990,0.00005594,38.00000000,1
1531247276955,1531247276949,1837991,0.00005594,19.00000000,1
1531247277374,1531247277379,1837992,0.00005594,13.00000000,1
1531247277849,1531247277843,1837993,0.00005594,10.00000000,1
1531247278455,1531247278448,1837994,0.00005594,17.00000000,1
1531247278693,1531247278688,1837995,0.00005594,10.00000000,1
1531247279187,1531247279180,1837996,0.00005594,37.00000000,1
1531247279646,1531247279640,1837997,0.00005594,13.00000000,1
1531247280001,1531247279996,1837998,0.00005594,19.00000000,1
1531247280476,1531247280471,1837999,0.00005594,18.00000000,1
1531247280913,1531247280907,1838000,0.00005594,19.00000000,1
1531247281184,1531247281190,1838001,0.00005594,17.00000000,1
1531247281630,1531247281625,1838002,0.00005594,16.00000000,1
1531247282126,1531247282126,1838003,0.00005594,38.00000000,1
1531247282613,1531247282603,1838004,0.00005594,17.00000000,1
1531247283037,1531247283028,1838005,0.00005594,30.00000000,1
1531247283543,1531247283538,1838006,0.00005594,13.00000000,1
1531247284070,1531247284067,1838007,0.00005594,10.00000000,1
1531247284344,1531247284337,1838008,0.00005594,13.00000000,1
1531247284783,1531247284777,1838009,0.00005594,19.00000000,1
1531247293361,1531247293355,1838010,0.00005596,3.00000000,1
1531247312880,1531247312875,1838011,0.00005596,124.00000000,1
1531247313140,1531247313134,1838012,0.00005593,10.00000000,1
1531247313253,1531247313247,1838013,0.00005593,72.00000000,1
1531247313921,1531247313916,1838014,0.00005593,50.00000000,1
1531247314495,1531247314490,1838015,0.00005593,40.00000000,1
1531247315120,1531247315117,1838016,0.00005594,19.00000000,1
1531247316117,1531247316110,1838017,0.00005594,17.00000000,1
1531247316117,1531247316110,1838018,0.00005593,4.00000000,1
1531247316428,1531247316423,1838019,0.00005593,15.00000000,1
1531247316988,1531247316994,1838020,0.00005593,18.00000000,1
1531247317248,1531247317242,1838021,0.00005593,17.00000000,1
1531247317666,1531247317661,1838022,0.00005593,19.00000000,1
1531247317919,1531247317912,1838023,0.00005593,19.00000000,1
1531247318284,1531247318278,1838024,0.00005593,19.00000000,1
1531247318814,1531247318816,1838025,0.00005593,19.00000000,1
1531247319457,1531247319452,1838026,0.00005593,19.00000000,1
1531247320125,1531247320130,1838027,0.00005593,20.00000000,1
1531247320362,1531247320356,1838028,0.00005593,10.00000000,1
1531247320891,1531247320886,1838029,0.00005593,18.00000000,1
1531247321425,1531247321419,1838030,0.00005593,12.00000000,1
1531247321986,1531247321976,1838031,0.00005593,24.00000000,1
1531247322319,1531247322313,1838032,0.00005593,11.00000000,1
1531247322753,1531247322746,1838033,0.00005593,19.00000000,1
1531247323006,1531247323000,1838034,0.00005593,54.00000000,1
1531247323360,1531247323355,1838035,0.00005593,19.00000000,1
1531247323761,1531247323759,1838036,0.00005593,15.00000000,1
1531247324309,1531247324304,1838037,0.00005593,16.00000000,1
1531247324716,1531247324711,1838038,0.00005593,48.00000000,1
1531247325138,1531247325136,1838039,0.00005593,19.00000000,1
