event_time,trade_time,trade_id,price,quantity,maker
1531210356773,1531210356768,2347806,0.00001084,110.00000000,1
1531210357283,1531210357279,2347807,0.00001084,108.00000000,1
1531210357825,1531210357820,2347808,0.00001084,109.00000000,1
1531210358659,1531210358659,2347809,0.00001084,53.00000000,1
1531210359283,1531210359276,2347810,0.00001084,53.00000000,1
1531210359816,1531210359811,2347811,0.00001084,102.00000000,1
1531210360455,1531210360451,2347812,0.00001084,41.00000000,1
1531210361237,1531210361229,2347813,0.00001084,27.00000000,1
1531210361764,1531210361758,2347814,0.00001084,27.00000000,1
1531210362256,1531210362252,2347815,0.00001084,21.00000000,1
1531210362847,1531210362843,2347816,0.00001084,25.00000000,1
1531210363550,1531210363543,2347817,0.00001084,52.00000000,1
1531210364298,1531210364296,2347818,0.00001084,48.00000000,1
1531210364932,1531210364927,2347819,0.00001084,27.00000000,1
1531210365545,1531210365539,2347820,0.00001084,33.00000000,1
1531210366086,1531210366080,2347821,0.00001084,21.00000000,1
1531210366740,1531210366736,2347822,0.00001084,37.00000000,1
1531210367296,1531210367291,2347823,0.00001084,57.00000000,1
1531210367973,1531210367969,2347824,0.00001084,30.00000000,1
1531210368504,1531210368499,2347825,0.00001084,26.00000000,1
1531210368895,1531210368891,2347826,0.00001084,59.00000000,1
1531210369521,1531210369516,2347827,0.00001084,23.00000000,1
1531210370660,1531210370655,2347828,0.00001084,28.00000000,1
1531210371163,1531210371158,2347829,0.00001084,26.00000000,1
1531210371887,1531210371883,2347830,0.00001084,61.00000000,1
1531210372386,1531210372382,2347831,0.00001084,24.00000000,1
1531210372870,1531210372866,2347832,0.00001084,51.00000000,1
1531210373595,1531210373590,2347833,0.00001084,46.00000000,1
1531210374140,1531210374136,2347834,0.00001084,28.00000000,1
1531210374748,1531210374744,2347835,0.00001084,66.00000000,1
1531210375387,1531210375381,2347836,0.00001084,26.00000000,1
1531210375777,1531210375772,2347837,0.00001084,369.00000000,1
1531210376634,1531210376629,2347838,0.00001084,26.00000000,1
1531210377215,1531210377210,2347839,0.00001084,20.00000000,1
1531210377823,1531210377817,2347840,0.00001089,26.00000000,0
1531210377827,1531210377823,2347841,0.00001089,94.00000000,0
1531210377868,1531210377864,2347842,0.00001084,37.00000000,1
1531210378231,1531210378229,2347843,0.00001084,109.00000000,1
1531210378922,1531210378918,2347844,0.00001084,98.00000000,1
1531210420508,1531210420503,2347845,0.00001084,25.00000000,1
1531210421301,1531210421297,2347846,0.00001084,28.00000000,1
1531210421858,1531210421854,2347847,0.00001084,37.00000000,1
1531210422660,1531210422655,2347848,0.00001084,228.00000000,1
1531210423076,1531210423071,2347849,0.00001084,53.00000000,1
1531210423716,1531210423713,2347850,0.00001084,32.00000000,1
1531210424314,1531210424310,2347851,0.00001084,87.00000000,1
1531210424987,1531210424981,2347852,0.00001084,27.00000000,1
1531210425520,1531210425516,2347853,0.00001084,79.00000000,1
1531210426174,1531210426170,2347854,0.00001084,45.00000000,1
1531210426801,1531210426794,2347855,0.00001084,50.00000000,1
1531210427312,1531210427307,2347856,0.00001084,75.00000000,1
1531210427833,1531210427827,2347857,0.00001084,96.00000000,1
1531210428343,1531210428339,2347858,0.00001084,82.00000000,1
1531210429040,1531210429035,2347859,0.00001084,56.00000000,1
1531210429524,1531210429520,2347860,0.00001084,20.00000000,1
1531210430204,1531210430200,2347861,0.00001084,55.00000000,1
1531210430737,1531210430732,2347862,0.00001084,28.00000000,1
1531210431181,1531210431175,2347863,0.00001084,9.00000000,1
1531210431181,1531210431175,2347864,0.00001082,31.00000000,1
1531210431713,1531210431708,2347865,0.00001084,26.00000000,1
1531210432397,1531210432394,2347866,0.00001084,52.00000000,1
1531210432947,1531210432943,2347867,0.00001084,25.00000000,1
1531210433684,1531210433680,2347868,0.00001084,30.00000000,1
1531210434193,1531210434187,2347869,0.00001084,51.00000000,1
1531210434739,1531210434735,2347870,0.00001084,53.00000000,1
1531210435174,1531210435169,2347871,0.00001084,29.00000000,1
1531210435740,1531210435735,2347872,0.00001084,19.00000000,1
1531210436188,1531210436183,2347873,0.00001084,19.00000000,1
1531210436814,1531210436809,2347874,0.00001084,52.00000000,1
1531210437020,1531210437015,2347875,0.00001085,455.00000000,0
1531210437765,1531210437760,2347876,0.00001084,150.00000000,1
1531210438318,1531210438313,2347877,0.00001084,27.00000000,1
1531210438867,1531210438863,2347878,0.00001084,24.00000000,1
1531210439383,1531210439379,2347879,0.00001084,27.00000000,1
1531210439892,1531210439887,2347880,0.00001084,55.00000000,1
1531210440736,1531210440732,2347881,0.00001084,33.00000000,1
1531210441279,1531210441276,2347882,0.00001084,26.00000000,1
1531210441525,1531210441521,2347883,0.00001085,2154.00000000,0
1531210441835,1531210441830,2347884,0.00001084,73.00000000,1
1531210442544,1531210442540,2347885,0.00001084,1072.00000000,1
1531210442744,1531210442740,2347886,0.00001084,19.00000000,1
1531210443208,1531210443205,2347887,0.00001084,23.00000000,1
1531210445143,1531210445138,2347888,0.00001085,265.00000000,1
1531210489620,1531210489616,2347889,0.00001088,18.00000000,0
1531210560085,1531210560080,2347890,0.00001094,23.00000000,0
1531210582149,1531210582143,2347891,0.00001089,37.00000000,0
1531210640684,1531210640679,2347892,0.00001094,14.00000000,0
1531210713740,1531210713735,2347893,0.00001090,64.00000000,0
1531210716170,1531210716167,2347894,0.00001083,95.00000000,1
1531210716170,1531210716167,2347895,0.00001082,6.00000000,1
1531210729762,1531210729758,2347896,0.00001084,52.00000000,1
1531210730691,1531210730688,2347897,0.00001084,20.00000000,1
1531210731482,1531210731477,2347898,0.00001082,26.00000000,1
1531210731977,1531210731971,2347899,0.00001082,39.00000000,1
1531210732145,1531210732141,2347900,0.00001082,43.00000000,1
1531210732521,1531210732517,2347901,0.00001082,68.00000000,1
1531210732521,1531210732517,2347902,0.00001081,103.00000000,1
1531210732851,1531210732847,2347903,0.00001081,39.00000000,1
1531210733127,1531210733124,2347904,0.00001083,21.00000000,1
1531210733545,1531210733542,2347905,0.00001083,27.00000000,1
1531210733747,1531210733742,2347906,0.00001083,25.00000000,1
1531210734037,1531210734033,2347907,0.00001083,54.00000000,1
1531210734305,1531210734301,2347908,0.00001083,28.00000000,1
1531210756850,1531210756846,2347909,0.00001091,34.00000000,0
1531210757074,1531210757068,2347910,0.00001083,3105.00000000,1
1531210800472,1531210800468,2347911,0.00001083,103.00000000,1
1531210806396,1531210806390,2347912,0.00001088,908.00000000,1
1531210806607,1531210806602,2347913,0.00001088,5234.00000000,1
1531210820429,1531210820424,2347914,0.00001088,101.00000000,1
1531210827832,1531210827828,2347915,0.00001088,4489.00000000,1
1531210885512,1531210885510,2347916,0.00001091,1747.00000000,1
1531210896506,1531210896500,2347917,0.00001090,6389.00000000,0
1531210896506,1531210896500,2347918,0.00001091,332.00000000,0
1531210899833,1531210899828,2347919,0.00001089,3.00000000,0
1531210941339,1531210941334,2347920,0.00001083,101.00000000,1
1531211052055,1531211052051,2347921,0.00001082,1838.00000000,1
1531211063418,1531211063417,2347922,0.00001088,98.00000000,0
1531211101625,1531211101625,2347923,0.00001088,3.00000000,0
1531211101625,1531211101625,2347924,0.00001089,3.00000000,0
1531211119275,1531211119270,2347925,0.00001082,238.00000000,1
1531211132774,1531211132768,2347926,0.00001089,1497.00000000,0
1531211132799,1531211132800,2347927,0.00001089,883.00000000,1
1531211132801,1531211132800,2347928,0.00001083,646.00000000,1
1531211132801,1531211132800,2347929,0.00001082,237.00000000,1
1531211161178,1531211161173,2347930,0.00001083,563.00000000,1
1531211169075,1531211169071,2347931,0.00001090,92.00000000,0
1531211244856,1531211244852,2347932,0.00001090,3.00000000,0
1531211324839,1531211324833,2347933,0.00001089,229.00000000,0
1531211425677,1531211425672,2347934,0.00001085,551.00000000,0
1531211467142,1531211467137,2347935,0.00001090,6.00000000,0
1531211572196,1531211572191,2347936,0.00001090,6.00000000,0
1531211630828,1531211630824,2347937,0.00001090,3.00000000,0
1531211658120,1531211658116,2347938,0.00001086,918.00000000,1
1531211714047,1531211714042,2347939,0.00001086,324.00000000,1
1531211755501,1531211755495,2347940,0.00001090,6.00000000,0
1531211793650,1531211793644,2347941,0.00001089,8.00000000,0
1531211796649,1531211796645,2347942,0.00001089,1.00000000,0
1531211824997,1531211824992,2347943,0.00001086,14.00000000,1
1531211894236,1531211894231,2347944,0.00001087,360.00000000,1
1531211924840,1531211924838,2347945,0.00001086,217.00000000,1
1531212126658,1531212126652,2347946,0.00001088,1.00000000,1
1531212140598,1531212140593,2347947,0.00001091,12.00000000,0
1531212164746,1531212164742,2347948,0.00001088,1.00000000,1
1531212230313,1531212230308,2347949,0.00001088,5.00000000,1
1531212288696,1531212288692,2347950,0.00001088,3000.00000000,1
1531212398794,1531212398790,2347951,0.00001088,7.00000000,1
1531212468057,1531212468053,2347952,0.00001088,1.00000000,1
1531212522122,1531212522117,2347953,0.00001088,245.00000000,1
1531212544451,1531212544447,2347954,0.00001091,3.00000000,0
1531212575089,1531212575085,2347955,0.00001088,335.00000000,1
1531212575383,1531212575380,2347956,0.00001088,335.00000000,1
1531212576732,1531212576728,2347957,0.00001091,98.00000000,0
1531212597907,1531212597900,2347958,0.00001088,2420.00000000,1
1531212597907,1531212597900,2347959,0.00001086,8061.00000000,1
1531212597907,1531212597900,2347960,0.00001082,369.00000000,1
1531212597907,1531212597900,2347961,0.00001081,1615.00000000,1
1531212597907,1531212597900,2347962,0.00001080,5275.00000000,1
1531212597907,1531212597900,2347963,0.00001079,3032.00000000,1
1531212597907,1531212597900,2347964,0.00001078,546.00000000,1
1531212597907,1531212597900,2347965,0.00001077,1652.00000000,1
1531212599235,1531212599229,2347966,0.00001084,905.00000000,0
1531212599235,1531212599229,2347967,0.00001087,369.00000000,0
1531212599235,1531212599229,2347968,0.00001088,1285.00000000,0
1531212599235,1531212599229,2347969,0.00001089,508.00000000,0
1531212599235,1531212599229,2347970,0.00001090,1219.00000000,0
1531212599235,1531212599229,2347971,0.00001091,7000.00000000,0
1531212609664,1531212609663,2347972,0.00001089,2.00000000,0
1531212615985,1531212615978,2347973,0.00001081,369.00000000,1
1531212615985,1531212615978,2347974,0.00001080,9259.00000000,1
1531212615985,1531212615978,2347975,0.00001078,1258.00000000,1
1531212615985,1531212615978,2347976,0.00001077,11788.00000000,1
1531212615996,1531212615993,2347977,0.00001077,297.00000000,0
1531212616038,1531212616034,2347978,0.00001087,297.00000000,0
1531212617812,1531212617810,2347979,0.00001082,267.00000000,0
1531212617841,1531212617837,2347980,0.00001082,279.00000000,0
1531212658718,1531212658713,2347981,0.00001081,935.00000000,1
1531212659617,1531212659613,2347982,0.00001081,159.00000000,1
1531212671177,1531212671173,2347983,0.00001078,94.00000000,1
1531212674285,1531212674279,2347984,0.00001084,157.00000000,0
1531212738024,1531212738019,2347985,0.00001085,3.00000000,0
1531212762221,1531212762215,2347986,0.00001083,1500.00000000,1
1531212762221,1531212762215,2347987,0.00001079,4057.00000000,1
1531212787816,1531212787811,2347988,0.00001085,540.00000000,1
1531212914775,1531212914773,2347989,0.00001086,3.00000000,0
1531212927961,1531212927956,2347990,0.00001082,3.00000000,1
1531213135999,1531213135994,2347991,0.00001086,1290.00000000,0
1531213136460,1531213136455,2347992,0.00001086,86.00000000,1
1531213136937,1531213136931,2347993,0.00001084,17.00000000,0
1531213155460,1531213155457,2347994,0.00001086,1.00000000,0
1531213167222,1531213167217,2347995,0.00001084,100.00000000,0
1531213230400,1531213230397,2347996,0.00001081,9.00000000,1
1531213234126,1531213234121,2347997,0.00001087,7884.00000000,0
1531213234484,1531213234479,2347998,0.00001087,547.00000000,1
1531213234880,1531213234875,2347999,0.00001088,285.00000000,0
1531213235886,1531213235882,2348000,0.00001089,524.00000000,0
1531213239173,1531213239168,2348001,0.00001087,682.00000000,1
1531213240888,1531213240885,2348002,0.00001087,713.00000000,1
1531213246886,1531213246882,2348003,0.00001088,1257.00000000,1
1531213247311,1531213247307,2348004,0.00001088,2531.00000000,1
1531213286051,1531213286046,2348005,0.00001091,100.00000000,0
1531213286852,1531213286847,2348006,0.00001082,4.00000000,1
1531213319885,1531213319879,2348007,0.00001091,284.00000000,0
1531213319885,1531213319879,2348008,0.00001092,93.00000000,0
1531213319885,1531213319879,2348009,0.00001093,1542.00000000,0
1531213319903,1531213319899,2348010,0.00001093,9748.00000000,1
1531213320459,1531213320453,2348011,0.00001093,154.00000000,1
1531213321463,1531213321457,2348012,0.00001094,2000.00000000,1
1531213346580,1531213346575,2348013,0.00001094,1644.00000000,1
1531213348304,1531213348300,2348014,0.00001094,15.00000000,1
1531213348304,1531213348300,2348015,0.00001093,3.00000000,1
1531213349126,1531213349122,2348016,0.00001094,97.00000000,1
1531213349543,1531213349538,2348017,0.00001094,1210.00000000,1
1531213363270,1531213363265,2348018,0.00001093,4286.00000000,1
1531213378580,1531213378576,2348019,0.00001093,1.00000000,1
1531213382616,1531213382610,2348020,0.00001095,1352.00000000,0
1531213382616,1531213382610,2348021,0.00001096,698.00000000,0
1531213382616,1531213382610,2348022,0.00001097,1825.00000000,0
1531213464574,1531213464571,2348023,0.00001093,30455.00000000,1
1531213473604,1531213473601,2348024,0.00001093,6343.00000000,1
1531213473964,1531213473961,2348025,0.00001093,2873.00000000,1
1531213513477,1531213513472,2348026,0.00001093,42.00000000,1
1531213537217,1531213537214,2348027,0.00001096,123.00000000,0
1531213540251,1531213540245,2348028,0.00001096,1.00000000,0
1531213590657,1531213590653,2348029,0.00001095,476.00000000,0
1531213599829,1531213599826,2348030,0.00001093,544.00000000,1
1531213600104,1531213600099,2348031,0.00001093,545.00000000,1
1531213634880,1531213634875,2348032,0.00001093,908.00000000,1
1531213648192,1531213648187,2348033,0.00001093,63.00000000,1
1531213651187,1531213651183,2348034,0.00001093,189.00000000,1
1531213651277,1531213651273,2348035,0.00001093,1077.00000000,1
1531213694401,1531213694397,2348036,0.00001093,2.00000000,1
1531213733242,1531213733236,2348037,0.00001093,1841.00000000,1
1531213733311,1531213733306,2348038,0.00001093,479.00000000,1
1531213793496,1531213793492,2348039,0.00001087,302.00000000,1
1531213795644,1531213795641,2348040,0.00001091,100.00000000,0
1531213830808,1531213830804,2348041,0.00001090,1400.00000000,0
1531213833816,1531213833813,2348042,0.00001091,302.00000000,0
1531213865225,1531213865218,2348043,0.00001088,331.00000000,1
1531213867194,1531213867188,2348044,0.00001088,209.00000000,1
1531213867194,1531213867188,2348045,0.00001087,122.00000000,1
1531213868063,1531213868058,2348046,0.00001087,432.00000000,1
1531213870082,1531213870077,2348047,0.00001087,331.00000000,1
1531213875316,1531213875311,2348048,0.00001087,115.00000000,1
1531213875316,1531213875311,2348049,0.00001085,212.00000000,1
1531213895050,1531213895044,2348050,0.00001085,147.00000000,1
1531213896280,1531213896275,2348051,0.00001085,9.00000000,1
1531214015682,1531214015676,2348052,0.00001090,529.00000000,0
1531214019774,1531214019770,2348053,0.00001089,463.00000000,1
1531214034576,1531214034572,2348054,0.00001086,200.00000000,1
1531214034576,1531214034572,2348055,0.00001085,719.00000000,1
1531214039759,1531214039754,2348056,0.00001085,6.00000000,1
1531214050639,1531214050634,2348057,0.00001085,617.00000000,1
1531214061663,1531214061658,2348058,0.00001089,2.00000000,0
1531214131279,1531214131273,2348059,0.00001085,428.00000000,1
1531214134740,1531214134735,2348060,0.00001085,11.00000000,1
1531214194519,1531214194515,2348061,0.00001085,10.00000000,1
1531214228105,1531214228101,2348062,0.00001085,2113.00000000,1
1531214252193,1531214252189,2348063,0.00001085,288.00000000,1
1531214252193,1531214252189,2348064,0.00001083,173.00000000,1
1531214292491,1531214292486,2348065,0.00001083,12.00000000,1
1531214342600,1531214342596,2348066,0.00001089,3.00000000,0
1531214434554,1531214434550,2348067,0.00001083,1.00000000,1
1531214481957,1531214481953,2348068,0.00001083,1664.00000000,1
1531214481957,1531214481953,2348069,0.00001082,432.00000000,1
1531214481957,1531214481953,2348070,0.00001081,1102.00000000,1
1531214481957,1531214481953,2348071,0.00001080,6825.00000000,1
1531214517947,1531214517942,2348072,0.00001082,934.00000000,1
1531214533653,1531214533648,2348073,0.00001082,2046.00000000,1
1531214533685,1531214533681,2348074,0.00001082,533.00000000,0
1531214533697,1531214533693,2348075,0.00001082,149.00000000,0
1531214539609,1531214539606,2348076,0.00001080,103.00000000,1
1531214541413,1531214541409,2348077,0.00001088,15.00000000,0
1531214579414,1531214579410,2348078,0.00001080,784.00000000,1
1531214581272,1531214581268,2348079,0.00001080,1535.00000000,1
1531214583021,1531214583016,2348080,0.00001080,2131.00000000,1
1531214648329,1531214648325,2348081,0.00001082,211.00000000,0
1531214652566,1531214652561,2348082,0.00001079,954.00000000,1
1531214662179,1531214662176,2348083,0.00001087,92.00000000,0
1531214682848,1531214682844,2348084,0.00001087,1.00000000,0
1531214720261,1531214720255,2348085,0.00001080,94.00000000,1
1531214774577,1531214774573,2348086,0.00001080,15.00000000,1
1531214797314,1531214797310,2348087,0.00001080,170.00000000,1
1531214797314,1531214797310,2348088,0.00001078,186.00000000,1
1531214797314,1531214797310,2348089,0.00001077,518.00000000,1
1531214855815,1531214855812,2348090,0.00001079,239.00000000,1
1531214857489,1531214857484,2348091,0.00001087,552.00000000,0
1531214858290,1531214858287,2348092,0.00001087,184.00000000,0
1531214860782,1531214860778,2348093,0.00001087,6.00000000,0
1531214861302,1531214861298,2348094,0.00001087,748.00000000,0
1531214861302,1531214861298,2348095,0.00001088,172.00000000,0
1531214861525,1531214861521,2348096,0.00001088,920.00000000,0
1531214861665,1531214861659,2348097,0.00001088,414.00000000,0
1531214863460,1531214863456,2348098,0.00001088,184.00000000,0
1531214863476,1531214863472,2348099,0.00001088,920.00000000,0
1531214864782,1531214864777,2348100,0.00001079,920.00000000,1
1531214864912,1531214864908,2348101,0.00001088,448.00000000,0
1531214864912,1531214864908,2348102,0.00001089,233.00000000,0
1531214866645,1531214866639,2348103,0.00001079,5.00000000,1
1531214989264,1531214989260,2348104,0.00001089,2.00000000,0
1531214993551,1531214993546,2348105,0.00001089,200.00000000,0
1531215005898,1531215005894,2348106,0.00001085,612.00000000,1
1531215007579,1531215007575,2348107,0.00001085,523.00000000,1
1531215007713,1531215007710,2348108,0.00001085,708.00000000,1
1531215011150,1531215011146,2348109,0.00001085,97.00000000,0
1531215011221,1531215011217,2348110,0.00001085,18.00000000,0
1531215011636,1531215011631,2348111,0.00001085,553.00000000,0
1531215013631,1531215013626,2348112,0.00001085,1024.00000000,1
1531215018014,1531215017982,2348113,0.00001085,41.00000000,1
1531215018398,1531215018394,2348114,0.00001085,2.00000000,1
1531215019651,1531215019646,2348115,0.00001088,162.00000000,0
1531215041204,1531215041200,2348116,0.00001087,2740.00000000,0
1531215041204,1531215041200,2348117,0.00001088,9066.00000000,0
1531215076005,1531215076002,2348118,0.00001088,220.00000000,0
1531215078983,1531215078979,2348119,0.00001087,163.00000000,0
1531215143656,1531215143650,2348120,0.00001085,21.00000000,1
1531215148448,1531215148444,2348121,0.00001080,13.00000000,1
1531215167229,1531215167224,2348122,0.00001080,101.00000000,1
1531215179818,1531215179815,2348123,0.00001080,94.00000000,1
1531215207866,1531215207862,2348124,0.00001082,1.00000000,1
1531215208945,1531215208941,2348125,0.00001082,30.00000000,1
1531215210242,1531215210237,2348126,0.00001081,31.00000000,1
1531215227529,1531215227524,2348127,0.00001081,2.00000000,1
1531215377605,1531215377600,2348128,0.00001088,93.00000000,0
1531215517493,1531215517488,2348129,0.00001079,13.00000000,1
1531215518050,1531215518045,2348130,0.00001079,11.00000000,1
1531215571680,1531215571676,2348131,0.00001080,115.00000000,1
1531215586733,1531215586730,2348132,0.00001080,500.00000000,1
1531215595205,1531215595200,2348133,0.00001086,555.00000000,0
1531215595205,1531215595200,2348134,0.00001088,5069.00000000,0
1531215615804,1531215615800,2348135,0.00001082,600.00000000,1
1531215659540,1531215659534,2348136,0.00001080,5513.00000000,1
1531215659540,1531215659534,2348137,0.00001078,416.00000000,1
1531215659540,1531215659534,2348138,0.00001077,1986.00000000,1
1531215659540,1531215659534,2348139,0.00001076,5689.00000000,1
1531215689556,1531215689551,2348140,0.00001081,160.00000000,1
1531215703884,1531215703880,2348141,0.00001081,1843.00000000,1
1531215710226,1531215710221,2348142,0.00001084,5285.00000000,0
1531215730125,1531215730122,2348143,0.00001081,247.00000000,1
1531215744999,1531215744994,2348144,0.00001086,2.00000000,0
1531215900296,1531215900291,2348145,0.00001080,1159.00000000,1
1531215923027,1531215923023,2348146,0.00001079,342.00000000,1
1531215930232,1531215930227,2348147,0.00001079,3252.00000000,0
1531215932324,1531215932320,2348148,0.00001086,73.00000000,0
1531215978404,1531215978399,2348149,0.00001086,39.00000000,0
1531215985186,1531215985182,2348150,0.00001086,7.00000000,0
1531216004005,1531216004003,2348151,0.00001086,4.00000000,0
1531216012408,1531216012404,2348152,0.00001086,2.00000000,0
1531216028806,1531216028802,2348153,0.00001085,60.00000000,0
1531216100282,1531216100279,2348154,0.00001085,500.00000000,0
1531216131795,1531216131791,2348155,0.00001085,51.00000000,0
1531216132196,1531216132193,2348156,0.00001085,1.00000000,0
1531216138756,1531216138753,2348157,0.00001079,5152.00000000,1
1531216140399,1531216140394,2348158,0.00001076,920.00000000,1
1531216140882,1531216140878,2348159,0.00001076,13.00000000,1
1531216140937,1531216140932,2348160,0.00001076,16.00000000,1
1531216152687,1531216152682,2348161,0.00001078,77.00000000,0
1531216154353,1531216154347,2348162,0.00001076,5464.00000000,1
1531216154381,1531216154376,2348163,0.00001076,1020.00000000,0
1531216154411,1531216154406,2348164,0.00001076,1020.00000000,0
1531216154416,1531216154410,2348165,0.00001076,213.00000000,0
1531216154790,1531216154786,2348166,0.00001076,5272.00000000,0
1531216157581,1531216157577,2348167,0.00001074,882.00000000,1
1531216161662,1531216161657,2348168,0.00001074,901.00000000,1
1531216169386,1531216169382,2348169,0.00001073,16.00000000,1
1531216169442,1531216169439,2348170,0.00001073,13.00000000,1
1531216183965,1531216183961,2348171,0.00001074,886.00000000,1
1531216189120,1531216189117,2348172,0.00001074,746.00000000,1
1531216189901,1531216189897,2348173,0.00001073,865.00000000,1
1531216195169,1531216195165,2348174,0.00001074,95.00000000,0
1531216197191,1531216197186,2348175,0.00001078,575.00000000,0
1531216210057,1531216210049,2348176,0.00001078,101.00000000,0
1531216213701,1531216213697,2348177,0.00001075,940.00000000,1
1531216225978,1531216225973,2348178,0.00001078,4.00000000,0
1531216228074,1531216228070,2348179,0.00001078,6.00000000,0
1531216293812,1531216293808,2348180,0.00001078,4575.00000000,0
1531216293812,1531216293808,2348181,0.00001086,5425.00000000,0
1531216325084,1531216325079,2348182,0.00001086,4.00000000,0
1531216331189,1531216331184,2348183,0.00001078,93.00000000,0
1531216370419,1531216370416,2348184,0.00001078,93.00000000,0
1531216376533,1531216376529,2348185,0.00001077,52.00000000,1
1531216416457,1531216416453,2348186,0.00001081,2.00000000,1
1531216417657,1531216417654,2348187,0.00001076,2.00000000,1
1531216460050,1531216460047,2348188,0.00001079,3966.00000000,1
1531216484536,1531216484530,2348189,0.00001079,41.00000000,1
1531216499207,1531216499202,2348190,0.00001083,100.00000000,0
1531216592675,1531216592669,2348191,0.00001079,1602.00000000,1
1531216595235,1531216595231,2348192,0.00001079,38.00000000,1
1531216617718,1531216617715,2348193,0.00001082,280.00000000,0
1531216635478,1531216635472,2348194,0.00001079,91.00000000,1
1531216635478,1531216635472,2348195,0.00001076,71.00000000,1
1531216649534,1531216649530,2348196,0.00001077,12.00000000,1
1531216668111,1531216668106,2348197,0.00001082,101.00000000,0
1531216673453,1531216673448,2348198,0.00001075,3.00000000,1
1531216703690,1531216703686,2348199,0.00001075,57.00000000,1
1531216806367,1531216806361,2348200,0.00001078,34.00000000,1
1531216807590,1531216807586,2348201,0.00001075,34.00000000,1
1531216825314,1531216825310,2348202,0.00001077,341.00000000,1
1531216834263,1531216834260,2348203,0.00001077,3874.00000000,1
1531216834263,1531216834260,2348204,0.00001075,683.00000000,1
1531216844859,1531216844855,2348205,0.00001075,4.00000000,1
1531216883792,1531216883789,2348206,0.00001075,188.00000000,1
1531216886116,1531216886112,2348207,0.00001086,100.00000000,0
1531216914219,1531216914214,2348208,0.00001086,100.00000000,0
1531216936603,1531216936599,2348209,0.00001075,13.00000000,1
1531216956965,1531216956961,2348210,0.00001076,12.00000000,1
1531216963448,1531216963444,2348211,0.00001076,11.00000000,1
1531216964650,1531216964647,2348212,0.00001075,23.00000000,1
1531217022316,1531217022311,2348213,0.00001085,1494.00000000,0
1531217022316,1531217022311,2348214,0.00001086,1655.00000000,0
1531217049766,1531217049762,2348215,0.00001079,598.00000000,1
1531217049766,1531217049762,2348216,0.00001076,360.00000000,1
1531217050727,1531217050723,2348217,0.00001076,522.00000000,0
1531217050744,1531217050739,2348218,0.00001076,2439.00000000,0
1531217050744,1531217050739,2348219,0.00001086,522.00000000,0
1531217057511,1531217057507,2348220,0.00001080,360.00000000,1
1531217062998,1531217062994,2348221,0.00001075,1377.00000000,1
1531217063026,1531217063021,2348222,0.00001075,1644.00000000,1
1531217063030,1531217063025,2348223,0.00001075,1644.00000000,1
1531217067879,1531217067875,2348224,0.00001077,360.00000000,1
1531217067879,1531217067875,2348225,0.00001076,1420.00000000,1
1531217069144,1531217069140,2348226,0.00001085,101.00000000,0
1531217072362,1531217072357,2348227,0.00001078,1780.00000000,1
1531217078254,1531217078251,2348228,0.00001080,93.00000000,1
1531217098158,1531217098153,2348229,0.00001083,100.00000000,0
1531217141338,1531217141334,2348230,0.00001082,397.00000000,0
1531217141338,1531217141334,2348231,0.00001083,229.00000000,0
1531217142896,1531217142892,2348232,0.00001083,374.00000000,1
1531217244144,1531217244140,2348233,0.00001080,114.00000000,0
1531217324440,1531217324435,2348234,0.00001080,55.00000000,0
1531217374962,1531217374958,2348235,0.00001080,551.00000000,0
1531217473577,1531217473572,2348236,0.00001082,1.00000000,0
1531217503208,1531217503203,2348237,0.00001079,2762.00000000,0
1531217503208,1531217503203,2348238,0.00001080,5838.00000000,0
1531217586020,1531217586016,2348239,0.00001078,2.00000000,0
1531217590371,1531217590365,2348240,0.00001076,545.00000000,1
1531217592637,1531217592633,2348241,0.00001076,405.00000000,1
1531217593589,1531217593584,2348242,0.00001076,256.00000000,1
1531217594076,1531217594073,2348243,0.00001076,545.00000000,1
1531217601683,1531217601679,2348244,0.00001077,74.00000000,0
1531217603225,1531217603220,2348245,0.00001076,331.00000000,1
1531217606172,1531217606169,2348246,0.00001076,353.00000000,1
1531217614355,1531217614351,2348247,0.00001076,52.00000000,0
1531217614355,1531217614351,2348248,0.00001080,11.00000000,0
1531217617759,1531217617755,2348249,0.00001080,3035.00000000,0
1531217633644,1531217633639,2348250,0.00001075,11.00000000,1
1531217664166,1531217664162,2348251,0.00001080,2000.00000000,0
1531217697745,1531217697742,2348252,0.00001080,5101.00000000,0
1531217699448,1531217699442,2348253,0.00001078,723.00000000,0
1531217710036,1531217710031,2348254,0.00001075,38.00000000,1
1531217760633,1531217760628,2348255,0.00001080,101.00000000,0
1531217811092,1531217811086,2348256,0.00001080,175.00000000,0
1531217817593,1531217817589,2348257,0.00001080,10.00000000,0
1531217819052,1531217819047,2348258,0.00001080,101.00000000,0
1531217907159,1531217907154,2348259,0.00001080,101.00000000,0
1531217910509,1531217910504,2348260,0.00001076,58.00000000,1
1531217941717,1531217941712,2348261,0.00001080,7.00000000,0
1531217991486,1531217991480,2348262,0.00001079,101.00000000,0
1531218008035,1531218008031,2348263,0.00001078,5.00000000,1
1531218009272,1531218009269,2348264,0.00001078,430.00000000,1
1531218011685,1531218011680,2348265,0.00001078,105.00000000,1
1531218011685,1531218011680,2348266,0.00001076,246.00000000,1
1531218011685,1531218011680,2348267,0.00001075,1036.00000000,1
1531218029907,1531218029903,2348268,0.00001076,540.00000000,1
1531218029907,1531218029903,2348269,0.00001075,239.00000000,1
1531218077359,1531218077354,2348270,0.00001079,581.00000000,0
1531218085122,1531218085116,2348271,0.00001075,3944.00000000,1
1531218087372,1531218087366,2348272,0.00001078,540.00000000,0
1531218092276,1531218092270,2348273,0.00001079,598.00000000,0
1531218106534,1531218106529,2348274,0.00001079,18.00000000,1
1531218117659,1531218117655,2348275,0.00001080,638.00000000,0
1531218117678,1531218117673,2348276,0.00001080,186.00000000,0
1531218117683,1531218117678,2348277,0.00001080,638.00000000,0
1531218117696,1531218117691,2348278,0.00001080,638.00000000,0
1531218122320,1531218122316,2348279,0.00001079,638.00000000,1
1531218157081,1531218157077,2348280,0.00001080,101.00000000,0
1531218185653,1531218185649,2348281,0.00001080,3205.00000000,0
1531218214156,1531218214151,2348282,0.00001083,100.00000000,0
1531218238082,1531218238077,2348283,0.00001079,2.00000000,1
1531218273095,1531218273092,2348284,0.00001083,870.00000000,0
1531218279265,1531218279262,2348285,0.00001079,1577.00000000,1
1531218282482,1531218282477,2348286,0.00001079,7.00000000,0
1531218284954,1531218284948,2348287,0.00001075,638.00000000,1
1531218305133,1531218305128,2348288,0.00001079,1079.00000000,0
1531218306141,1531218306137,2348289,0.00001079,1079.00000000,0
1531218327161,1531218327155,2348290,0.00001079,452.00000000,0
1531218354142,1531218354138,2348291,0.00001079,101.00000000,0
1531218387580,1531218387575,2348292,0.00001079,2.00000000,1
1531218406114,1531218406110,2348293,0.00001083,233.00000000,0
1531218420005,1531218419999,2348294,0.00001076,69.00000000,1
1531218437049,1531218437044,2348295,0.00001083,138.00000000,0
1531218438547,1531218438543,2348296,0.00001083,104.00000000,0
1531218446189,1531218446185,2348297,0.00001078,96.00000000,1
1531218453398,1531218453396,2348298,0.00001085,104.00000000,1
1531218455001,1531218454997,2348299,0.00001080,2.00000000,1
1531218458103,1531218458097,2348300,0.00001084,104.00000000,1
1531218461311,1531218461307,2348301,0.00001080,16.00000000,1
1531218469077,1531218469072,2348302,0.00001086,148.00000000,0
1531218498260,1531218498252,2348303,0.00001086,1022.00000000,0
1531218498260,1531218498252,2348304,0.00001088,285.00000000,0
1531218498260,1531218498252,2348305,0.00001089,4917.00000000,0
1531218498260,1531218498252,2348306,0.00001090,111.00000000,0
1531218498260,1531218498252,2348307,0.00001091,494.00000000,0
1531218498260,1531218498252,2348308,0.00001092,92.00000000,0
1531218498260,1531218498252,2348309,0.00001093,725.00000000,0
1531218498260,1531218498252,2348310,0.00001094,54.00000000,0
1531218508806,1531218508801,2348311,0.00001094,64.00000000,0
1531218548505,1531218548500,2348312,0.00001085,82.00000000,1
1531218549689,1531218549684,2348313,0.00001083,82.00000000,1
1531218586729,1531218586723,2348314,0.00001086,590.00000000,1
1531218587151,1531218587147,2348315,0.00001081,590.00000000,1
1531218600121,1531218600116,2348316,0.00001085,235.00000000,0
1531218600541,1531218600535,2348317,0.00001085,355.00000000,0
1531218601277,1531218601272,2348318,0.00001086,590.00000000,1
1531218602537,1531218602531,2348319,0.00001083,29.00000000,1
1531218614065,1531218614061,2348320,0.00001086,104.00000000,0
1531218617697,1531218617690,2348321,0.00001086,392.00000000,1
1531218645277,1531218645272,2348322,0.00001088,392.00000000,0
1531218659349,1531218659343,2348323,0.00001088,93.00000000,1
1531218672095,1531218672089,2348324,0.00001088,2.00000000,1
1531218695013,1531218695011,2348325,0.00001084,8.00000000,1
1531218705606,1531218705600,2348326,0.00001087,201.00000000,0
1531218724461,1531218724458,2348327,0.00001086,110.00000000,0
1531218809849,1531218809843,2348328,0.00001082,31.00000000,1
1531218870513,1531218870508,2348329,0.00001083,1845.00000000,1
1531218870733,1531218870728,2348330,0.00001083,13.00000000,1
1531218893912,1531218893908,2348331,0.00001080,4.00000000,1
1531218916206,1531218916201,2348332,0.00001083,19.00000000,1
1531218932000,1531218931995,2348333,0.00001086,35.00000000,0
1531219003641,1531219003635,2348334,0.00001086,279.00000000,0
1531219016300,1531219016296,2348335,0.00001086,3.00000000,0
1531219037214,1531219037208,2348336,0.00001086,100.00000000,0
1531219114594,1531219114589,2348337,0.00001084,6.00000000,1
1531219147029,1531219147023,2348338,0.00001086,63.00000000,0
1531219223058,1531219223053,2348339,0.00001086,26.00000000,1
1531219318662,1531219318657,2348340,0.00001086,139.00000000,1
1531219357161,1531219357156,2348341,0.00001087,100.00000000,0
1531219380166,1531219380162,2348342,0.00001086,100.00000000,1
1531219468810,1531219468806,2348343,0.00001086,440.00000000,1
1531219468810,1531219468806,2348344,0.00001082,2127.00000000,1
1531219468810,1531219468806,2348345,0.00001080,6463.00000000,1
1531219476167,1531219476162,2348346,0.00001080,152.00000000,1
1531219484550,1531219484545,2348347,0.00001087,167.00000000,0
1531219484722,1531219484716,2348348,0.00001087,844.00000000,1
1531219509291,1531219509286,2348349,0.00001081,3.00000000,1
1531219572147,1531219572142,2348350,0.00001084,101.00000000,1
1531219579947,1531219579942,2348351,0.00001088,101.00000000,0
1531219580822,1531219580817,2348352,0.00001088,214.00000000,1
1531219583504,1531219583497,2348353,0.00001080,16343.00000000,1
1531219584291,1531219584287,2348354,0.00001082,540.00000000,1
1531219613634,1531219613629,2348355,0.00001080,3.00000000,1
1531219696274,1531219696269,2348356,0.00001081,11.00000000,1
1531219715958,1531219715953,2348357,0.00001088,2.00000000,0
1531219783620,1531219783617,2348358,0.00001081,12.00000000,1
1531219788335,1531219788329,2348359,0.00001084,51.00000000,0
1531219791181,1531219791177,2348360,0.00001084,1.00000000,0
1531219878227,1531219878221,2348361,0.00001084,101.00000000,0
1531219956960,1531219956957,2348362,0.00001083,1.00000000,0
1531219958038,1531219958034,2348363,0.00001083,117.00000000,0
1531220010287,1531220010284,2348364,0.00001083,1.00000000,0
1531220033097,1531220033092,2348365,0.00001083,101.00000000,0
1531220095040,1531220095035,2348366,0.00001083,249.00000000,0
1531220098076,1531220098072,2348367,0.00001083,1.00000000,0
1531220115844,1531220115839,2348368,0.00001083,7.00000000,0
1531220169176,1531220169172,2348369,0.00001083,101.00000000,0
1531220186351,1531220186345,2348370,0.00001082,3.00000000,1
1531220190975,1531220190970,2348371,0.00001083,1014.00000000,0
1531220193552,1531220193547,2348372,0.00001083,9.00000000,0
1531220255212,1531220255208,2348373,0.00001083,8.00000000,0
1531220261113,1531220261107,2348374,0.00001082,2030.00000000,1
1531220261113,1531220261107,2348375,0.00001081,1119.00000000,1
1531220261113,1531220261107,2348376,0.00001080,12851.00000000,1
1531220269178,1531220269172,2348377,0.00001083,101.00000000,0
1531220294323,1531220294318,2348378,0.00001083,932.00000000,0
1531220301477,1531220301472,2348379,0.00001082,1.00000000,1
1531220326313,1531220326310,2348380,0.00001082,94.00000000,1
1531220335817,1531220335812,2348381,0.00001083,560.00000000,0
1531220335817,1531220335812,2348382,0.00001085,440.00000000,0
1531220346534,1531220346529,2348383,0.00001085,102.00000000,0
1531220363782,1531220363778,2348384,0.00001082,2.00000000,1
1531220446058,1531220446053,2348385,0.00001082,450.00000000,0
1531220446156,1531220446152,2348386,0.00001082,101.00000000,1
1531220466631,1531220466627,2348387,0.00001085,3.00000000,0
1531220503581,1531220503576,2348388,0.00001085,775.00000000,0
1531220517133,1531220517129,2348389,0.00001082,62.00000000,0
1531220526238,1531220526233,2348390,0.00001082,360.00000000,0
1531220555846,1531220555841,2348391,0.00001085,14.00000000,0
1531220578781,1531220578775,2348392,0.00001081,965.00000000,1
1531220578781,1531220578775,2348393,0.00001080,6313.00000000,1
1531220578781,1531220578775,2348394,0.00001079,279.00000000,1
1531220578781,1531220578775,2348395,0.00001078,214.00000000,1
1531220578781,1531220578775,2348396,0.00001077,329.00000000,1
1531220578781,1531220578775,2348397,0.00001076,1861.00000000,1
1531220578781,1531220578775,2348398,0.00001075,8636.00000000,1
1531220578810,1531220578805,2348399,0.00001075,1642.00000000,1
1531220578812,1531220578806,2348400,0.00001075,941.00000000,1
1531220578812,1531220578806,2348401,0.00001074,94.00000000,1
1531220578812,1531220578806,2348402,0.00001073,607.00000000,1
1531220578815,1531220578808,2348403,0.00001073,19001.00000000,1
1531220578815,1531220578808,2348404,0.00001072,12636.00000000,1
1531220578815,1531220578808,2348405,0.00001071,5588.00000000,1
1531220578816,1531220578814,2348406,0.00001071,965.00000000,1
1531220579628,1531220579623,2348407,0.00001077,546.00000000,0
1531220580135,1531220580131,2348408,0.00001072,2.00000000,1
1531220580869,1531220580864,2348409,0.00001077,3.00000000,0
1531220580869,1531220580864,2348410,0.00001078,98.00000000,0
1531220583013,1531220583007,2348411,0.00001072,866.00000000,1
1531220585164,1531220585159,2348412,0.00001073,13.00000000,1
1531220585425,1531220585418,2348413,0.00001073,16.00000000,1
1531220585602,1531220585597,2348414,0.00001078,546.00000000,0
1531220589073,1531220589066,2348415,0.00001081,1110.00000000,0
1531220592821,1531220592819,2348416,0.00001075,13.00000000,1
1531220600478,1531220600476,2348417,0.00001074,91.00000000,1
1531220607471,1531220607465,2348418,0.00001073,1.00000000,1
1531220619747,1531220619744,2348419,0.00001073,436.00000000,1
1531220619873,1531220619867,2348420,0.00001073,454.00000000,0
1531220619972,1531220619969,2348421,0.00001072,441.00000000,1
1531220620990,1531220620986,2348422,0.00001072,133.00000000,1
1531220638019,1531220638012,2348423,0.00001073,52.00000000,0
1531220638019,1531220638012,2348424,0.00001081,40.00000000,0
1531220638019,1531220638012,2348425,0.00001082,512.00000000,0
1531220638025,1531220638020,2348426,0.00001082,491.00000000,0
1531220638766,1531220638761,2348427,0.00001082,104.00000000,1
1531220638887,1531220638883,2348428,0.00001082,7.00000000,1
1531220638887,1531220638883,2348429,0.00001073,88.00000000,1
1531220639246,1531220639242,2348430,0.00001073,95.00000000,1
1531220639254,1531220639248,2348431,0.00001073,95.00000000,1
1531220639743,1531220639737,2348432,0.00001073,161.00000000,1
1531220648529,1531220648525,2348433,0.00001082,4.00000000,0
1531220649071,1531220649067,2348434,0.00001078,360.00000000,1
1531220650719,1531220650713,2348435,0.00001076,158.00000000,0
1531220651152,1531220651146,2348436,0.00001072,102.00000000,1
1531220660775,1531220660769,2348437,0.00001072,66.00000000,1
1531220708012,1531220708006,2348438,0.00001077,1.00000000,0
1531220760165,1531220760160,2348439,0.00001077,1.00000000,0
1531220796728,1531220796726,2348440,0.00001074,433.00000000,0
1531220853530,1531220853527,2348441,0.00001074,101.00000000,0
1531220853834,1531220853829,2348442,0.00001074,7655.00000000,0
1531220859738,1531220859734,2348443,0.00001075,360.00000000,0
1531220860352,1531220860346,2348444,0.00001078,65.00000000,0
1531220862987,1531220862982,2348445,0.00001078,2.00000000,0
1531220903662,1531220903659,2348446,0.00001074,360.00000000,1
1531220903662,1531220903659,2348447,0.00001073,568.00000000,1
1531220922606,1531220922602,2348448,0.00001076,211.00000000,0
1531220924043,1531220924038,2348449,0.00001075,94.00000000,1
1531221053305,1531221053299,2348450,0.00001078,146.00000000,0
1531221053305,1531221053299,2348451,0.00001080,854.00000000,0
1531221058626,1531221058620,2348452,0.00001080,12.00000000,0
1531221187748,1531221187742,2348453,0.00001079,141.00000000,1
1531221188845,1531221188842,2348454,0.00001080,624.00000000,0
1531221198006,1531221198001,2348455,0.00001082,150.00000000,0
1531221198006,1531221198001,2348456,0.00001083,19.00000000,0
1531221223720,1531221223716,2348457,0.00001083,4.00000000,0
1531221224320,1531221224313,2348458,0.00001083,1202.00000000,0
1531221224320,1531221224313,2348459,0.00001084,1034.00000000,0
1531221224320,1531221224313,2348460,0.00001085,11936.00000000,0
1531221288834,1531221288829,2348461,0.00001080,9.00000000,1
1531221345427,1531221345421,2348462,0.00001080,2.00000000,1
1531221368927,1531221368924,2348463,0.00001084,526.00000000,0
1531221368927,1531221368924,2348464,0.00001085,396.00000000,0
1531221387732,1531221387726,2348465,0.00001081,11.00000000,1
1531221388261,1531221388257,2348466,0.00001085,3.00000000,0
1531221389292,1531221389288,2348467,0.00001080,11.00000000,1
1531221418240,1531221418237,2348468,0.00001083,141.00000000,0
1531221420290,1531221420285,2348469,0.00001082,101.00000000,1
1531221449030,1531221449026,2348470,0.00001082,24.00000000,1
1531221455763,1531221455759,2348471,0.00001083,360.00000000,1
1531221456177,1531221456170,2348472,0.00001081,360.00000000,1
1531221459631,1531221459626,2348473,0.00001083,360.00000000,1
1531221524671,1531221524666,2348474,0.00001085,7570.00000000,0
1531221534228,1531221534202,2348475,0.00001085,6.00000000,0
1531221606585,1531221606580,2348476,0.00001082,127.00000000,1
1531221650275,1531221650271,2348477,0.00001082,2.00000000,1
1531221680152,1531221680148,2348478,0.00001082,1.00000000,1
1531221774584,1531221774579,2348479,0.00001082,1133.00000000,1
1531221774632,1531221774624,2348480,0.00001082,32.00000000,0
1531221790679,1531221790673,2348481,0.00001085,508.00000000,0
1531221822248,1531221822244,2348482,0.00001085,276.00000000,0
1531221868019,1531221868015,2348483,0.00001085,1600.00000000,0
1531221893981,1531221893976,2348484,0.00001085,2895.00000000,0
1531221897994,1531221897989,2348485,0.00001082,105.00000000,1
1531221920842,1531221920837,2348486,0.00001085,3.00000000,0
1531221945178,1531221945173,2348487,0.00001085,101.00000000,0
1531221976172,1531221976168,2348488,0.00001085,100.00000000,0
1531221989644,1531221989638,2348489,0.00001085,2.00000000,0
1531222017908,1531222017903,2348490,0.00001085,1914.00000000,0
1531222029141,1531222029137,2348491,0.00001082,1.00000000,1
1531222079170,1531222079166,2348492,0.00001085,101.00000000,0
1531222090390,1531222090385,2348493,0.00001083,3696.00000000,1
1531222090390,1531222090385,2348494,0.00001080,493.00000000,1
1531222189226,1531222189222,2348495,0.00001085,12.00000000,0
1531222215919,1531222215914,2348496,0.00001085,101.00000000,0
1531222231647,1531222231644,2348497,0.00001085,1.00000000,0
1531222340193,1531222340188,2348498,0.00001082,325.00000000,1
1531222341672,1531222341668,2348499,0.00001082,2876.00000000,1
1531222351668,1531222351664,2348500,0.00001082,220.00000000,1
1531222436674,1531222436669,2348501,0.00001083,1543.00000000,1
1531222443163,1531222443134,2348502,0.00001085,20.00000000,0
1531222452138,1531222452134,2348503,0.00001085,101.00000000,0
1531222456531,1531222456527,2348504,0.00001084,347.00000000,0
1531222466669,1531222466664,2348505,0.00001080,788.00000000,1
1531222470066,1531222470061,2348506,0.00001084,1.00000000,0
1531222562809,1531222562805,2348507,0.00001084,8.00000000,0
1531222598057,1531222598053,2348508,0.00001084,3744.00000000,0
1531222598057,1531222598053,2348509,0.00001085,8029.00000000,0
1531222614561,1531222614557,2348510,0.00001085,2759.00000000,0
1531222621642,1531222621639,2348511,0.00001083,365.00000000,0
1531222621664,1531222621660,2348512,0.00001083,836.00000000,0
1531222621682,1531222621678,2348513,0.00001083,2.00000000,0
1531222646470,1531222646467,2348514,0.00001085,14.00000000,0
1531222680204,1531222680200,2348515,0.00001081,1024.00000000,1
1531222693111,1531222693108,2348516,0.00001081,486.00000000,1
1531222693917,1531222693914,2348517,0.00001081,486.00000000,1
1531222705744,1531222705740,2348518,0.00001080,2670.00000000,1
1531222718052,1531222718051,2348519,0.00001083,483.00000000,0
1531222767058,1531222767055,2348520,0.00001078,438.00000000,1
1531222777130,1531222777126,2348521,0.00001078,2.00000000,1
1531222806965,1531222806962,2348522,0.00001077,76.00000000,1
1531222816327,1531222816323,2348523,0.00001077,100.00000000,1
1531222822837,1531222822832,2348524,0.00001077,1660.00000000,1
1531222848195,1531222848190,2348525,0.00001078,625.00000000,1
1531222871179,1531222871175,2348526,0.00001078,591.00000000,1
1531222876369,1531222876366,2348527,0.00001078,1011.00000000,1
1531222877947,1531222877943,2348528,0.00001078,119.00000000,1
1531222886207,1531222886203,2348529,0.00001076,141.00000000,1
1531222902436,1531222902432,2348530,0.00001076,1032.00000000,1
1531222902436,1531222902432,2348531,0.00001075,10000.00000000,1
1531222902436,1531222902432,2348532,0.00001074,125.00000000,1
1531222908198,1531222908195,2348533,0.00001074,368.00000000,1
1531222912966,1531222912963,2348534,0.00001076,48.00000000,0
1531222913019,1531222913015,2348535,0.00001076,21.00000000,0
1531222913091,1531222913087,2348536,0.00001076,57.00000000,0
1531222913166,1531222913161,2348537,0.00001076,23.00000000,0
1531222913212,1531222913209,2348538,0.00001076,44.00000000,0
1531222913428,1531222913424,2348539,0.00001076,108.00000000,0
1531222913549,1531222913546,2348540,0.00001076,109.00000000,0
1531222913627,1531222913623,2348541,0.00001076,26.00000000,0
1531222913702,1531222913699,2348542,0.00001076,61.00000000,0
1531222913743,1531222913741,2348543,0.00001076,26.00000000,0
1531222913799,1531222913795,2348544,0.00001076,20.00000000,0
1531222913834,1531222913833,2348545,0.00001076,98.00000000,0
1531222914089,1531222914086,2348546,0.00001074,303.00000000,1
1531222914419,1531222914415,2348547,0.00001076,45.00000000,0
1531222914539,1531222914536,2348548,0.00001076,96.00000000,0
1531222914589,1531222914585,2348549,0.00001076,29.00000000,0
1531222914639,1531222914635,2348550,0.00001076,19.00000000,0
1531222914734,1531222914731,2348551,0.00001076,150.00000000,0
1531222914846,1531222914843,2348552,0.00001076,52.00000000,0
1531222914999,1531222914995,2348553,0.00001076,52.00000000,0
1531222915122,1531222915119,2348554,0.00001076,20.00000000,0
1531222915169,1531222915165,2348555,0.00001076,23.00000000,0
1531222915232,1531222915229,2348556,0.00001076,19.00000000,0
1531222915283,1531222915279,2348557,0.00001076,73.00000000,0
1531222915453,1531222915449,2348558,0.00001076,26.00000000,0
1531222915561,1531222915561,2348559,0.00001076,33.00000000,0
1531222916025,1531222916020,2348560,0.00001076,55.00000000,0
1531222916186,1531222916183,2348561,0.00001076,27.00000000,0
1531222916257,1531222916253,2348562,0.00001076,24.00000000,0
1531222916331,1531222916330,2348563,0.00001076,27.00000000,0
1531222916410,1531222916407,2348564,0.00001076,19.00000000,0
1531222916659,1531222916656,2348565,0.00001076,53.00000000,0
1531222916832,1531222916828,2348566,0.00001076,51.00000000,0
1531222916955,1531222916952,2348567,0.00001076,30.00000000,0
1531222917052,1531222917051,2348568,0.00001076,25.00000000,0
1531222917163,1531222917158,2348569,0.00001076,26.00000000,0
1531222917256,1531222917252,2348570,0.00001076,28.00000000,0
1531222917280,1531222917276,2348571,0.00001076,52.00000000,0
1531222917722,1531222917719,2348572,0.00001076,55.00000000,0
1531222917894,1531222917891,2348573,0.00001076,20.00000000,0
1531222917940,1531222917936,2348574,0.00001076,56.00000000,0
1531222917996,1531222917993,2348575,0.00001076,82.00000000,0
1531222918054,1531222918050,2348576,0.00001076,75.00000000,0
1531222918284,1531222918281,2348577,0.00001076,50.00000000,0
1531222918520,1531222918516,2348578,0.00001076,79.00000000,0
1531222918690,1531222918688,2348579,0.00001076,27.00000000,0
1531222918736,1531222918732,2348580,0.00001076,87.00000000,0
1531222918827,1531222918823,2348581,0.00001076,32.00000000,0
1531222918887,1531222918883,2348582,0.00001076,53.00000000,0
1531222919309,1531222919306,2348583,0.00001076,228.00000000,0
1531222919363,1531222919360,2348584,0.00001076,37.00000000,0
1531222919414,1531222919409,2348585,0.00001076,28.00000000,0
1531222919460,1531222919457,2348586,0.00001076,25.00000000,0
1531222919541,1531222919537,2348587,0.00001076,109.00000000,0
1531222919576,1531222919571,2348588,0.00001076,37.00000000,0
1531222919636,1531222919631,2348589,0.00001076,369.00000000,0
1531222919725,1531222919722,2348590,0.00001076,66.00000000,0
1531222919830,1531222919825,2348591,0.00001076,26.00000000,0
1531222920026,1531222920021,2348592,0.00001076,28.00000000,0
1531222920081,1531222920078,2348593,0.00001076,46.00000000,0
1531222920135,1531222920132,2348594,0.00001076,51.00000000,0
1531222920252,1531222920247,2348595,0.00001076,24.00000000,0
1531222920345,1531222920340,2348596,0.00001076,57.00000000,0
1531222920479,1531222920473,2348597,0.00001076,27.00000000,0
1531222920804,1531222920801,2348598,0.00001076,41.00000000,0
1531222920924,1531222920922,2348599,0.00001076,102.00000000,0
1531222921032,1531222921029,2348600,0.00001076,53.00000000,0
1531222921138,1531222921133,2348601,0.00001076,110.00000000,0
1531222921197,1531222921193,2348602,0.00001076,14.00000000,0
1531222921197,1531222921193,2348603,0.00001077,11.00000000,0
1531222921583,1531222921579,2348604,0.00001077,59.00000000,0
1531222921842,1531222921839,2348605,0.00001077,104.00000000,0
1531222924046,1531222924043,2348606,0.00001074,6.00000000,1
1531222970403,1531222970398,2348607,0.00001074,1073.00000000,1
1531223004661,1531223004657,2348608,0.00001074,196.00000000,1
1531223004687,1531223004682,2348609,0.00001074,744.00000000,0
1531223009092,1531223009089,2348610,0.00001074,1.00000000,0
1531223063806,1531223063803,2348611,0.00001072,95.00000000,1
1531223095486,1531223095482,2348612,0.00001076,95.00000000,0
1531223095866,1531223095862,2348613,0.00001076,56.00000000,0
1531223095913,1531223095908,2348614,0.00001076,32.00000000,0
1531223095915,1531223095912,2348615,0.00001076,28.00000000,0
1531223095963,1531223095959,2348616,0.00001076,72.00000000,0
1531223095981,1531223095977,2348617,0.00001076,23.00000000,0
1531223096034,1531223096031,2348618,0.00001076,59.00000000,0
1531223096141,1531223096138,2348619,0.00001076,30.00000000,0
1531223096229,1531223096226,2348620,0.00001076,26.00000000,0
1531223096237,1531223096234,2348621,0.00001076,37.00000000,0
1531223096558,1531223096555,2348622,0.00001076,33.00000000,0
1531223096656,1531223096653,2348623,0.00001076,52.00000000,0
1531223096829,1531223096826,2348624,0.00001076,21.00000000,0
1531223096846,1531223096843,2348625,0.00001076,25.00000000,0
1531223096891,1531223096888,2348626,0.00001076,27.00000000,0
1531223096954,1531223096950,2348627,0.00001076,27.00000000,0
1531223097012,1531223097011,2348628,0.00001076,53.00000000,0
1531223106912,1531223106907,2348629,0.00001072,838.00000000,1
1531223134171,1531223134168,2348630,0.00001074,152.00000000,1
1531223147827,1531223147824,2348631,0.00001076,360.00000000,1
1531223163454,1531223163450,2348632,0.00001072,4.00000000,1
1531223221793,1531223221790,2348633,0.00001072,8.00000000,1
1531223299825,1531223299824,2348634,0.00001082,1.00000000,0
1531223317001,1531223316997,2348635,0.00001075,1284.00000000,1
1531223317296,1531223317291,2348636,0.00001082,96.00000000,0
1531223318149,1531223318145,2348637,0.00001082,280.00000000,1
1531223337033,1531223337029,2348638,0.00001083,1.00000000,0
1531223408889,1531223408882,2348639,0.00001083,110.00000000,0
1531223416202,1531223416199,2348640,0.00001083,376.00000000,1
1531223419050,1531223419046,2348641,0.00001083,73.00000000,1
1531223447741,1531223447737,2348642,0.00001075,967.00000000,1
1531223448770,1531223448766,2348643,0.00001077,381.00000000,1
1531223487186,1531223487183,2348644,0.00001075,6.00000000,1
1531223492941,1531223492938,2348645,0.00001083,202.00000000,0
1531223493869,1531223493866,2348646,0.00001083,202.00000000,0
1531223556762,1531223556759,2348647,0.00001078,360.00000000,1
1531223556762,1531223556759,2348648,0.00001073,229.00000000,1
1531223612874,1531223612866,2348649,0.00001084,667.00000000,0
1531223612874,1531223612866,2348650,0.00001085,922.00000000,0
1531223612874,1531223612866,2348651,0.00001086,93.00000000,0
1531223612874,1531223612866,2348652,0.00001087,10139.00000000,0
1531223612874,1531223612866,2348653,0.00001092,110.00000000,0
1531223612874,1531223612866,2348654,0.00001095,246.00000000,0
1531223612874,1531223612866,2348655,0.00001097,5103.00000000,0
1531223612874,1531223612866,2348656,0.00001098,233.00000000,0
1531223612874,1531223612866,2348657,0.00001099,110.00000000,0
1531223612874,1531223612866,2348658,0.00001100,1217.00000000,0
1531223612874,1531223612866,2348659,0.00001101,182.00000000,0
1531223612874,1531223612866,2348660,0.00001106,541.00000000,0
1531223612874,1531223612866,2348661,0.00001107,8718.00000000,0
1531223613005,1531223613001,2348662,0.00001092,457.00000000,1
1531223613193,1531223613188,2348663,0.00001088,577.00000000,1
1531223613193,1531223613188,2348664,0.00001087,2.00000000,1
1531223614389,1531223614388,2348665,0.00001088,3871.00000000,1
1531223614763,1531223614759,2348666,0.00001088,1543.00000000,1
1531223618668,1531223618661,2348667,0.00001087,577.00000000,1
1531223634590,1531223634586,2348668,0.00001087,5000.00000000,1
1531223641480,1531223641476,2348669,0.00001089,610.00000000,1
1531223642360,1531223642357,2348670,0.00001087,100.00000000,1
1531223642664,1531223642664,2348671,0.00001095,5000.00000000,0
1531223645559,1531223645556,2348672,0.00001088,34.00000000,1
1531223646236,1531223646231,2348673,0.00001088,138.00000000,1
1531223647731,1531223647727,2348674,0.00001092,100.00000000,1
1531223647887,1531223647884,2348675,0.00001092,460.00000000,1
1531223648329,1531223648328,2348676,0.00001092,160.00000000,1
1531223659862,1531223659859,2348677,0.00001088,228.00000000,1
1531223662498,1531223662494,2348678,0.00001088,28.00000000,1
1531223663902,1531223663900,2348679,0.00001088,109.00000000,1
1531223665120,1531223665116,2348680,0.00001087,19.00000000,1
1531223666377,1531223666372,2348681,0.00001087,57.00000000,1
1531223668101,1531223668099,2348682,0.00001087,104.00000000,1
1531223668967,1531223668963,2348683,0.00001087,26.00000000,1
1531223670140,1531223670136,2348684,0.00001087,50.00000000,1
1531223671077,1531223671072,2348685,0.00001087,26.00000000,1
1531223671771,1531223671768,2348686,0.00001087,56.00000000,1
1531223672679,1531223672676,2348687,0.00001087,21.00000000,1
1531223673155,1531223673154,2348688,0.00001087,51.00000000,1
1531223673756,1531223673753,2348689,0.00001087,5.00000000,1
1531223673756,1531223673753,2348690,0.00001083,14.00000000,1
1531223674411,1531223674409,2348691,0.00001083,23.00000000,1
1531223675061,1531223675057,2348692,0.00001083,37.00000000,1
1531223676342,1531223676339,2348693,0.00001083,241.00000000,1
1531223677350,1531223677346,2348694,0.00001083,56.00000000,1
1531223678065,1531223678062,2348695,0.00001083,110.00000000,1
1531223678932,1531223678909,2348696,0.00001082,27.00000000,1
1531223679925,1531223679921,2348697,0.00001082,24.00000000,1
1531223680972,1531223680970,2348698,0.00001082,79.00000000,1
1531223680989,1531223680984,2348699,0.00001082,172.00000000,1
1531223681581,1531223681578,2348700,0.00001082,53.00000000,1
1531223682398,1531223682395,2348701,0.00001082,229.00000000,1
1531223682828,1531223682825,2348702,0.00001082,27.00000000,1
1531223683458,1531223683453,2348703,0.00001082,23.00000000,1
1531223684006,1531223684003,2348704,0.00001082,365.00000000,1
1531223684216,1531223684211,2348705,0.00001082,59.00000000,1
1531223684978,1531223684975,2348706,0.00001083,168.00000000,0
1531223685204,1531223685200,2348707,0.00001082,64.00000000,1
1531223685960,1531223685956,2348708,0.00001082,29.00000000,1
1531223686731,1531223686728,2348709,0.00001082,28.00000000,1
1531223687058,1531223687055,2348710,0.00001083,101.00000000,0
1531223687808,1531223687805,2348711,0.00001082,57.00000000,1
1531223688417,1531223688413,2348712,0.00001082,96.00000000,1
1531223688919,1531223688917,2348713,0.00001082,53.00000000,1
1531223689629,1531223689625,2348714,0.00001082,82.00000000,1
1531223690528,1531223690524,2348715,0.00001082,41.00000000,1
1531223691236,1531223691231,2348716,0.00001082,37.00000000,1
1531223692005,1531223692001,2348717,0.00001082,52.00000000,1
1531223693132,1531223693130,2348718,0.00001082,28.00000000,1
1531223693987,1531223693983,2348719,0.00001082,55.00000000,1
1531223694839,1531223694835,2348720,0.00001082,28.00000000,1
1531223704886,1531223704883,2348721,0.00001082,85.00000000,1
1531223704886,1531223704883,2348722,0.00001081,69.00000000,1
1531223766150,1531223766147,2348723,0.00001081,101.00000000,1
1531223778414,1531223778411,2348724,0.00001081,27.00000000,1
1531223839388,1531223839384,2348725,0.00001082,17.00000000,1
1531223868228,1531223868225,2348726,0.00001086,75.00000000,0
1531223912577,1531223912578,2348727,0.00001081,14.00000000,1
1531223914531,1531223914528,2348728,0.00001081,292.00000000,1
1531223914531,1531223914528,2348729,0.00001080,165.00000000,1
1531223951273,1531223951270,2348730,0.00001081,3.00000000,1
1531223952789,1531223952785,2348731,0.00001080,3.00000000,1
1531223992103,1531223992100,2348732,0.00001081,52.00000000,1
1531223993563,1531223993558,2348733,0.00001080,46.00000000,1
1531223993563,1531223993558,2348734,0.00001079,6.00000000,1
1531223994768,1531223994765,2348735,0.00001079,94.00000000,1
1531224031238,1531224031234,2348736,0.00001080,101.00000000,1
1531224032860,1531224032855,2348737,0.00001079,41.00000000,1
1531224056653,1531224056649,2348738,0.00001079,103.00000000,1
1531224105768,1531224105763,2348739,0.00001081,26.00000000,1
1531224113136,1531224113133,2348740,0.00001085,100.00000000,0
1531224118497,1531224118493,2348741,0.00001081,759.00000000,1
1531224138817,1531224138814,2348742,0.00001080,902.00000000,1
1531224145055,1531224145052,2348743,0.00001080,18.00000000,1
1531224151044,1531224151040,2348744,0.00001080,3978.00000000,1
1531224151044,1531224151040,2348745,0.00001078,665.00000000,1
1531224151044,1531224151040,2348746,0.00001076,635.00000000,1
1531224151044,1531224151040,2348747,0.00001075,2553.00000000,1
1531224151080,1531224151083,2348748,0.00001079,1392.00000000,1
1531224151176,1531224151172,2348749,0.00001077,989.00000000,1
1531224151262,1531224151259,2348750,0.00001075,1392.00000000,1
1531224152070,1531224152067,2348751,0.00001078,4045.00000000,0
1531224152070,1531224152067,2348752,0.00001080,254.00000000,0
1531224152167,1531224152165,2348753,0.00001080,1107.00000000,0
1531224152228,1531224152224,2348754,0.00001080,2850.00000000,0
1531224152276,1531224152272,2348755,0.00001085,1.00000000,0
1531224152276,1531224152272,2348756,0.00001086,406.00000000,0
1531224152303,1531224152298,2348757,0.00001087,338.00000000,1
1531224152303,1531224152298,2348758,0.00001080,1450.00000000,1
1531224152310,1531224152307,2348759,0.00001074,579.00000000,1
1531224152881,1531224152877,2348760,0.00001076,338.00000000,0
1531224152881,1531224152877,2348761,0.00001077,338.00000000,0
1531224156087,1531224156086,2348762,0.00001078,362.00000000,0
1531224157659,1531224157659,2348763,0.00001078,311.00000000,0
1531224157699,1531224157696,2348764,0.00001078,368.00000000,1
1531224159846,1531224159845,2348765,0.00001074,5.00000000,1
1531224183949,1531224183945,2348766,0.00001079,579.00000000,0
1531224186856,1531224186853,2348767,0.00001080,482.00000000,0
1531224196124,1531224196121,2348768,0.00001081,94.00000000,1
1531224196466,1531224196463,2348769,0.00001081,214.00000000,1
1531224196466,1531224196463,2348770,0.00001078,723.00000000,1
1531224218052,1531224218049,2348771,0.00001082,101.00000000,0
1531224218140,1531224218136,2348772,0.00001082,207.00000000,0
1531224219857,1531224219857,2348773,0.00001082,705.00000000,0
1531224221865,1531224221861,2348774,0.00001081,1500.00000000,0
1531224224546,1531224224542,2348775,0.00001077,4415.00000000,1
1531224249975,1531224249971,2348776,0.00001077,136.00000000,1
1531224271460,1531224271456,2348777,0.00001079,101.00000000,1
1531224284855,1531224284853,2348778,0.00001079,723.00000000,0
1531224291866,1531224291862,2348779,0.00001078,101.00000000,0
1531224309879,1531224309875,2348780,0.00001080,239.00000000,0
1531224310431,1531224310426,2348781,0.00001078,373.00000000,1
1531224320961,1531224320958,2348782,0.00001081,211.00000000,0
1531224361057,1531224361052,2348783,0.00001079,5164.00000000,1
1531224361057,1531224361052,2348784,0.00001076,1820.00000000,1
1531224361357,1531224361353,2348785,0.00001078,158.00000000,0
1531224361403,1531224361401,2348786,0.00001078,158.00000000,0
1531224361657,1531224361653,2348787,0.00001078,561.00000000,0
1531224361679,1531224361676,2348788,0.00001078,33.00000000,0
1531224362067,1531224362065,2348789,0.00001075,1.00000000,1
1531224424967,1531224424965,2348790,0.00001077,8.00000000,1
1531224449184,1531224449179,2348791,0.00001081,150.00000000,0
1531224518446,1531224518441,2348792,0.00001077,4.00000000,1
1531224527772,1531224527770,2348793,0.00001079,576.00000000,0
1531224528691,1531224528687,2348794,0.00001079,569.00000000,0
1531224528875,1531224528872,2348795,0.00001079,219.00000000,0
1531224532910,1531224532908,2348796,0.00001080,306.00000000,0
1531224533555,1531224533557,2348797,0.00001080,101.00000000,1
1531224538277,1531224538276,2348798,0.00001080,27.00000000,1
1531224655732,1531224655728,2348799,0.00001082,101.00000000,0
1531224717581,1531224717577,2348800,0.00001077,11.00000000,1
1531224718849,1531224718845,2348801,0.00001076,11.00000000,1
1531224782155,1531224782151,2348802,0.00001082,41.00000000,0
1531224782155,1531224782151,2348803,0.00001085,883.00000000,0
1531224848486,1531224848483,2348804,0.00001084,2709.00000000,0
1531224872568,1531224872564,2348805,0.00001084,1092.00000000,0
1531224873843,1531224873840,2348806,0.00001084,617.00000000,0
1531224890320,1531224890316,2348807,0.00001084,7.00000000,0
1531224929077,1531224929073,2348808,0.00001077,51.00000000,1
1531224978483,1531224978479,2348809,0.00001077,13.00000000,1
1531225022009,1531225022006,2348810,0.00001082,101.00000000,0
1531225053781,1531225053778,2348811,0.00001079,2000.00000000,1
1531225072028,1531225072032,2348812,0.00001080,281.00000000,0
1531225088352,1531225088348,2348813,0.00001078,8.00000000,1
1531225116012,1531225116009,2348814,0.00001079,13.00000000,1
1531225118467,1531225118464,2348815,0.00001079,13.00000000,1
1531225233548,1531225233545,2348816,0.00001083,15.00000000,0
1531225389193,1531225389190,2348817,0.00001086,101.00000000,0
1531225401631,1531225401629,2348818,0.00001079,56.00000000,1
1531225401779,1531225401781,2348819,0.00001079,151.00000000,1
1531225402093,1531225402089,2348820,0.00001079,202.00000000,1
1531225402538,1531225402534,2348821,0.00001078,53.00000000,1
1531225402826,1531225402822,2348822,0.00001078,146.00000000,1
1531225403250,1531225403247,2348823,0.00001078,53.00000000,1
1531225403541,1531225403539,2348824,0.00001078,124.00000000,1
1531225404078,1531225404074,2348825,0.00001078,189.00000000,1
1531225404529,1531225404530,2348826,0.00001078,106.00000000,1
1531225404959,1531225404955,2348827,0.00001079,296.00000000,1
1531225405446,1531225405442,2348828,0.00001079,297.00000000,1
1531225405759,1531225405756,2348829,0.00001079,216.00000000,1
1531225406207,1531225406205,2348830,0.00001079,142.00000000,1
1531225406552,1531225406548,2348831,0.00001079,54.00000000,1
1531225406863,1531225406863,2348832,0.00001078,74.00000000,1
1531225407302,1531225407300,2348833,0.00001078,107.00000000,1
1531225407742,1531225407738,2348834,0.00001078,143.00000000,1
1531225408091,1531225408089,2348835,0.00001078,98.00000000,1
1531225408590,1531225408587,2348836,0.00001078,64.00000000,1
1531225408908,1531225408880,2348837,0.00001078,214.00000000,1
1531225409528,1531225409525,2348838,0.00001078,233.00000000,1
1531225409992,1531225409991,2348839,0.00001078,54.00000000,1
1531225410394,1531225410391,2348840,0.00001078,136.00000000,1
1531225410783,1531225410779,2348841,0.00001078,170.00000000,1
1531225411229,1531225411226,2348842,0.00001078,60.00000000,1
1531225411542,1531225411536,2348843,0.00001078,54.00000000,1
1531225412058,1531225412055,2348844,0.00001078,51.00000000,1
1531225412418,1531225412413,2348845,0.00001078,118.00000000,1
1531225412989,1531225412986,2348846,0.00001078,146.00000000,1
1531225413294,1531225413291,2348847,0.00001078,132.00000000,1
1531225413869,1531225413865,2348848,0.00001078,50.00000000,1
1531225414073,1531225414070,2348849,0.00001078,39.00000000,1
1531225414561,1531225414557,2348850,0.00001078,41.00000000,1
1531225415077,1531225415074,2348851,0.00001078,110.00000000,1
1531225415379,1531225415376,2348852,0.00001078,213.00000000,1
1531225415823,1531225415819,2348853,0.00001078,46.00000000,1
1531225416145,1531225416141,2348854,0.00001078,52.00000000,1
1531225416605,1531225416602,2348855,0.00001078,106.00000000,1
1531225417043,1531225417040,2348856,0.00001078,55.00000000,1
1531225417475,1531225417470,2348857,0.00001078,60.00000000,1
1531225447565,1531225447562,2348858,0.00001078,13.00000000,1
1531225466085,1531225466081,2348859,0.00001078,1194.00000000,1
1531225483698,1531225483695,2348860,0.00001078,1.00000000,1
1531225609984,1531225609981,2348861,0.00001085,3651.00000000,0
1531225636773,1531225636770,2348862,0.00001086,1.00000000,0
1531225803299,1531225803295,2348863,0.00001086,10.00000000,0
1531225820685,1531225820680,2348864,0.00001081,1.00000000,1
1531225912300,1531225912295,2348865,0.00001081,1.00000000,1
1531226092807,1531226092806,2348866,0.00001081,16.00000000,1
1531226351571,1531226351567,2348867,0.00001081,2.00000000,1
1531226643738,1531226643734,2348868,0.00001081,7.00000000,1
1531226727405,1531226727400,2348869,0.00001086,116.00000000,0
1531226727405,1531226727400,2348870,0.00001087,184.00000000,0
1531226737159,1531226737156,2348871,0.00001081,105.00000000,1
1531226737487,1531226737482,2348872,0.00001081,417.00000000,1
1531226737808,1531226737802,2348873,0.00001081,40.00000000,1
1531226738392,1531226738393,2348874,0.00001081,121.00000000,1
1531226738828,1531226738825,2348875,0.00001081,99.00000000,1
1531226739183,1531226739183,2348876,0.00001081,389.00000000,1
1531226739736,1531226739732,2348877,0.00001081,122.00000000,1
1531226740217,1531226740212,2348878,0.00001081,50.00000000,1
1531226740408,1531226740403,2348879,0.00001081,108.00000000,1
1531226740900,1531226740895,2348880,0.00001081,55.00000000,1
1531226741383,1531226741380,2348881,0.00001081,67.00000000,1
1531226741681,1531226741678,2348882,0.00001081,389.00000000,1
1531226742047,1531226742043,2348883,0.00001081,104.00000000,1
1531226742434,1531226742430,2348884,0.00001081,95.00000000,1
1531226742771,1531226742768,2348885,0.00001081,102.00000000,1
1531226743088,1531226743084,2348886,0.00001081,134.00000000,1
1531226743506,1531226743503,2348887,0.00001081,47.00000000,1
1531226743862,1531226743862,2348888,0.00001081,107.00000000,1
1531226744270,1531226744266,2348889,0.00001081,65.00000000,1
1531226744744,1531226744741,2348890,0.00001081,204.00000000,1
1531226745087,1531226745085,2348891,0.00001081,196.00000000,1
1531226745248,1531226745244,2348892,0.00001087,3379.00000000,0
1531226745617,1531226745613,2348893,0.00001087,132.00000000,1
1531226745991,1531226745988,2348894,0.00001087,40.00000000,1
1531226746635,1531226746637,2348895,0.00001087,145.00000000,1
1531226746829,1531226746826,2348896,0.00001087,88.00000000,1
1531226747530,1531226747528,2348897,0.00001087,53.00000000,1
1531226747705,1531226747702,2348898,0.00001087,175.00000000,1
1531226747982,1531226747978,2348899,0.00001087,89.00000000,1
1531226748258,1531226748254,2348900,0.00001087,101.00000000,1
1531226748533,1531226748529,2348901,0.00001087,64.00000000,1
1531226748946,1531226748942,2348902,0.00001087,79.00000000,1
1531226749516,1531226749512,2348903,0.00001087,50.00000000,1
1531226749853,1531226749850,2348904,0.00001087,49.00000000,1
1531226749950,1531226749946,2348905,0.00001087,1399.00000000,1
1531226750087,1531226750083,2348906,0.00001087,5609.00000000,1
1531226750192,1531226750189,2348907,0.00001087,563.00000000,1
1531226750201,1531226750197,2348908,0.00001082,733.00000000,1
1531226752574,1531226752571,2348909,0.00001081,216.00000000,1
1531226863586,1531226863587,2348910,0.00001087,1.00000000,0
1531226883658,1531226883654,2348911,0.00001082,177.00000000,1
1531226883658,1531226883654,2348912,0.00001081,749.00000000,1
1531226892981,1531226892978,2348913,0.00001082,2.00000000,1
1531226901938,1531226901934,2348914,0.00001083,177.00000000,0
1531226901938,1531226901934,2348915,0.00001087,732.00000000,0
1531226901938,1531226901934,2348916,0.00001088,13.00000000,0
1531226912983,1531226912979,2348917,0.00001081,8.00000000,1
1531226986826,1531226986822,2348918,0.00001081,2.00000000,1
1531226994104,1531226994099,2348919,0.00001087,1401.00000000,0
1531226994104,1531226994099,2348920,0.00001088,2828.00000000,0
1531226994104,1531226994099,2348921,0.00001089,5793.00000000,0
1531226994104,1531226994099,2348922,0.00001090,1978.00000000,0
1531227026264,1531227026261,2348923,0.00001086,537.00000000,1
1531227027734,1531227027731,2348924,0.00001087,540.00000000,1
1531227028257,1531227028252,2348925,0.00001085,191.00000000,1
1531227048313,1531227048310,2348926,0.00001085,1889.00000000,1
1531227049245,1531227049242,2348927,0.00001085,1802.00000000,0
1531227074006,1531227074002,2348928,0.00001083,2.00000000,1
1531227161033,1531227161032,2348929,0.00001085,1.00000000,1
1531227162248,1531227162244,2348930,0.00001084,1.00000000,1
1531227187013,1531227187009,2348931,0.00001087,540.00000000,1
1531227200258,1531227200254,2348932,0.00001085,7.00000000,1
1531227237943,1531227237939,2348933,0.00001085,280.00000000,1
1531227311178,1531227311173,2348934,0.00001090,17.00000000,0
1531227322315,1531227322311,2348935,0.00001085,8.00000000,1
1531227345395,1531227345391,2348936,0.00001090,8.00000000,0
1531227462767,1531227462762,2348937,0.00001085,1.00000000,1
1531227477096,1531227477093,2348938,0.00001090,3.00000000,0
1531227480093,1531227480089,2348939,0.00001090,1.00000000,0
1531227480099,1531227480096,2348940,0.00001085,617.00000000,1
1531227489204,1531227489203,2348941,0.00001087,188.00000000,1
1531227516298,1531227516294,2348942,0.00001085,6.00000000,1
1531227523460,1531227523456,2348943,0.00001090,8.00000000,0
1531227612533,1531227612529,2348944,0.00001090,19.00000000,0
1531227639592,1531227639589,2348945,0.00001089,1959.00000000,0
1531227639592,1531227639589,2348946,0.00001090,990.00000000,0
1531227676295,1531227676294,2348947,0.00001085,1.00000000,1
1531227693145,1531227693142,2348948,0.00001085,7.00000000,1
1531227802802,1531227802798,2348949,0.00001087,95.00000000,1
1531227816121,1531227816116,2348950,0.00001087,125.00000000,1
1531227817106,1531227817105,2348951,0.00001087,101.00000000,1
1531227876376,1531227876375,2348952,0.00001087,1.00000000,1
1531227949985,1531227949981,2348953,0.00001087,51.00000000,1
1531228017228,1531228017224,2348954,0.00001087,750.00000000,1
1531228042843,1531228042835,2348955,0.00001087,4.00000000,1
1531228076039,1531228076034,2348956,0.00001088,1588.00000000,1
1531228130421,1531228130417,2348957,0.00001088,1049.00000000,1
1531228130421,1531228130417,2348958,0.00001087,3290.00000000,1
1531228130421,1531228130417,2348959,0.00001086,661.00000000,1
1531228133377,1531228133374,2348960,0.00001089,1633.00000000,1
1531228181375,1531228181371,2348961,0.00001087,1.00000000,1
1531228277626,1531228277621,2348962,0.00001088,18.00000000,1
1531228296029,1531228296025,2348963,0.00001088,7.00000000,1
1531228378474,1531228378470,2348964,0.00001089,40.00000000,1
1531228403023,1531228403019,2348965,0.00001089,19.00000000,1
1531228572269,1531228572265,2348966,0.00001089,6.00000000,1
1531228600075,1531228600072,2348967,0.00001092,540.00000000,1
1531228602436,1531228602433,2348968,0.00001091,201.00000000,1
1531228703996,1531228703992,2348969,0.00001089,19.00000000,1
1531228745807,1531228745803,2348970,0.00001089,20.00000000,1
1531228779649,1531228779644,2348971,0.00001089,124.00000000,1
1531228787783,1531228787779,2348972,0.00001093,29.00000000,0
1531228819404,1531228819400,2348973,0.00001093,192.00000000,0
1531228819666,1531228819662,2348974,0.00001094,225.00000000,1
1531228819672,1531228819668,2348975,0.00001094,563.00000000,1
1531228820431,1531228820425,2348976,0.00001094,457.00000000,1
1531228820963,1531228820960,2348977,0.00001094,184.00000000,1
1531228829796,1531228829792,2348978,0.00001094,457.00000000,1
1531228831401,1531228831396,2348979,0.00001094,72.00000000,1
1531228899143,1531228899137,2348980,0.00001089,563.00000000,1
1531228899143,1531228899137,2348981,0.00001087,778.00000000,1
1531228899143,1531228899137,2348982,0.00001086,2189.00000000,1
1531228899143,1531228899137,2348983,0.00001085,11412.00000000,1
1531228900436,1531228900432,2348984,0.00001084,2.00000000,1
1531228925568,1531228925563,2348985,0.00001085,627.00000000,1
1531228925568,1531228925563,2348986,0.00001084,4519.00000000,1
1531228931066,1531228931061,2348987,0.00001086,2.00000000,1
1531228952163,1531228952159,2348988,0.00001090,1048.00000000,0
1531228952163,1531228952159,2348989,0.00001093,1191.00000000,0
1531228952343,1531228952340,2348990,0.00001093,217.00000000,1
1531228952477,1531228952473,2348991,0.00001093,627.00000000,1
1531228979156,1531228979151,2348992,0.00001093,42662.00000000,1
1531228985069,1531228985063,2348993,0.00001094,2500.00000000,0
1531228999797,1531228999794,2348994,0.00001083,93.00000000,1
1531228999797,1531228999794,2348995,0.00001081,30.00000000,1
1531229048252,1531229048247,2348996,0.00001088,611.00000000,1
1531229048252,1531229048247,2348997,0.00001082,37435.00000000,1
1531229097032,1531229097028,2348998,0.00001087,2.00000000,0
1531229098328,1531229098323,2348999,0.00001087,609.00000000,0
1531229098328,1531229098323,2349000,0.00001088,7845.00000000,0
1531229099703,1531229099696,2349001,0.00001088,252.00000000,0
1531229193218,1531229193214,2349002,0.00001086,3.00000000,1
1531229195143,1531229195139,2349003,0.00001087,3.00000000,1
1531229299870,1531229299866,2349004,0.00001091,1.00000000,0
1531229299967,1531229299962,2349005,0.00001091,1850.00000000,0
1531229301456,1531229301453,2349006,0.00001092,1261.00000000,0
1531229342933,1531229342925,2349007,0.00001089,635.00000000,1
1531229342958,1531229342954,2349008,0.00001088,610.00000000,1
1531229342968,1531229342963,2349009,0.00001088,635.00000000,1
1531229348696,1531229348691,2349010,0.00001088,635.00000000,0
1531229386306,1531229386300,2349011,0.00001094,914.00000000,0
1531229387245,1531229387241,2349012,0.00001094,9.00000000,0
1531229429867,1531229429862,2349013,0.00001090,300.00000000,1
1531229463274,1531229463270,2349014,0.00001094,3.00000000,0
1531229469722,1531229469721,2349015,0.00001091,762.00000000,0
1531229576443,1531229576439,2349016,0.00001086,636.00000000,1
1531229576462,1531229576458,2349017,0.00001085,117.00000000,1
1531229576467,1531229576463,2349018,0.00001084,129.00000000,1
1531229576467,1531229576463,2349019,0.00001083,507.00000000,1
1531229584117,1531229584113,2349020,0.00001086,1.00000000,0
1531229584117,1531229584113,2349021,0.00001090,573.00000000,0
1531229631943,1531229631938,2349022,0.00001090,180.00000000,0
1531229631958,1531229631954,2349023,0.00001090,551.00000000,1
1531229631969,1531229631965,2349024,0.00001090,59.00000000,1
1531229679310,1531229679305,2349025,0.00001094,914.00000000,0
1531229685067,1531229685062,2349026,0.00001094,8.00000000,0
1531229763486,1531229763476,2349027,0.00001094,747.00000000,0
1531229763486,1531229763476,2349028,0.00001095,571.00000000,0
1531229763486,1531229763476,2349029,0.00001096,356.00000000,0
1531229763486,1531229763476,2349030,0.00001098,110.00000000,0
1531229793802,1531229793796,2349031,0.00001093,167.00000000,0
1531229794368,1531229794364,2349032,0.00001093,36076.00000000,0
1531229794368,1531229794364,2349033,0.00001094,3012.00000000,0
1531229825166,1531229825161,2349034,0.00001094,16480.00000000,0
1531229832528,1531229832524,2349035,0.00001090,2.00000000,1
1531229849774,1531229849770,2349036,0.00001090,1.00000000,1
1531229855559,1531229855554,2349037,0.00001100,93.00000000,0
1531229855559,1531229855554,2349038,0.00001103,91.00000000,0
1531229855559,1531229855554,2349039,0.00001105,233.00000000,0
1531229857174,1531229857170,2349040,0.00001091,27.00000000,1
1531229886219,1531229886214,2349041,0.00001103,750.00000000,0
1531229886219,1531229886214,2349042,0.00001104,3131.00000000,0
1531229886219,1531229886214,2349043,0.00001106,109.00000000,0
1531229886219,1531229886214,2349044,0.00001107,1057.00000000,0
1531229886219,1531229886214,2349045,0.00001108,114.00000000,0
1531229891209,1531229891202,2349046,0.00001096,51.00000000,1
1531229892594,1531229892588,2349047,0.00001097,456.00000000,1
1531229896173,1531229896169,2349048,0.00001098,1250.00000000,1
1531229897177,1531229897170,2349049,0.00001098,1661.00000000,1
1531229900942,1531229900937,2349050,0.00001095,38.00000000,1
1531229901168,1531229901164,2349051,0.00001095,38.00000000,1
1531229903257,1531229903253,2349052,0.00001096,184.00000000,1
1531229904195,1531229904190,2349053,0.00001096,971.00000000,1
1531229905179,1531229905175,2349054,0.00001096,972.00000000,1
1531229909818,1531229909812,2349055,0.00001097,202.00000000,1
1531229909818,1531229909812,2349056,0.00001096,20.00000000,1
1531229915391,1531229915385,2349057,0.00001102,5139.00000000,0
1531229915391,1531229915385,2349058,0.00001108,518.00000000,0
1531229922675,1531229922670,2349059,0.00001100,532.00000000,0
1531229925527,1531229925523,2349060,0.00001099,98.00000000,0
1531229925838,1531229925833,2349061,0.00001096,1943.00000000,1
1531229932854,1531229932849,2349062,0.00001098,175.00000000,1
1531229932889,1531229932883,2349063,0.00001098,485.00000000,1
1531229938123,1531229938118,2349064,0.00001097,311.00000000,1
1531229943960,1531229943956,2349065,0.00001101,101.00000000,0
1531229943960,1531229943956,2349066,0.00001102,101.00000000,0
1531229943960,1531229943956,2349067,0.00001105,1943.00000000,0
1531229949855,1531229949852,2349068,0.00001099,100.00000000,1
1531229950850,1531229950846,2349069,0.00001099,100.00000000,1
1531229952425,1531229952421,2349070,0.00001100,196.00000000,1
1531229952426,1531229952421,2349071,0.00001098,485.00000000,1
1531229954641,1531229954637,2349072,0.00001095,414.00000000,1
1531229961045,1531229961041,2349073,0.00001101,200.00000000,0
1531229961045,1531229961041,2349074,0.00001102,899.00000000,0
1531229963112,1531229963108,2349075,0.00001098,138.00000000,1
1531229974225,1531229974218,2349076,0.00001106,196.00000000,0
1531229974225,1531229974218,2349077,0.00001108,1365.00000000,0
1531229974225,1531229974218,2349078,0.00001109,1238.00000000,0
1531229974225,1531229974218,2349079,0.00001110,99.00000000,0
1531229974225,1531229974218,2349080,0.00001111,595.00000000,0
1531229974225,1531229974218,2349081,0.00001112,585.00000000,0
1531229976024,1531229976022,2349082,0.00001103,750.00000000,1
1531229984177,1531229984172,2349083,0.00001106,5.00000000,1
1531229984901,1531229984900,2349084,0.00001106,40.00000000,1
1531229984944,1531229984939,2349085,0.00001106,50.00000000,1
1531229990074,1531229990069,2349086,0.00001106,531.00000000,1
1531230004078,1531230004073,2349087,0.00001110,95.00000000,0
1531230004078,1531230004073,2349088,0.00001112,888.00000000,0
1531230004078,1531230004073,2349089,0.00001113,311.00000000,0
1531230004078,1531230004073,2349090,0.00001114,2442.00000000,0
1531230004078,1531230004073,2349091,0.00001116,244.00000000,0
1531230004223,1531230004218,2349092,0.00001107,142.00000000,1
1531230010384,1531230010378,2349093,0.00001108,267.00000000,1
1531230010384,1531230010378,2349094,0.00001104,5157.00000000,1
1531230010384,1531230010378,2349095,0.00001102,1088.00000000,1
1531230011302,1531230011298,2349096,0.00001103,23.00000000,1
1531230011682,1531230011680,2349097,0.00001103,920.00000000,1
1531230022026,1531230022022,2349098,0.00001105,1073.00000000,1
1531230023893,1531230023889,2349099,0.00001105,41.00000000,1
1531230034219,1531230034214,2349100,0.00001108,267.00000000,0
1531230034219,1531230034214,2349101,0.00001112,100.00000000,0
1531230038927,1531230038920,2349102,0.00001116,271.00000000,0
1531230040907,1531230040903,2349103,0.00001107,400.00000000,1
1531230040907,1531230040903,2349104,0.00001106,1091.00000000,1
1531230053537,1531230053532,2349105,0.00001107,200.00000000,0
1531230064195,1531230064190,2349106,0.00001108,200.00000000,0
1531230064195,1531230064190,2349107,0.00001113,943.00000000,0
1531230093835,1531230093830,2349108,0.00001109,26.00000000,1
1531230094271,1531230094265,2349109,0.00001115,5157.00000000,0
1531230094271,1531230094265,2349110,0.00001118,1130.00000000,0
1531230096962,1531230096957,2349111,0.00001111,521.00000000,1
1531230097626,1531230097620,2349112,0.00001113,68.00000000,1
1531230106942,1531230106937,2349113,0.00001115,356.00000000,1
1531230106972,1531230106967,2349114,0.00001115,404.00000000,1
1531230107961,1531230107957,2349115,0.00001116,413.00000000,1
1531230108059,1531230108054,2349116,0.00001116,200.00000000,1
1531230108060,1531230108054,2349117,0.00001115,38.00000000,1
1531230108409,1531230108403,2349118,0.00001115,306.00000000,1
1531230110668,1531230110664,2349119,0.00001115,772.00000000,1
1531230126973,1531230126968,2349120,0.00001115,136.00000000,1
1531230127035,1531230127031,2349121,0.00001115,21.00000000,1
1531230127080,1531230127075,2349122,0.00001115,38.00000000,1
1531230127092,1531230127087,2349123,0.00001115,32.00000000,1
1531230127123,1531230127119,2349124,0.00001115,100.00000000,1
1531230127160,1531230127155,2349125,0.00001115,59.00000000,1
1531230127230,1531230127225,2349126,0.00001115,35.00000000,1
1531230127254,1531230127248,2349127,0.00001115,27.00000000,1
1531230127290,1531230127285,2349128,0.00001115,25.00000000,1
1531230127326,1531230127322,2349129,0.00001115,19.00000000,1
1531230127471,1531230127464,2349130,0.00001115,71.00000000,1
1531230127651,1531230127646,2349131,0.00001115,26.00000000,1
1531230127701,1531230127696,2349132,0.00001115,35.00000000,1
1531230127719,1531230127715,2349133,0.00001115,21.00000000,1
1531230127754,1531230127750,2349134,0.00001115,127.00000000,1
1531230127806,1531230127801,2349135,0.00001115,21.00000000,1
1531230127839,1531230127835,2349136,0.00001115,24.00000000,1
1531230127864,1531230127859,2349137,0.00001115,55.00000000,1
1531230128086,1531230128081,2349138,0.00001115,23.00000000,1
1531230128183,1531230128179,2349139,0.00001115,21.00000000,1
1531230128203,1531230128197,2349140,0.00001115,100.00000000,1
1531230128242,1531230128237,2349141,0.00001115,37.00000000,1
1531230128262,1531230128258,2349142,0.00001115,26.00000000,1
1531230128434,1531230128430,2349143,0.00001115,85.00000000,1
1531230213493,1531230213489,2349144,0.00001116,27.00000000,1
1531230213671,1531230213668,2349145,0.00001115,27.00000000,1
1531230213671,1531230213668,2349146,0.00001115,54.00000000,1
1531230213718,1531230213713,2349147,0.00001115,51.00000000,1
1531230213778,1531230213771,2349148,0.00001115,36.00000000,1
1531230213819,1531230213814,2349149,0.00001115,40.00000000,1
1531230213858,1531230213855,2349150,0.00001115,81.00000000,1
1531230213897,1531230213892,2349151,0.00001115,52.00000000,1
1531230213961,1531230213956,2349152,0.00001115,95.00000000,1
1531230213987,1531230213980,2349153,0.00001115,56.00000000,1
1531230214018,1531230214013,2349154,0.00001115,27.00000000,1
1531230214073,1531230214068,2349155,0.00001115,28.00000000,1
1531230214189,1531230214185,2349156,0.00001115,58.00000000,1
1531230214263,1531230214253,2349157,0.00001115,22.00000000,1
1531230214284,1531230214277,2349158,0.00001115,63.00000000,1
1531230257563,1531230257559,2349159,0.00001115,46.00000000,1
1531230262964,1531230262959,2349160,0.00001115,2646.00000000,1
1531230297410,1531230297403,2349161,0.00001115,26.00000000,1
1531230303048,1531230303044,2349162,0.00001115,2661.00000000,1
1531230330101,1531230330096,2349163,0.00001108,229.00000000,1
1531230335735,1531230335731,2349164,0.00001114,521.00000000,0
1531230335735,1531230335731,2349165,0.00001115,979.00000000,0
1531230364370,1531230364366,2349166,0.00001108,19.00000000,1
1531230379575,1531230379570,2349167,0.00001115,1210.00000000,0
1531230379594,1531230379589,2349168,0.00001117,170.00000000,1
1531230380542,1531230380538,2349169,0.00001117,120.00000000,1
1531230393307,1531230393301,2349170,0.00001122,167.00000000,0
1531230393307,1531230393301,2349171,0.00001125,189.00000000,0
1531230393307,1531230393301,2349172,0.00001127,1144.00000000,0
1531230394114,1531230394109,2349173,0.00001115,244.00000000,1
1531230437625,1531230437621,2349174,0.00001115,826.00000000,1
1531230443347,1531230443343,2349175,0.00001119,4.00000000,0
1531230501279,1531230501274,2349176,0.00001115,41.00000000,1
1531230505330,1531230505325,2349177,0.00001115,4.00000000,1
1531230538047,1531230538043,2349178,0.00001116,1035.00000000,1
1531230541351,1531230541347,2349179,0.00001116,26.00000000,1
1531230541486,1531230541483,2349180,0.00001116,226.00000000,1
1531230541516,1531230541511,2349181,0.00001116,52.00000000,1
1531230541666,1531230541662,2349182,0.00001116,78.00000000,1
1531230541727,1531230541723,2349183,0.00001116,23.00000000,1
1531230541751,1531230541747,2349184,0.00001116,26.00000000,1
1531230541803,1531230541799,2349185,0.00001116,169.00000000,1
1531230541864,1531230541859,2349186,0.00001116,42.00000000,1
1531230541921,1531230541918,2349187,0.00001116,38.00000000,1
1531230541965,1531230541961,2349188,0.00001116,25.00000000,1
1531230542143,1531230542139,2349189,0.00001116,58.00000000,1
1531230542180,1531230542173,2349190,0.00001116,25.00000000,1
1531230542183,1531230542178,2349191,0.00001116,59.00000000,1
1531230542277,1531230542273,2349192,0.00001116,81.00000000,1
1531230542308,1531230542304,2349193,0.00001116,67.00000000,1
1531230542350,1531230542345,2349194,0.00001116,20.00000000,1
1531230542406,1531230542402,2349195,0.00001116,356.00000000,1
1531230559908,1531230559903,2349196,0.00001115,3.00000000,1
1531230573104,1531230573099,2349197,0.00001115,33.00000000,1
1531230591070,1531230591066,2349198,0.00001115,1056.00000000,1
1531230593718,1531230593714,2349199,0.00001116,4000.00000000,1
1531230596810,1531230596805,2349200,0.00001115,527.00000000,1
1531230615822,1531230615818,2349201,0.00001111,23.00000000,1
1531230670940,1531230670935,2349202,0.00001109,14.00000000,1
1531230747731,1531230747726,2349203,0.00001109,860.00000000,1
1531230749761,1531230749757,2349204,0.00001111,2000.00000000,0
1531230845505,1531230845501,2349205,0.00001109,27.00000000,1
1531230850159,1531230850154,2349206,0.00001111,406.00000000,0
1531230851356,1531230851350,2349207,0.00001112,333.00000000,0
1531230853541,1531230853536,2349208,0.00001112,450.00000000,0
1531230854164,1531230854162,2349209,0.00001112,331.00000000,0
1531230856669,1531230856665,2349210,0.00001112,450.00000000,0
1531230859800,1531230859795,2349211,0.00001112,619.00000000,0
1531230883488,1531230883483,2349212,0.00001112,72.00000000,0
1531230887666,1531230887664,2349213,0.00001111,12.00000000,1
1531230891702,1531230891698,2349214,0.00001112,2000.00000000,0
1531230943088,1531230943083,2349215,0.00001114,69.00000000,0
1531230949250,1531230949245,2349216,0.00001111,3346.00000000,1
1531230951169,1531230951163,2349217,0.00001111,1853.00000000,1
1531230958185,1531230958180,2349218,0.00001109,1778.00000000,1
1531230959130,1531230959127,2349219,0.00001107,1261.00000000,1
1531230959130,1531230959127,2349220,0.00001105,1361.00000000,1
1531230959130,1531230959127,2349221,0.00001103,539.00000000,1
1531230959130,1531230959127,2349222,0.00001102,185.00000000,1
1531230960470,1531230960466,2349223,0.00001109,562.00000000,0
1531230960681,1531230960676,2349224,0.00001108,185.00000000,0
1531230960836,1531230960831,2349225,0.00001108,117.00000000,0
1531230960927,1531230960923,2349226,0.00001108,496.00000000,0
1531230963132,1531230963127,2349227,0.00001107,680.00000000,1
1531230963207,1531230963202,2349228,0.00001103,922.00000000,1
1531230965324,1531230965320,2349229,0.00001110,186.00000000,0
1531230965496,1531230965491,2349230,0.00001107,3190.00000000,1
1531230976206,1531230976202,2349231,0.00001107,1045.00000000,1
1531231015181,1531231015177,2349232,0.00001107,1207.00000000,1
1531231017144,1531231017140,2349233,0.00001107,603.00000000,1
1531231019343,1531231019339,2349234,0.00001110,4430.00000000,0
1531231031208,1531231031205,2349235,0.00001107,12.00000000,1
1531231039055,1531231039050,2349236,0.00001107,32.00000000,1
1531231054488,1531231054484,2349237,0.00001110,551.00000000,0
1531231054488,1531231054484,2349238,0.00001111,1261.00000000,0
1531231054488,1531231054484,2349239,0.00001112,677.00000000,0
1531231054488,1531231054484,2349240,0.00001113,1261.00000000,0
1531231054488,1531231054484,2349241,0.00001115,100.00000000,0
1531231063063,1531231063059,2349242,0.00001110,2250.00000000,1
1531231064611,1531231064606,2349243,0.00001111,1493.00000000,1
1531231084193,1531231084189,2349244,0.00001117,1493.00000000,0
1531231084193,1531231084189,2349245,0.00001118,673.00000000,0
1531231084193,1531231084189,2349246,0.00001120,244.00000000,0
1531231084193,1531231084189,2349247,0.00001123,1564.00000000,0
1531231096322,1531231096315,2349248,0.00001114,20.00000000,1
1531231113858,1531231113852,2349249,0.00001122,671.00000000,0
1531231113858,1531231113852,2349250,0.00001123,176.00000000,0
1531231113858,1531231113852,2349251,0.00001125,150.00000000,0
1531231113858,1531231113852,2349252,0.00001126,449.00000000,0
1531231113858,1531231113852,2349253,0.00001128,1007.00000000,0
1531231117017,1531231117014,2349254,0.00001117,67.00000000,1
1531231117059,1531231117054,2349255,0.00001117,108.00000000,1
1531231117075,1531231117071,2349256,0.00001117,1.00000000,1
1531231117091,1531231117086,2349257,0.00001117,55.00000000,1
1531231117160,1531231117155,2349258,0.00001117,36.00000000,1
1531231117204,1531231117201,2349259,0.00001117,22.00000000,1
1531231117269,1531231117266,2349260,0.00001117,27.00000000,1
1531231117308,1531231117303,2349261,0.00001117,238.00000000,1
1531231117378,1531231117374,2349262,0.00001117,53.00000000,1
1531231117431,1531231117426,2349263,0.00001117,24.00000000,1
1531231117455,1531231117452,2349264,0.00001117,26.00000000,1
1531231117522,1531231117517,2349265,0.00001117,20.00000000,1
1531231117568,1531231117564,2349266,0.00001117,79.00000000,1
1531231117594,1531231117591,2349267,0.00001117,39.00000000,1
1531231120697,1531231120693,2349268,0.00001120,672.00000000,1
1531231123512,1531231123507,2349269,0.00001118,18.00000000,1
1531231133088,1531231133084,2349270,0.00001119,640.00000000,1
1531231133106,1531231133101,2349271,0.00001118,116.00000000,1
1531231133106,1531231133101,2349272,0.00001115,524.00000000,1
1531231140796,1531231140790,2349273,0.00001117,640.00000000,1
1531231143104,1531231143102,2349274,0.00001117,34.00000000,1
1531231144043,1531231144038,2349275,0.00001117,82.00000000,0
1531231144043,1531231144038,2349276,0.00001118,391.00000000,0
1531231144043,1531231144038,2349277,0.00001120,795.00000000,0
1531231144043,1531231144038,2349278,0.00001122,671.00000000,0
1531231145588,1531231145583,2349279,0.00001120,100.00000000,1
1531231153137,1531231153132,2349280,0.00001119,92.00000000,1
1531231154660,1531231154655,2349281,0.00001118,91.00000000,1
1531231157669,1531231157663,2349282,0.00001119,101.00000000,1
1531231162403,1531231162399,2349283,0.00001119,104.00000000,1
1531231162444,1531231162439,2349284,0.00001119,51.00000000,1
1531231162472,1531231162468,2349285,0.00001119,59.00000000,1
1531231162510,1531231162505,2349286,0.00001119,45.00000000,1
1531231162528,1531231162523,2349287,0.00001119,54.00000000,1
1531231162694,1531231162689,2349288,0.00001119,210.00000000,1
1531231162736,1531231162731,2349289,0.00001119,49.00000000,1
1531231162736,1531231162731,2349290,0.00001116,59.00000000,1
1531231162771,1531231162766,2349291,0.00001116,38.00000000,1
1531231162810,1531231162806,2349292,0.00001116,40.00000000,1
1531231162840,1531231162837,2349293,0.00001116,130.00000000,1
1531231162882,1531231162879,2349294,0.00001116,144.00000000,1
1531231162921,1531231162917,2349295,0.00001116,116.00000000,1
1531231162952,1531231162948,2349296,0.00001116,49.00000000,1
1531231162998,1531231162994,2349297,0.00001116,53.00000000,1
1531231163024,1531231163019,2349298,0.00001116,59.00000000,1
1531231163090,1531231163085,2349299,0.00001116,168.00000000,1
1531231163101,1531231163096,2349300,0.00001116,50.00000000,1
1531231163245,1531231163240,2349301,0.00001115,134.00000000,1
1531231163270,1531231163265,2349302,0.00001115,53.00000000,1
1531231163303,1531231163299,2349303,0.00001115,230.00000000,1
1531231163335,1531231163329,2349304,0.00001115,211.00000000,1
1531231163365,1531231163359,2349305,0.00001115,63.00000000,1
1531231163417,1531231163413,2349306,0.00001115,97.00000000,1
1531231163465,1531231163459,2349307,0.00001115,141.00000000,1
1531231163489,1531231163484,2349308,0.00001115,105.00000000,1
1531231175205,1531231175200,2349309,0.00001115,91.00000000,0
1531231175205,1531231175200,2349310,0.00001118,673.00000000,0
1531231175205,1531231175200,2349311,0.00001120,906.00000000,0
1531231175205,1531231175200,2349312,0.00001121,208.00000000,0
1531231175274,1531231175270,2349313,0.00001114,110.00000000,1
1531231185712,1531231185708,2349314,0.00001114,179.00000000,1
1531231204045,1531231204040,2349315,0.00001118,673.00000000,0
1531231204045,1531231204040,2349316,0.00001120,110.00000000,0
1531231222209,1531231222204,2349317,0.00001117,674.00000000,1
1531231228032,1531231228028,2349318,0.00001116,94.00000000,1
1531231228201,1531231228197,2349319,0.00001117,2179.00000000,1
1531231229219,1531231229214,2349320,0.00001117,708.00000000,1
1531231233908,1531231233903,2349321,0.00001120,1000.00000000,0
1531231233908,1531231233903,2349322,0.00001121,672.00000000,0
1531231233908,1531231233903,2349323,0.00001126,133.00000000,0
1531231248819,1531231248815,2349324,0.00001119,673.00000000,1
1531231263864,1531231263857,2349325,0.00001124,670.00000000,0
1531231263864,1531231263857,2349326,0.00001125,7000.00000000,0
1531231263864,1531231263857,2349327,0.00001129,1344.00000000,0
1531231263864,1531231263857,2349328,0.00001130,1376.00000000,0
1531231264061,1531231264057,2349329,0.00001119,62.00000000,1
1531231266254,1531231266250,2349330,0.00001119,315.00000000,1
1531231268477,1531231268474,2349331,0.00001119,73.00000000,1
1531231268561,1531231268557,2349332,0.00001119,104.00000000,1
1531231268620,1531231268616,2349333,0.00001119,187.00000000,1
1531231268733,1531231268727,2349334,0.00001119,122.00000000,1
1531231268797,1531231268793,2349335,0.00001119,144.00000000,1
1531231268847,1531231268842,2349336,0.00001119,52.00000000,1
1531231268909,1531231268904,2349337,0.00001119,52.00000000,1
1531231270466,1531231270462,2349338,0.00001122,671.00000000,1
1531231270998,1531231270994,2349339,0.00001120,4265.00000000,1
1531231277321,1531231277316,2349340,0.00001118,85.00000000,1
1531231281820,1531231281816,2349341,0.00001118,26.00000000,1
1531231294883,1531231294877,2349342,0.00001121,1798.00000000,0
1531231294883,1531231294877,2349343,0.00001122,1342.00000000,0
1531231308516,1531231308513,2349344,0.00001120,53.00000000,1
1531231308570,1531231308566,2349345,0.00001120,47.00000000,1
1531231308570,1531231308566,2349346,0.00001119,93.00000000,1
1531231308613,1531231308608,2349347,0.00001119,213.00000000,1
1531231308644,1531231308638,2349348,0.00001119,294.00000000,1
1531231308671,1531231308667,2349349,0.00001119,73.00000000,1
1531231308671,1531231308667,2349350,0.00001118,220.00000000,1
1531231308705,1531231308700,2349351,0.00001118,199.00000000,1
1531231308743,1531231308739,2349352,0.00001118,149.00000000,1
1531231308821,1531231308817,2349353,0.00001118,55.00000000,1
1531231319685,1531231319680,2349354,0.00001119,560.00000000,1
1531231319685,1531231319680,2349355,0.00001118,1160.00000000,1
1531231319685,1531231319680,2349356,0.00001118,190.00000000,1
1531231324031,1531231324025,2349357,0.00001122,671.00000000,0
1531231324031,1531231324025,2349358,0.00001123,560.00000000,0
1531231324031,1531231324025,2349359,0.00001124,1726.00000000,0
1531231326959,1531231326954,2349360,0.00001119,376.00000000,1
1531231326968,1531231326963,2349361,0.00001118,95.00000000,1
1531231326975,1531231326971,2349362,0.00001118,188.00000000,1
1531231327036,1531231327032,2349363,0.00001118,204.00000000,1
1531231327317,1531231327313,2349364,0.00001118,172.00000000,0
1531231327317,1531231327313,2349365,0.00001119,342.00000000,0
1531231352795,1531231352790,2349366,0.00001117,132.00000000,1
1531231354224,1531231354219,2349367,0.00001118,376.00000000,0
1531231354224,1531231354219,2349368,0.00001120,672.00000000,0
1531231356013,1531231356007,2349369,0.00001118,300.00000000,1
1531231364848,1531231364843,2349370,0.00001117,36.00000000,1
1531231373975,1531231373971,2349371,0.00001117,43.00000000,1
1531231376637,1531231376634,2349372,0.00001116,150.00000000,0
1531231383997,1531231383991,2349373,0.00001117,107.00000000,0
1531231383997,1531231383991,2349374,0.00001118,673.00000000,0
1531231383997,1531231383991,2349375,0.00001123,487.00000000,0
1531231384722,1531231384718,2349376,0.00001116,5.00000000,1
1531231415564,1531231415560,2349377,0.00001124,783.00000000,0
1531231415564,1531231415560,2349378,0.00001130,5228.00000000,0
1531231418249,1531231418245,2349379,0.00001120,110.00000000,1
1531231428508,1531231428504,2349380,0.00001120,5181.00000000,1
1531231438402,1531231438397,2349381,0.00001121,50.00000000,1
1531231438444,1531231438440,2349382,0.00001121,20.00000000,1
1531231438475,1531231438469,2349383,0.00001121,55.00000000,1
1531231438535,1531231438531,2349384,0.00001121,25.00000000,1
1531231438654,1531231438650,2349385,0.00001121,49.00000000,1
1531231438691,1531231438687,2349386,0.00001121,473.00000000,1
1531231438691,1531231438687,2349387,0.00001120,49.00000000,1
1531231438704,1531231438701,2349388,0.00001120,25.00000000,1
1531231438762,1531231438757,2349389,0.00001120,102.00000000,1
1531231438789,1531231438785,2349390,0.00001120,56.00000000,1
1531231438885,1531231438881,2349391,0.00001120,18.00000000,1
1531231444083,1531231444079,2349392,0.00001124,250.00000000,0
1531231444083,1531231444079,2349393,0.00001126,669.00000000,0
1531231444453,1531231444448,2349394,0.00001122,445.00000000,1
1531231450135,1531231450132,2349395,0.00001123,670.00000000,1
1531231474225,1531231474220,2349396,0.00001128,5291.00000000,0
1531231474225,1531231474220,2349397,0.00001129,445.00000000,0
1531231474225,1531231474220,2349398,0.00001131,107.00000000,0
1531231475510,1531231475504,2349399,0.00001121,5462.00000000,1
1531231476311,1531231476307,2349400,0.00001120,130.00000000,1
1531231476333,1531231476327,2349401,0.00001120,124.00000000,1
1531231481236,1531231481231,2349402,0.00001119,1020.00000000,1
1531231485393,1531231485391,2349403,0.00001119,4.00000000,1
1531231504858,1531231504852,2349404,0.00001122,671.00000000,0
1531231504858,1531231504852,2349405,0.00001124,5213.00000000,0
1531231504858,1531231504852,2349406,0.00001125,996.00000000,0
1531231506225,1531231506221,2349407,0.00001121,5227.00000000,1
1531231508998,1531231508992,2349408,0.00001121,2.00000000,0
1531231509010,1531231509003,2349409,0.00001123,1498.00000000,1
1531231509030,1531231509024,2349410,0.00001120,445.00000000,1
1531231509030,1531231509024,2349411,0.00001118,673.00000000,1
1531231509030,1531231509024,2349412,0.00001115,380.00000000,1
1531231509845,1531231509841,2349413,0.00001122,445.00000000,1
1531231510112,1531231510110,2349414,0.00001123,1500.00000000,1
1531231510215,1531231510210,2349415,0.00001121,2670.00000000,1
1531231510298,1531231510294,2349416,0.00001121,1.00000000,0
1531231520763,1531231520758,2349417,0.00001121,533.00000000,1
1531231524603,1531231524599,2349418,0.00001116,4.00000000,1
1531231534772,1531231534766,2349419,0.00001122,254.00000000,0
1531231534772,1531231534766,2349420,0.00001123,1500.00000000,0
1531231534772,1531231534766,2349421,0.00001127,3115.00000000,0
1531231549412,1531231549408,2349422,0.00001116,432.00000000,1
1531231549538,1531231549534,2349423,0.00001115,432.00000000,1
1531231553887,1531231553881,2349424,0.00001115,1314.00000000,1
1531231553887,1531231553881,2349425,0.00001113,806.00000000,1
1531231554197,1531231554194,2349426,0.00001113,898.00000000,0
