event_time,trade_time,trade_id,price,quantity,maker
1531210606990,1531210606986,1049823,0.00015900,0.01000000,0
1531210806797,1531210806791,1049824,0.00015900,78.48000000,0
1531210806797,1531210806791,1049825,0.00016000,6.26000000,0
1531210806797,1531210806791,1049826,0.00016020,232.82000000,0
1531210806797,1531210806791,1049827,0.00016050,497.88000000,0
1531211205548,1531211205545,1049828,0.00015960,44.24000000,1
1531211271226,1531211271224,1049829,0.00015960,5.75000000,1
1531211764504,1531211764499,1049830,0.00015930,0.20000000,0
1531211791542,1531211791541,1049831,0.00015820,45.33000000,1
1531211791542,1531211791541,1049832,0.00015790,96.04000000,1
1531211857643,1531211857638,1049833,0.00015790,77.60000000,1
1531211857753,1531211857749,1049834,0.00015790,102.33000000,0
1531212102920,1531212102912,1049835,0.00015880,1.23000000,0
1531212287117,1531212287113,1049836,0.00015880,0.08000000,0
1531212640537,1531212640533,1049837,0.00015880,48.93000000,0
1531212640537,1531212640533,1049838,0.00015950,14.04000000,0
1531212659604,1531212659599,1049839,0.00015910,2.05000000,0
1531212662612,1531212662608,1049840,0.00015910,0.01000000,0
1531213246253,1531213246248,1049841,0.00015910,48.08000000,0
1531213246253,1531213246248,1049842,0.00015940,171.49000000,0
1531213246253,1531213246248,1049843,0.00015960,85.18000000,0
1531213432868,1531213432862,1049844,0.00015870,0.50000000,1
1531213434061,1531213434056,1049845,0.00015860,0.50000000,1
1531213866140,1531213866135,1049846,0.00015870,6.62000000,1
1531214254743,1531214254740,1049847,0.00015860,13.18000000,1
1531214844488,1531214844484,1049848,0.00015940,50.05000000,0
1531214844488,1531214844484,1049849,0.00015960,12.68000000,0
1531215034167,1531215034162,1049850,0.00015870,5.04000000,1
1531215056395,1531215056391,1049851,0.00015870,19.98000000,1
1531215108326,1531215108321,1049852,0.00015870,12.48000000,1
1531215108326,1531215108321,1049853,0.00015860,30.44000000,1
1531215159188,1531215159184,1049854,0.00015860,0.13000000,1
1531215267900,1531215267897,1049855,0.00015860,6.05000000,1
1531215268992,1531215268987,1049856,0.00015860,267.11000000,0
1531215285433,1531215285430,1049857,0.00015890,73.92000000,0
1531215286190,1531215286185,1049858,0.00015890,193.19000000,0
1531215350283,1531215350279,1049859,0.00015820,0.24000000,1
1531215574670,1531215574666,1049860,0.00015820,6.07000000,1
1531215625314,1531215625310,1049861,0.00015820,44.12000000,1
1531215625314,1531215625310,1049862,0.00015770,189.22000000,1
1531215625314,1531215625310,1049863,0.00015760,1153.38000000,1
1531215644994,1531215644990,1049864,0.00015790,50.52000000,1
1531215644994,1531215644990,1049865,0.00015760,2055.54000000,1
1531215650119,1531215650115,1049866,0.00015700,50.81000000,1
1531215760834,1531215760829,1049867,0.00015720,63.61000000,0
1531215852307,1531215852303,1049868,0.00015720,63.61000000,0
1531215937944,1531215937939,1049869,0.00015740,0.11000000,0
1531216081169,1531216081166,1049870,0.00015740,2.50000000,0
1531216431131,1531216431126,1049871,0.00015740,1.90000000,0
1531216692920,1531216692916,1049872,0.00015690,17.75000000,0
1531217082189,1531217082186,1049873,0.00015790,0.19000000,0
1531217145825,1531217145821,1049874,0.00015790,50.33000000,0
1531217165463,1531217165459,1049875,0.00015820,28.00000000,1
1531217179270,1531217179266,1049876,0.00015820,22.00000000,1
1531217553107,1531217553103,1049877,0.00015900,20.00000000,0
1531217568208,1531217568203,1049878,0.00015900,20.00000000,0
1531217580953,1531217580949,1049879,0.00015900,10.17000000,0
1531217614933,1531217614929,1049880,0.00016030,1.98000000,0
1531217617595,1531217617591,1049881,0.00016030,0.01000000,0
1531217664382,1531217664378,1049882,0.00016030,56.00000000,0
1531217664656,1531217664652,1049883,0.00016030,30.00000000,0
1531217696339,1531217696334,1049884,0.00016030,105.20000000,0
1531217697325,1531217697322,1049885,0.00016030,32.79000000,1
1531217713893,1531217713888,1049886,0.00016030,0.01000000,1
1531217871572,1531217871569,1049887,0.00015850,6.57000000,1
1531217893364,1531217893360,1049888,0.00016020,25.00000000,0
1531217893364,1531217893360,1049889,0.00016030,37.42000000,0
1531218007644,1531218007640,1049890,0.00015900,0.03000000,1
1531218435552,1531218435546,1049891,0.00016000,49.86000000,0
1531218435552,1531218435546,1049892,0.00016070,12.63000000,0
1531218605896,1531218605892,1049893,0.00015960,0.03000000,1
1531218802063,1531218802057,1049894,0.00015970,10.00000000,1
1531218802063,1531218802057,1049895,0.00015960,49.96000000,1
1531218802063,1531218802057,1049896,0.00015900,25.16000000,1
1531218802063,1531218802057,1049897,0.00015800,121.96000000,1
1531218802063,1531218802057,1049898,0.00015790,89.92000000,1
1531218802147,1531218802141,1049899,0.00015790,23.13000000,1
1531218802909,1531218802904,1049900,0.00015830,44.87000000,0
1531218802934,1531218802929,1049901,0.00015830,0.03000000,0
1531218816583,1531218816578,1049902,0.00015800,6.33000000,1
1531218983402,1531218983397,1049903,0.00015800,2.52000000,0
1531219003245,1531219003240,1049904,0.00015790,0.43000000,0
1531219204558,1531219204554,1049905,0.00015720,0.03000000,1
1531219227647,1531219227642,1049906,0.00015800,3.98000000,0
1531219230661,1531219230656,1049907,0.00015800,0.01000000,0
1531219441620,1531219441615,1049908,0.00015720,0.17000000,1
1531219456820,1531219456815,1049909,0.00015800,43.98000000,0
1531219456823,1531219456821,1049910,0.00015810,42.02000000,0
1531219456823,1531219456821,1049911,0.00015820,2.51000000,0
1531219456899,1531219456894,1049912,0.00015820,62.64000000,0
1531219456910,1531219456905,1049913,0.00015820,47.90000000,0
1531219818043,1531219818041,1049914,0.00015850,5.46000000,1
1531219954208,1531219954204,1049915,0.00015850,0.21000000,1
1531220039887,1531220039881,1049916,0.00015920,153.58000000,0
1531220153732,1531220153727,1049917,0.00016000,56.25000000,0
1531220249713,1531220249709,1049918,0.00016000,0.01000000,0
1531220261301,1531220261295,1049919,0.00016000,37.26000000,0
1531220284485,1531220284477,1049920,0.00016000,2.74000000,1
1531220284485,1531220284477,1049921,0.00015980,49.92000000,1
1531220629421,1531220629416,1049922,0.00015960,1.75000000,1
1531220678723,1531220678719,1049923,0.00015960,48.14000000,1
1531221133071,1531221133066,1049924,0.00015960,0.10000000,1
1531221133071,1531221133066,1049925,0.00015850,7.89000000,1
1531221158512,1531221158506,1049926,0.00015860,15.76000000,1
1531221158537,1531221158532,1049927,0.00015850,20.27000000,0
1531221183921,1531221183917,1049928,0.00015960,49.99000000,0
1531221183921,1531221183917,1049929,0.00016020,12.66000000,0
1531221207101,1531221207096,1049930,0.00015880,50.24000000,1
1531221207101,1531221207096,1049931,0.00015850,64.43000000,1
1531221509424,1531221509418,1049932,0.00015910,11.90000000,0
1531221512952,1531221512947,1049933,0.00015910,0.03000000,0
1531221604649,1531221604645,1049934,0.00015850,0.03000000,1
1531221606065,1531221606061,1049935,0.00015840,0.03000000,1
1531222203980,1531222203975,1049936,0.00015840,0.03000000,1
1531222756639,1531222756634,1049937,0.00015840,0.67000000,1
1531222811294,1531222811289,1049938,0.00015840,4.71000000,1
1531222867401,1531222867396,1049939,0.00015910,44.49000000,0
1531222869111,1531222869107,1049940,0.00015910,5.07000000,0
1531223104052,1531223104048,1049941,0.00015840,44.56000000,1
1531223104052,1531223104048,1049942,0.00015820,63.10000000,1
1531223104052,1531223104048,1049943,0.00015800,44.00000000,1
1531223104052,1531223104048,1049944,0.00015750,6.35000000,1
1531223104052,1531223104048,1049945,0.00015690,38.19000000,1
1531223104052,1531223104048,1049946,0.00015670,13.38000000,1
1531223104052,1531223104048,1049947,0.00015650,25.39000000,1
1531223104052,1531223104048,1049948,0.00015620,9.60000000,1
1531223104052,1531223104048,1049949,0.00015610,61.31000000,1
1531223106072,1531223106067,1049950,0.00015780,7.73000000,0
1531223106348,1531223106344,1049951,0.00015780,5.65000000,0
1531223165527,1531223165523,1049952,0.00015780,2.08000000,1
1531223170746,1531223170743,1049953,0.00015740,50.68000000,0
1531223193828,1531223193824,1049954,0.00015740,24.32000000,1
1531223197874,1531223197869,1049955,0.00015690,0.32000000,1
1531223204913,1531223204908,1049956,0.00015730,61.00000000,0
1531223206948,1531223206944,1049957,0.00015690,6.44000000,1
1531223311843,1531223311839,1049958,0.00015740,6.37000000,0
1531223313899,1531223313896,1049959,0.00015690,0.13000000,1
1531223499591,1531223499587,1049960,0.00015740,2.50000000,0
1531224026013,1531224026014,1049961,0.00015740,50.00000000,0
1531224057954,1531224057951,1049962,0.00015740,490.77000000,0
1531224229865,1531224229862,1049963,0.00015770,37.77000000,0
1531224233961,1531224233960,1049964,0.00015780,50.56000000,0
1531224346497,1531224346496,1049965,0.00015840,0.69000000,0
1531224355247,1531224355244,1049966,0.00015760,1.63000000,1
1531224355975,1531224355972,1049967,0.00015760,13.93000000,1
1531224356714,1531224356711,1049968,0.00015760,26.42000000,1
1531224357384,1531224357380,1049969,0.00015760,1.95000000,1
1531224358325,1531224358322,1049970,0.00015760,6.69000000,1
1531224358325,1531224358322,1049971,0.00015740,0.11000000,1
1531224359210,1531224359208,1049972,0.00015740,7.35000000,1
1531224813832,1531224813829,1049973,0.00015750,42.69000000,1
1531224813832,1531224813829,1049974,0.00015740,17.50000000,1
1531224817846,1531224817843,1049975,0.00015830,10.69000000,0
1531224821203,1531224821198,1049976,0.00015830,0.02000000,0
1531225066131,1531225066128,1049977,0.00015830,4.89000000,0
1531225068807,1531225068804,1049978,0.00015830,0.01000000,0
1531225506650,1531225506646,1049979,0.00015740,100.00000000,1
1531225685518,1531225685514,1049980,0.00015830,27.08000000,0
1531225685518,1531225685514,1049981,0.00015840,16.17000000,0
1531225801222,1531225801219,1049982,0.00015740,521.43000000,1
1531226496367,1531226496364,1049983,0.00015720,0.99000000,0
1531226575162,1531226575159,1049984,0.00015720,44.08000000,0
1531226577198,1531226577195,1049985,0.00015720,4.45000000,0
1531226580210,1531226580207,1049986,0.00015720,0.01000000,0
1531226589285,1531226589281,1049987,0.00015720,1.22000000,0
1531226627796,1531226627791,1049988,0.00015820,19.00000000,0
1531226719383,1531226719380,1049989,0.00015820,0.06000000,0
1531226875659,1531226875654,1049990,0.00015820,0.01000000,0
1531226974556,1531226974552,1049991,0.00015740,50.68000000,1
1531227020110,1531227020107,1049992,0.00015820,0.18000000,0
1531227763765,1531227763761,1049993,0.00015820,0.75000000,0
1531228300570,1531228300566,1049994,0.00015680,2.52000000,1
1531228398887,1531228398883,1049995,0.00015740,2.52000000,1
1531228458064,1531228458058,1049996,0.00015810,4.61000000,0
1531228460756,1531228460752,1049997,0.00015810,0.01000000,0
1531228515165,1531228515159,1049998,0.00015740,48.16000000,1
1531228515165,1531228515159,1049999,0.00015710,19.09000000,1
1531228515165,1531228515159,1050000,0.00015660,50.93000000,1
1531228515165,1531228515159,1050001,0.00015650,6.39000000,1
1531228515165,1531228515159,1050002,0.00015600,28.28000000,1
1531228515165,1531228515159,1050003,0.00015580,318.07000000,1
1531228515182,1531228515179,1050004,0.00015580,50.51000000,0
1531228515188,1531228515184,1050005,0.00015580,147.33000000,0
1531228515197,1531228515194,1050006,0.00015580,50.14000000,0
1531228515219,1531228515215,1050007,0.00015580,390.93000000,0
1531228515220,1531228515216,1050008,0.00015570,19.09000000,1
1531228515221,1531228515218,1050009,0.00015580,50.15000000,0
1531228515228,1531228515224,1050010,0.00015580,6.42000000,0
1531228515317,1531228515312,1050011,0.00015580,13.60000000,0
1531228515807,1531228515803,1050012,0.00015610,51.11000000,0
1531228548742,1531228548734,1050013,0.00015700,77.73000000,0
1531228549406,1531228549402,1050014,0.00015710,64.22000000,0
1531228581558,1531228581554,1050015,0.00015700,6.44000000,1
1531228618194,1531228618188,1050016,0.00015730,10.33000000,0
1531228621537,1531228621533,1050017,0.00015730,0.02000000,0
1531229378825,1531229378820,1050018,0.00015690,50.85000000,1
1531229378825,1531229378820,1050019,0.00015670,13.60000000,1
1531229378825,1531229378820,1050020,0.00015580,354.91000000,1
1531229378837,1531229378833,1050021,0.00015580,50.61000000,0
1531229378840,1531229378836,1050022,0.00015580,50.61000000,0
1531229378844,1531229378838,1050023,0.00015580,50.61000000,0
1531229378847,1531229378843,1050024,0.00015580,50.81000000,0
1531229378864,1531229378860,1050025,0.00015580,50.61000000,0
1531229378894,1531229378890,1050026,0.00015570,8.46000000,1
1531229378894,1531229378890,1050027,0.00015540,6.44000000,1
1531229378894,1531229378890,1050028,0.00015520,35.71000000,1
1531229379174,1531229379168,1050029,0.00015580,38.00000000,0
1531229379189,1531229379186,1050030,0.00015580,37.64000000,0
1531229379486,1531229379481,1050031,0.00015580,312.24000000,0
1531229379716,1531229379712,1050032,0.00015660,55.43000000,1
1531229380545,1531229380540,1050033,0.00015690,38.19000000,0
1531229380573,1531229380572,1050034,0.00015690,44.81000000,1
1531229402485,1531229402479,1050035,0.00015660,21.12000000,0
1531229429878,1531229429874,1050036,0.00015650,6.46000000,1
1531229462480,1531229462475,1050037,0.00015670,100.65000000,0
1531229463492,1531229463487,1050038,0.00015680,77.78000000,0
1531229468554,1531229468550,1050039,0.00015670,50.38000000,0
1531229473477,1531229473473,1050040,0.00015690,50.85000000,0
1531229720309,1531229720307,1050041,0.00015710,78.11000000,0
1531229720332,1531229720327,1050042,0.00015710,24.54000000,1
1531229720334,1531229720327,1050043,0.00015710,24.54000000,1
1531229720635,1531229720633,1050044,0.00015720,57.18000000,0
1531229805647,1531229805642,1050045,0.00015740,0.43000000,0
1531229832034,1531229832030,1050046,0.00015740,45.00000000,0
1531229832788,1531229832784,1050047,0.00015740,32.10000000,0
1531229838676,1531229838672,1050048,0.00015740,78.03000000,0
1531229847579,1531229847575,1050049,0.00015740,8.60000000,0
1531230041944,1531230041938,1050050,0.00015760,2.85000000,0
1531230044956,1531230044951,1050051,0.00015760,0.01000000,0
1531230111728,1531230111724,1050052,0.00015710,222.91000000,1
1531230111728,1531230111724,1050053,0.00015700,3.94000000,1
1531230158905,1531230158901,1050054,0.00015700,0.70000000,1
1531230236391,1531230236387,1050055,0.00015700,4.28000000,1
1531230317647,1531230317642,1050056,0.00015760,0.27000000,0
1531230542540,1531230542534,1050057,0.00015760,0.06000000,0
1531230636669,1531230636664,1050058,0.00015760,2.73000000,0
1531230639706,1531230639701,1050059,0.00015760,0.01000000,0
1531231333083,1531231333078,1050060,0.00015760,0.95000000,0
1531231431448,1531231431443,1050061,0.00015760,0.50000000,0
1531231837396,1531231837390,1050062,0.00015700,6.37000000,1
1531231837396,1531231837390,1050063,0.00015690,47.98000000,1
1531231837396,1531231837390,1050064,0.00015650,54.14000000,1
1531231837396,1531231837390,1050065,0.00015600,6.42000000,1
1531231837396,1531231837390,1050066,0.00015550,185.20000000,1
1531231837396,1531231837390,1050067,0.00015540,220.57000000,1
1531231846546,1531231846542,1050068,0.00015690,1.85000000,0
1531231846679,1531231846674,1050069,0.00015690,2.70000000,0
1531231846833,1531231846828,1050070,0.00015690,2.94000000,0
1531231846873,1531231846869,1050071,0.00015690,2.44000000,0
1531231846982,1531231846978,1050072,0.00015690,6.38000000,0
1531231847097,1531231847095,1050073,0.00015690,11.47000000,0
1531231847162,1531231847156,1050074,0.00015690,1.43000000,0
1531231847295,1531231847292,1050075,0.00015690,2.00000000,0
1531231847348,1531231847342,1050076,0.00015690,1.90000000,0
1531231847484,1531231847481,1050077,0.00015690,2.44000000,0
1531231847565,1531231847562,1050078,0.00015690,2.43000000,0
1531231847660,1531231847656,1050079,0.00015690,1.34000000,0
1531231847818,1531231847814,1050080,0.00015690,2.05000000,0
1531231847868,1531231847863,1050081,0.00015690,2.97000000,0
1531231847925,1531231847921,1050082,0.00015690,1.94000000,0
1531231847985,1531231847978,1050083,0.00015690,1.70000000,0
1531231847985,1531231847978,1050084,0.00015720,5.80000000,0
1531231980659,1531231980654,1050085,0.00015720,11.35000000,0
1531231983338,1531231983333,1050086,0.00015720,0.02000000,0
1531232179553,1531232179547,1050087,0.00015650,27.00000000,1
1531232219068,1531232219063,1050088,0.00015710,21.12000000,0
1531232222093,1531232222088,1050089,0.00015710,0.06000000,0
1531232830925,1531232830922,1050090,0.00015640,5.82000000,1
1531233439802,1531233439797,1050091,0.00015700,0.17000000,0
1531233688150,1531233688147,1050092,0.00015700,0.05000000,0
1531233817723,1531233817718,1050093,0.00015700,0.07000000,0
1531234084134,1531234084131,1050094,0.00015700,0.02000000,0
1531234298294,1531234298290,1050095,0.00015700,1.31000000,0
1531234646159,1531234646155,1050096,0.00015640,50.55000000,1
1531234680070,1531234680066,1050097,0.00015620,6.41000000,1
1531234680070,1531234680066,1050098,0.00015540,0.24000000,1
1531234697713,1531234697712,1050099,0.00015590,48.29000000,1
1531234697713,1531234697712,1050100,0.00015560,88.80000000,1
1531234697713,1531234697712,1050101,0.00015540,37.91000000,1
1531234699299,1531234699297,1050102,0.00015550,61.08000000,1
1531234716209,1531234716207,1050103,0.00015620,147.00000000,0
1531234752213,1531234752211,1050104,0.00015620,36.76000000,0
1531234764352,1531234764350,1050105,0.00015640,36.00000000,0
1531234891455,1531234891453,1050106,0.00015640,12.14000000,0
1531234922822,1531234922820,1050107,0.00015690,19.00000000,0
1531234976785,1531234976783,1050108,0.00015690,0.31000000,0
1531234976785,1531234976783,1050109,0.00015730,0.23000000,0
1531234979837,1531234979834,1050110,0.00015730,0.01000000,0
1531235115253,1531235115252,1050111,0.00015570,1.46000000,1
1531235191321,1531235191318,1050112,0.00015570,1.46000000,1
1531235300009,1531235300011,1050113,0.00015580,1.46000000,1
1531235497902,1531235497900,1050114,0.00015620,1.46000000,1
1531235567320,1531235567318,1050115,0.00015710,2.32000000,0
1531235647916,1531235647912,1050116,0.00015630,43.79000000,1
1531235647916,1531235647912,1050117,0.00015620,46.74000000,1
1531235647916,1531235647912,1050118,0.00015580,741.41000000,1
1531235647916,1531235647912,1050119,0.00015570,6.43000000,1
1531235647916,1531235647912,1050120,0.00015560,375.11000000,1
1531235647916,1531235647912,1050121,0.00015520,77.77000000,1
1531235647916,1531235647912,1050122,0.00015510,328.47000000,1
1531235647916,1531235647912,1050123,0.00015500,154.42000000,1
1531235712025,1531235712024,1050124,0.00015580,35.00000000,0
1531235719879,1531235719879,1050125,0.00015580,8.79000000,0
1531235719900,1531235719899,1050126,0.00015590,14.90000000,0
1531235719922,1531235719919,1050127,0.00015590,154.91000000,0
1531235725841,1531235725840,1050128,0.00015590,70.00000000,0
1531235726214,1531235726213,1050129,0.00015590,46.50000000,0
1531235731878,1531235731877,1050130,0.00015630,6.80000000,0
1531235731980,1531235731979,1050131,0.00015630,26.42000000,0
1531235732033,1531235732034,1050132,0.00015630,13.93000000,0
1531235732075,1531235732074,1050133,0.00015630,1.02000000,0
1531235732075,1531235732074,1050134,0.00015650,0.93000000,0
1531235732219,1531235732220,1050135,0.00015650,1.63000000,0
1531235732372,1531235732373,1050136,0.00015650,2.02000000,0
1531235732432,1531235732430,1050137,0.00015650,6.06000000,0
1531235732446,1531235732446,1050138,0.00015650,4.22000000,0
1531235732481,1531235732481,1050139,0.00015650,2.25000000,0
1531235732664,1531235732663,1050140,0.00015650,1.79000000,0
1531235734697,1531235734694,1050141,0.00015650,0.26000000,0
1531235864822,1531235864821,1050142,0.00015710,47.92000000,0
1531235864822,1531235864821,1050143,0.00015730,0.08000000,0
1531235866274,1531235866273,1050144,0.00015710,47.92000000,1
1531235866665,1531235866664,1050145,0.00015730,38.22000000,0
1531235905753,1531235905751,1050146,0.00015730,0.62000000,0
1531235908756,1531235908756,1050147,0.00015730,0.01000000,0
1531235910201,1531235910202,1050148,0.00015730,17.37000000,0
1531235911144,1531235911144,1050149,0.00015730,0.85000000,0
1531235911144,1531235911144,1050150,0.00015740,33.59000000,0
1531235911228,1531235911226,1050151,0.00015760,51.61000000,0
1531235911332,1531235911333,1050152,0.00015740,33.59000000,1
1531235911684,1531235911684,1050153,0.00015740,51.61000000,1
1531235911833,1531235911832,1050154,0.00015750,49.65000000,0
1531235911833,1531235911832,1050155,0.00015760,2.35000000,0
1531236102351,1531236102351,1050156,0.00015730,18.23000000,1
1531236102351,1531236102351,1050157,0.00015720,29.77000000,1
1531236454127,1531236454129,1050158,0.00015760,123.61000000,0
1531236454127,1531236454129,1050159,0.00015780,6.34000000,0
1531236454127,1531236454129,1050160,0.00015840,49.52000000,0
1531236454127,1531236454129,1050161,0.00015850,7.53000000,0
1531236484825,1531236484824,1050162,0.00015750,3.26000000,1
1531236485408,1531236485408,1050163,0.00015750,27.64000000,1
1531236485804,1531236485804,1050164,0.00015750,16.90000000,1
1531236485804,1531236485804,1050165,0.00015730,35.47000000,1
1531236486584,1531236486584,1050166,0.00015730,8.32000000,1
1531236486584,1531236486584,1050167,0.00015720,6.55000000,1
1531236487309,1531236487310,1050168,0.00015720,3.87000000,1
1531236487807,1531236487807,1050169,0.00015720,13.50000000,1
1531236488384,1531236488385,1050170,0.00015720,8.38000000,1
1531236488938,1531236488937,1050171,0.00015720,3.56000000,1
1531236489885,1531236489883,1050172,0.00015720,4.00000000,1
1531236490215,1531236490214,1050173,0.00015720,4.47000000,1
1531236490636,1531236490636,1050174,0.00015730,12.00000000,1
1531236491344,1531236491345,1050175,0.00015730,5.90000000,1
1531236491630,1531236491631,1050176,0.00015730,4.07000000,1
1531236491727,1531236491728,1050177,0.00015730,3.85000000,1
1531236492524,1531236492524,1050178,0.00015690,4.82000000,1
1531236493119,1531236493118,1050179,0.00015700,4.84000000,1
1531236493922,1531236493923,1050180,0.00015700,3.79000000,1
1531236494397,1531236494397,1050181,0.00015710,3.98000000,1
1531236495057,1531236495059,1050182,0.00015710,2.84000000,1
1531236495482,1531236495482,1050183,0.00015710,22.75000000,1
1531236495908,1531236495911,1050184,0.00015710,3.68000000,1
1531236496622,1531236496622,1050185,0.00015690,12.66000000,1
1531236497370,1531236497370,1050186,0.00015720,4.83000000,1
1531236498096,1531236498095,1050187,0.00015690,5.85000000,1
1531236498470,1531236498471,1050188,0.00015690,5.37000000,1
1531236505377,1531236505377,1050189,0.00015760,8.63000000,0
1531236505377,1531236505377,1050190,0.00015770,65.22000000,0
1531236507402,1531236507402,1050191,0.00015840,25.82000000,0
1531236507426,1531236507427,1050192,0.00015850,16.35000000,0
1531236507446,1531236507446,1050193,0.00015850,16.35000000,0
1531236509547,1531236509547,1050194,0.00015850,35.00000000,0
1531236553602,1531236553601,1050195,0.00015790,2.66000000,1
1531236555022,1531236555023,1050196,0.00015780,2.66000000,1
1531236814487,1531236814489,1050197,0.00015810,112.13000000,1
1531236814487,1531236814489,1050198,0.00015800,537.51000000,1
1531236824682,1531236824681,1050199,0.00015820,23.89000000,1
1531236847507,1531236847508,1050200,0.00015840,20.27000000,0
1531236943486,1531236943485,1050201,0.00015830,0.60000000,1
1531237331344,1531237331346,1050202,0.00015840,0.06000000,0
1531237477011,1531237477012,1050203,0.00015840,1.28000000,0
1531237534730,1531237534729,1050204,0.00015840,0.05000000,0
1531237705213,1531237705213,1050205,0.00015840,4.93000000,0
1531237900814,1531237900814,1050206,0.00015840,3.75000000,1
1531238274975,1531238274974,1050207,0.00015840,60.64000000,1
1531238539105,1531238539102,1050208,0.00015780,0.58000000,1
1531239151419,1531239151416,1050209,0.00015790,13.21000000,1
1531239536576,1531239536573,1050210,0.00015780,19.26000000,1
1531239708610,1531239708605,1050211,0.00015840,19.53000000,0
1531239708610,1531239708605,1050212,0.00015850,39.32000000,0
1531239708610,1531239708605,1050213,0.00015890,4.28000000,0
1531239721301,1531239721298,1050214,0.00015890,13.97000000,0
1531239721357,1531239721352,1050215,0.00015890,26.79000000,1
1531239736555,1531239736552,1050216,0.00015890,44.32000000,1
1531239736601,1531239736597,1050217,0.00015890,9.01000000,1
1531239773192,1531239773188,1050218,0.00015890,75.00000000,1
1531239809207,1531239809204,1050219,0.00015900,42.39000000,1
1531239809721,1531239809717,1050220,0.00015890,117.67000000,1
1531239824961,1531239824956,1050221,0.00015850,12.40000000,1
1531239865605,1531239865602,1050222,0.00015850,34.88000000,1
1531239865607,1531239865603,1050223,0.00015850,0.28000000,1
1531239865607,1531239865603,1050224,0.00015780,12.08000000,1
1531239865607,1531239865603,1050225,0.00015770,22.80000000,1
1531240009574,1531240009567,1050226,0.00015780,50.69000000,1
1531240009574,1531240009567,1050227,0.00015770,145.17000000,1
1531240009574,1531240009567,1050228,0.00015750,47.87000000,1
1531240009574,1531240009567,1050229,0.00015740,25.95000000,1
1531240009574,1531240009567,1050230,0.00015720,38.97000000,1
1531240009574,1531240009567,1050231,0.00015710,52.01000000,1
1531240009574,1531240009567,1050232,0.00015700,115.67000000,1
1531240245958,1531240245953,1050233,0.00015750,88.20000000,1
1531240246154,1531240246149,1050234,0.00015750,88.25000000,0
1531240246176,1531240246171,1050235,0.00015760,29.12000000,1
1531240246195,1531240246190,1050236,0.00015760,44.56000000,1
1531240525159,1531240525155,1050237,0.00015730,19.07000000,1
1531240526101,1531240526097,1050238,0.00015730,1.20000000,0
1531240615022,1531240615017,1050239,0.00015770,1.17000000,0
1531240617270,1531240617265,1050240,0.00015770,0.01000000,0
1531240762554,1531240762548,1050241,0.00015770,43.28000000,0
1531240762562,1531240762556,1050242,0.00015770,3.10000000,0
1531240762562,1531240762556,1050243,0.00015780,19.07000000,0
1531240762613,1531240762608,1050244,0.00015820,43.14000000,0
1531240796983,1531240796976,1050245,0.00015820,1.92000000,0
1531240886761,1531240886756,1050246,0.00015810,46.80000000,0
1531240991562,1531240991557,1050247,0.00015770,5.21000000,1
1531241102346,1531241102341,1050248,0.00015810,0.14000000,0
1531241173647,1531241173640,1050249,0.00015810,40.77000000,0
1531241173891,1531241173885,1050250,0.00015810,4.39000000,0
1531241173891,1531241173885,1050251,0.00015820,2.59000000,0
1531241173891,1531241173885,1050252,0.00015830,43.97000000,0
1531241179089,1531241179084,1050253,0.00015790,43.27000000,1
1531241182677,1531241182672,1050254,0.00015810,89.36000000,1
1531241182711,1531241182707,1050255,0.00015810,22.17000000,1
1531241211691,1531241211686,1050256,0.00015830,6.98000000,0
1531241211691,1531241211686,1050257,0.00015850,42.10000000,0
1531241211962,1531241211957,1050258,0.00015850,5.46000000,0
1531241247870,1531241247866,1050259,0.00015890,49.08000000,1
1531241279022,1531241279017,1050260,0.00015900,0.07000000,0
1531241422579,1531241422572,1050261,0.00015860,6.37000000,1
1531241468475,1531241468470,1050262,0.00015900,0.55000000,0
1531241471498,1531241471492,1050263,0.00015900,0.01000000,0
1531241868913,1531241868906,1050264,0.00015850,145.08000000,1
1531241868913,1531241868906,1050265,0.00015830,47.62000000,1
1531241868913,1531241868906,1050266,0.00015770,57.05000000,1
1531241991735,1531241991729,1050267,0.00015890,47.44000000,0
1531241991735,1531241991729,1050268,0.00015910,12.58000000,0
1531241991735,1531241991729,1050269,0.00015940,2.91000000,0
1531242183026,1531242183020,1050270,0.00015830,0.46000000,1
1531242313837,1531242313831,1050271,0.00015830,0.08000000,1
1531242569253,1531242569248,1050272,0.00015870,9.82000000,0
1531242585451,1531242585445,1050273,0.00015870,0.01000000,1
1531242588081,1531242588077,1050274,0.00015860,100.25000000,1
1531242589097,1531242589091,1050275,0.00015850,87.66000000,1
1531242590091,1531242590086,1050276,0.00015860,25.06000000,1
1531242627081,1531242627076,1050277,0.00015820,88.20000000,1
1531242627244,1531242627239,1050278,0.00015820,181.47000000,0
1531242746065,1531242746059,1050279,0.00015920,16.00000000,0
1531242762843,1531242762838,1050280,0.00015820,2.10000000,1
1531242815620,1531242815614,1050281,0.00015920,0.19000000,0
1531243044471,1531243044462,1050282,0.00015820,56.89000000,1
1531243191226,1531243191221,1050283,0.00015820,21.00000000,1
1531243739251,1531243739243,1050284,0.00015820,12.16000000,1
1531244095295,1531244095287,1050285,0.00015850,88.20000000,1
1531244097442,1531244097435,1050286,0.00015850,0.06000000,0
1531244406680,1531244406673,1050287,0.00015930,102.54000000,0
1531244662495,1531244662486,1050288,0.00015930,1.80000000,1
1531244892502,1531244892499,1050289,0.00015930,0.43000000,1
1531244921194,1531244921186,1050290,0.00015930,5.27000000,1
1531245245110,1531245245104,1050291,0.00015930,69.98000000,1
1531245314084,1531245314079,1050292,0.00015930,3.90000000,1
1531245319020,1531245319016,1050293,0.00015890,47.44000000,1
1531245319040,1531245319033,1050294,0.00015890,22.56000000,0
1531245322305,1531245322298,1050295,0.00015870,36.00000000,1
1531245323498,1531245323492,1050296,0.00015870,30.50000000,1
1531245323519,1531245323512,1050297,0.00015870,8.50000000,0
1531245326310,1531245326302,1050298,0.00015850,83.00000000,1
1531245679808,1531245679801,1050299,0.00015860,10.00000000,0
1531245849811,1531245849807,1050300,0.00015870,0.60000000,0
1531246304142,1531246304134,1050301,0.00015800,2.32000000,1
1531246354005,1531246353999,1050302,0.00015890,47.44000000,0
1531246354005,1531246353999,1050303,0.00015980,23.77000000,0
1531246354005,1531246353999,1050304,0.00015990,100.00000000,0
1531246354037,1531246354029,1050305,0.00015990,10.49000000,1
1531246354498,1531246354492,1050306,0.00015990,598.95000000,1
1531246529032,1531246529027,1050307,0.00015920,47.36000000,0
1531246529032,1531246529027,1050308,0.00015950,35.44000000,0
1531246529032,1531246529027,1050309,0.00016000,67.20000000,0
1531246638335,1531246638328,1050310,0.00015870,12.36000000,1
1531247206596,1531247206601,1050311,0.00016000,1.00000000,0
1531247223051,1531247223045,1050312,0.00016000,6.25000000,0
1531247233541,1531247233534,1050313,0.00016000,2.70000000,0
1531247572836,1531247572832,1050314,0.00015990,31.56000000,0
1531247646127,1531247646121,1050315,0.00015990,6.49000000,0
1531247847837,1531247847831,1050316,0.00015990,0.07000000,0
1531247951025,1531247951019,1050317,0.00016000,0.91000000,0
1531248237381,1531248237372,1050318,0.00015980,0.03000000,0
1531248282783,1531248282776,1050319,0.00015980,15.18000000,0
1531248282783,1531248282776,1050320,0.00015990,12.57000000,0
1531248282783,1531248282776,1050321,0.00016000,820.88000000,0
1531248283801,1531248283807,1050322,0.00016000,266.46000000,1
1531248283870,1531248283864,1050323,0.00016000,17.37000000,1
1531248284624,1531248284617,1050324,0.00016000,266.00000000,1
1531248298030,1531248298021,1050325,0.00016000,37.86000000,1
1531248484037,1531248484032,1050326,0.00015970,47.21000000,1
1531248669557,1531248669550,1050327,0.00016020,0.53000000,0
1531248672574,1531248672564,1050328,0.00016020,0.01000000,0
1531248698107,1531248698099,1050329,0.00015990,7.72000000,0
1531249035530,1531249035521,1050330,0.00015990,135.43000000,0
1531249085379,1531249085371,1050331,0.00016030,6.24000000,0
1531249085379,1531249085371,1050332,0.00016070,100.00000000,0
1531249085379,1531249085371,1050333,0.00016080,92.07000000,0
1531249085379,1531249085371,1050334,0.00016090,1501.69000000,0
1531249085775,1531249085767,1050335,0.00016030,39.00000000,1
1531249086058,1531249086061,1050336,0.00016030,39.06000000,1
1531249087162,1531249087153,1050337,0.00016030,39.12000000,1
1531249095349,1531249095339,1050338,0.00015960,39.12000000,1
1531249101490,1531249101481,1050339,0.00016030,19.78000000,0
1531249101490,1531249101481,1050340,0.00016040,44.82000000,0
1531249180181,1531249180176,1050341,0.00016070,142.41000000,0
1531249180181,1531249180176,1050342,0.00016090,430.46000000,0
1531249180181,1531249180176,1050343,0.00016100,1794.00000000,0
1531249194365,1531249194360,1050344,0.00016090,35.60000000,0
1531249194858,1531249194850,1050345,0.00016100,467.64000000,1
1531249195123,1531249195124,1050346,0.00016010,15.62000000,1
1531249195123,1531249195124,1050347,0.00016000,47.12000000,1
1531249195123,1531249195124,1050348,0.00015960,41.49000000,1
1531249198239,1531249198229,1050349,0.00015960,33.19000000,1
1531249208571,1531249208575,1050350,0.00015990,74.68000000,0
1531249213058,1531249213049,1050351,0.00016000,115.80000000,0
1531249216873,1531249216868,1050352,0.00016010,47.09000000,0
1531249241057,1531249241049,1050353,0.00016090,316.46000000,0
1531249259060,1531249259050,1050354,0.00016110,502.61000000,0
1531249270991,1531249270991,1050355,0.00016110,319.77000000,0
1531249281229,1531249281219,1050356,0.00016000,18.75000000,1
1531249344977,1531249344969,1050357,0.00016100,215.57000000,0
1531249353586,1531249353578,1050358,0.00016010,71.69000000,1
1531249366337,1531249366329,1050359,0.00016090,21.73000000,0
1531249366337,1531249366329,1050360,0.00016100,97.20000000,0
1531249442088,1531249442084,1050361,0.00016010,1.54000000,1
1531249540512,1531249540503,1050362,0.00016020,15.61000000,1
1531249692074,1531249692064,1050363,0.00016020,330.00000000,1
1531249789592,1531249789581,1050364,0.00016100,553.57000000,0
1531249891252,1531249891246,1050365,0.00016010,14.67000000,1
1531250133407,1531250133400,1050366,0.00016020,75.60000000,1
1531250169299,1531250169292,1050367,0.00016020,0.01000000,1
1531250169299,1531250169292,1050368,0.00016010,11.45000000,1
1531250428742,1531250428738,1050369,0.00016030,23.00000000,1
1531250715076,1531250715067,1050370,0.00016080,14.67000000,0
1531250715098,1531250715089,1050371,0.00016090,311.72000000,0
1531250716017,1531250716008,1050372,0.00016030,219.87000000,1
1531250716175,1531250716166,1050373,0.00016030,0.01000000,1
1531250716175,1531250716166,1050374,0.00016020,207.47000000,1
1531250716175,1531250716166,1050375,0.00016010,12.52000000,1
1531250716696,1531250716686,1050376,0.00016090,0.78000000,0
1531250716717,1531250716706,1050377,0.00016090,60.30000000,1
1531250717152,1531250717145,1050378,0.00016010,0.01000000,1
1531250718219,1531250718208,1050379,0.00016010,311.72000000,1
1531251301929,1531251301919,1050380,0.00016050,77.62000000,0
1531251301929,1531251301919,1050381,0.00016060,8.45000000,0
1531251301929,1531251301919,1050382,0.00016080,209.01000000,0
1531251301929,1531251301919,1050383,0.00016090,316.46000000,0
1531251302202,1531251302193,1050384,0.00016090,502.61000000,1
1531251302255,1531251302244,1050385,0.00016090,288.02000000,1
1531251302255,1531251302244,1050386,0.00016010,9.48000000,1
1531251302255,1531251302244,1050387,0.00016000,34.63000000,1
1531251302255,1531251302244,1050388,0.00015950,18.81000000,1
1531251302255,1531251302244,1050389,0.00015940,425.24000000,1
1531251302255,1531251302244,1050390,0.00015920,14.45000000,1
1531251338659,1531251338651,1050391,0.00015940,78.15000000,0
1531251338659,1531251338651,1050392,0.00015950,14.45000000,0
1531251400422,1531251400412,1050393,0.00015930,0.19000000,1
1531251436429,1531251436420,1050394,0.00016010,0.07000000,0
1531251476554,1531251476547,1050395,0.00016010,0.19000000,0
1531251530179,1531251530170,1050396,0.00015920,0.25000000,1
1531251627125,1531251627114,1050397,0.00015930,0.19000000,1
1531251725112,1531251725110,1050398,0.00015950,0.04000000,1
1531251780697,1531251780690,1050399,0.00016010,0.19000000,0
1531251824386,1531251824377,1050400,0.00016010,15.25000000,0
1531251834929,1531251834927,1050401,0.00016020,12.27000000,0
1531251846557,1531251846561,1050402,0.00015970,27.52000000,1
1531251946747,1531251946746,1050403,0.00016020,187.00000000,0
1531252100922,1531252100923,1050404,0.00016020,107.94000000,0
1531252187736,1531252187725,1050405,0.00016000,6.42000000,1
1531252290897,1531252290886,1050406,0.00016000,1.82000000,1
1531252661380,1531252661382,1050407,0.00016020,5.00000000,0
1531253038577,1531253038567,1050408,0.00016020,10.00000000,0
1531253048386,1531253048376,1050409,0.00016020,0.27000000,0
1531253524709,1531253524702,1050410,0.00016020,6.89000000,0
1531253527735,1531253527728,1050411,0.00016020,0.02000000,0
1531253766130,1531253766121,1050412,0.00016020,11.75000000,0
1531253769182,1531253769176,1050413,0.00016020,0.03000000,0
1531254403324,1531254403315,1050414,0.00016000,2.70000000,1
1531254734808,1531254734812,1050415,0.00016000,0.19000000,1
1531255187151,1531255187144,1050416,0.00016020,0.98000000,0
1531255292763,1531255292761,1050417,0.00016020,0.19000000,0
1531255392210,1531255392207,1050418,0.00016000,0.01000000,1
1531255667561,1531255667557,1050419,0.00016020,70.33000000,0
1531255847282,1531255847279,1050420,0.00016000,0.15000000,1
1531256378316,1531256378322,1050421,0.00016060,62.26000000,0
1531256605598,1531256605596,1050422,0.00016060,0.19000000,0
1531256999803,1531256999808,1050423,0.00016100,0.01000000,0
1531257254572,1531257254571,1050424,0.00016100,10.20000000,0
1531257333332,1531257333332,1050425,0.00016020,1.33000000,1
1531257365792,1531257365788,1050426,0.00016100,0.83000000,0
1531257370149,1531257370149,1050427,0.00016100,0.01000000,0
1531257704266,1531257704260,1050428,0.00016050,102.00000000,1
1531257710518,1531257710517,1050429,0.00016020,15.61000000,1
1531257710518,1531257710517,1050430,0.00016010,47.09000000,1
1531257710518,1531257710517,1050431,0.00016000,39.29000000,1
1531258685304,1531258685302,1050432,0.00016000,0.08000000,1
1531259006035,1531259006030,1050433,0.00016000,1.22000000,1
1531259040244,1531259040239,1050434,0.00016000,0.10000000,1
1531259138970,1531259138963,1050435,0.00016090,0.68000000,0
1531259373182,1531259373177,1050436,0.00016010,18.81000000,1
1531259391036,1531259391029,1050437,0.00016010,12.50000000,0
1531259447666,1531259447659,1050438,0.00016000,0.61000000,1
1531259498029,1531259498024,1050439,0.00016080,10.28000000,0
1531259524279,1531259524273,1050440,0.00016080,4.38000000,0
1531260127683,1531260127678,1050441,0.00016080,4.34000000,0
1531260127683,1531260127678,1050442,0.00016090,12.76000000,0
1531260227194,1531260227190,1050443,0.00016000,0.28000000,1
1531260309633,1531260309626,1050444,0.00016090,6.56000000,0
1531260309633,1531260309626,1050445,0.00016100,0.52000000,0
1531260704271,1531260704264,1050446,0.00016020,0.88000000,1
1531261086558,1531261086554,1050447,0.00016100,0.16000000,0
1531261269266,1531261269262,1050448,0.00016100,5.00000000,0
1531262239217,1531262239211,1050449,0.00016000,0.25000000,1
1531262280462,1531262280461,1050450,0.00016000,71.11000000,1
1531262319469,1531262319466,1050451,0.00016000,1.09000000,1
1531262659931,1531262659931,1050452,0.00016010,15.86000000,1
1531262721962,1531262721957,1050453,0.00016010,0.09000000,1
1531263055140,1531263055141,1050454,0.00016010,0.22000000,1
1531263310354,1531263310355,1050455,0.00016000,9.99000000,1
1531263439195,1531263439195,1050456,0.00016000,9.77000000,1
1531263977711,1531263977710,1050457,0.00016080,0.69000000,1
1531264082105,1531264082105,1050458,0.00016080,0.16000000,1
1531264282656,1531264282656,1050459,0.00016090,16.73000000,0
1531264289350,1531264289351,1050460,0.00016100,47.23000000,0
1531264294454,1531264294454,1050461,0.00016150,27.13000000,0
1531264294702,1531264294702,1050462,0.00016150,10.32000000,1
1531264295369,1531264295369,1050463,0.00016150,75.94000000,1
1531264297502,1531264297501,1050464,0.00016110,56.96000000,1
1531264300581,1531264300581,1050465,0.00016150,0.07000000,0
1531264300607,1531264300606,1050466,0.00016150,84.97000000,1
1531264304182,1531264304180,1050467,0.00016100,0.01000000,1
1531264305797,1531264305796,1050468,0.00016100,8.48000000,1
1531264306586,1531264306587,1050469,0.00016150,57.28000000,0
1531264307568,1531264307568,1050470,0.00016150,6.50000000,1
1531264313125,1531264313125,1050471,0.00016100,6.50000000,1
1531264337902,1531264337902,1050472,0.00016150,6.24000000,0
1531264342372,1531264342372,1050473,0.00016160,11.34000000,0
1531264344680,1531264344681,1050474,0.00016150,2.48000000,1
1531264345153,1531264345153,1050475,0.00016160,4.41000000,0
1531264350190,1531264350188,1050476,0.00016170,3.53000000,0
1531264350190,1531264350188,1050477,0.00016190,1.39000000,0
1531264351576,1531264351574,1050478,0.00016180,30.90000000,1
1531264352171,1531264352170,1050479,0.00016170,6.38000000,1
1531264352171,1531264352170,1050480,0.00016160,4.10000000,1
1531264352171,1531264352170,1050481,0.00016150,0.13000000,1
1531264353359,1531264353357,1050482,0.00016190,50.22000000,0
1531264353467,1531264353464,1050483,0.00016150,34.33000000,1
1531264360333,1531264360332,1050484,0.00016190,0.27000000,0
1531264360333,1531264360332,1050485,0.00016200,96.38000000,0
1531264370069,1531264370068,1050486,0.00016210,46.51000000,0
1531264375249,1531264375248,1050487,0.00016230,9.59000000,0
1531264375646,1531264375645,1050488,0.00016230,9.49000000,1
1531264375960,1531264375960,1050489,0.00016240,11.37000000,0
1531264375960,1531264375960,1050490,0.00016260,102.66000000,0
1531264376008,1531264376007,1050491,0.00016150,9.49000000,1
1531264378961,1531264378960,1050492,0.00016230,48.92000000,0
1531264378961,1531264378960,1050493,0.00016300,7.99000000,0
1531264378961,1531264378960,1050494,0.00016320,28.56000000,0
1531264380232,1531264380230,1050495,0.00016310,39.40000000,0
1531264380232,1531264380230,1050496,0.00016320,5.60000000,0
1531264382397,1531264382396,1050497,0.00016290,20.69000000,0
1531264388159,1531264388159,1050498,0.00016300,5.21000000,0
1531264388412,1531264388411,1050499,0.00016300,4.29000000,0
1531264389300,1531264389300,1050500,0.00016300,90.50000000,0
1531264389534,1531264389534,1050501,0.00016320,1.73000000,0
1531264392270,1531264392268,1050502,0.00016320,41.15000000,0
1531264394014,1531264394012,1050503,0.00016320,9.32000000,1
1531264400999,1531264400998,1050504,0.00016380,166.76000000,0
1531264401029,1531264401023,1050505,0.00016380,42.89000000,1
1531264401298,1531264401296,1050506,0.00016380,27.07000000,1
1531264409821,1531264409820,1050507,0.00016380,0.09000000,0
1531264409821,1531264409820,1050508,0.00016390,110.34000000,0
1531264411362,1531264411361,1050509,0.00016390,82.72000000,0
1531264412780,1531264412780,1050510,0.00016390,27.57000000,0
1531264430474,1531264430472,1050511,0.00016320,5.31000000,1
1531264430546,1531264430545,1050512,0.00016320,4.78000000,1
1531264430657,1531264430654,1050513,0.00016320,12.53000000,1
1531264430660,1531264430660,1050514,0.00016320,5.79000000,1
1531264430682,1531264430682,1050515,0.00016320,3.64000000,1
1531264430897,1531264430896,1050516,0.00016320,2.81000000,1
1531264430907,1531264430903,1050517,0.00016320,2.90000000,1
1531264430907,1531264430903,1050518,0.00016300,19.62000000,1
1531264430950,1531264430949,1050519,0.00016300,3.94000000,1
1531264431008,1531264431008,1050520,0.00016300,3.75000000,1
1531264431073,1531264431071,1050521,0.00016300,4.77000000,1
1531264431196,1531264431195,1050522,0.00016300,4.79000000,1
1531264431213,1531264431213,1050523,0.00016300,3.81000000,1
1531264431236,1531264431235,1050524,0.00016300,4.02000000,1
1531264431404,1531264431402,1050525,0.00016310,5.84000000,1
1531264431600,1531264431598,1050526,0.00016310,7.81000000,1
1531264431600,1531264431598,1050527,0.00016300,1.55000000,1
1531264431600,1531264431598,1050528,0.00016230,2.52000000,1
1531264431651,1531264431649,1050529,0.00016220,4.42000000,1
1531264436192,1531264436191,1050530,0.00016230,14.02000000,1
1531264436218,1531264436216,1050531,0.00016230,42.14000000,0
1531264436238,1531264436238,1050532,0.00016230,42.14000000,0
1531264436333,1531264436331,1050533,0.00016230,42.25000000,0
1531264436355,1531264436355,1050534,0.00016220,14.02000000,1
1531264437364,1531264437363,1050535,0.00016220,13.65000000,1
1531264437901,1531264437900,1050536,0.00016230,45.55000000,0
1531264440886,1531264440886,1050537,0.00016230,141.12000000,0
1531264441186,1531264441185,1050538,0.00016220,13.97000000,1
1531264465875,1531264465874,1050539,0.00016300,46.06000000,0
1531264465875,1531264465874,1050540,0.00016390,27.00000000,0
1531264465875,1531264465874,1050541,0.00016430,29.51000000,0
1531264472261,1531264472258,1050542,0.00016250,7.27000000,1
1531264481436,1531264481435,1050543,0.00016280,2.24000000,1
1531264482241,1531264482240,1050544,0.00016400,7.27000000,0
1531264482241,1531264482240,1050545,0.00016410,1.40000000,0
1531264489058,1531264489057,1050546,0.00016410,3.54000000,0
1531264506254,1531264506251,1050547,0.00016320,3.96000000,1
1531264506365,1531264506364,1050548,0.00016320,3.52000000,1
1531264506403,1531264506401,1050549,0.00016320,0.13000000,1
1531264506403,1531264506401,1050550,0.00016310,8.16000000,1
1531264506437,1531264506435,1050551,0.00016310,13.36000000,1
1531264506464,1531264506464,1050552,0.00016310,3.83000000,1
1531264506524,1531264506523,1050553,0.00016310,14.72000000,1
1531264528809,1531264528806,1050554,0.00016310,73.54000000,1
1531264528809,1531264528806,1050555,0.00016250,79.66000000,1
1531264528809,1531264528806,1050556,0.00016240,212.73000000,1
1531264528809,1531264528806,1050557,0.00016230,81.47000000,1
1531264533081,1531264533081,1050558,0.00016220,62.97000000,1
1531264534134,1531264534134,1050559,0.00016220,62.85000000,1
1531264535162,1531264535160,1050560,0.00016220,62.93000000,1
1531264539629,1531264539629,1050561,0.00016220,91.26000000,1
1531264549223,1531264549222,1050562,0.00016220,4.28000000,1
1531264555682,1531264555680,1050563,0.00016230,9.85000000,0
1531264555682,1531264555680,1050564,0.00016240,37.20000000,0
1531264555682,1531264555680,1050565,0.00016260,81.47000000,0
1531264616773,1531264616772,1050566,0.00016310,46.64000000,0
1531264710646,1531264710646,1050567,0.00016270,83.00000000,0
1531264748148,1531264748148,1050568,0.00016220,45.32000000,1
1531264766112,1531264766112,1050569,0.00016250,0.27000000,0
1531264768561,1531264768559,1050570,0.00016230,30.04000000,1
1531264783737,1531264783735,1050571,0.00016250,3.93000000,0
1531264827633,1531264827632,1050572,0.00016200,0.26000000,1
1531264843342,1531264843342,1050573,0.00016250,23.26000000,0
1531264862730,1531264862729,1050574,0.00016270,212.73000000,0
1531264886964,1531264886963,1050575,0.00016400,0.37000000,0
1531264892550,1531264892549,1050576,0.00016290,6.76000000,1
1531264893130,1531264893129,1050577,0.00016260,6.76000000,1
1531264908640,1531264908640,1050578,0.00016260,44.57000000,1
1531264909109,1531264909107,1050579,0.00016260,13.73000000,1
1531264944206,1531264944206,1050580,0.00016270,0.37000000,1
1531264970533,1531264970533,1050581,0.00016270,57.98000000,1
1531264971680,1531264971678,1050582,0.00016380,61.05000000,0
1531265004996,1531265004995,1050583,0.00016360,0.32000000,0
1531265006410,1531265006410,1050584,0.00016360,54.24000000,0
1531265037376,1531265037374,1050585,0.00016360,7.94000000,0
1531265037376,1531265037374,1050586,0.00016370,46.05000000,0
1531265037376,1531265037374,1050587,0.00016400,6.76000000,0
1531265037376,1531265037374,1050588,0.00016410,15.00000000,0
1531265037376,1531265037374,1050589,0.00016430,30.25000000,0
1531265063972,1531265063972,1050590,0.00016300,0.32000000,1
1531265076093,1531265076094,1050591,0.00016420,4.33000000,0
1531265082837,1531265082836,1050592,0.00016310,1283.18000000,0
1531265122961,1531265122961,1050593,0.00016430,0.33000000,0
1531265184821,1531265184821,1050594,0.00016320,0.33000000,1
1531265200595,1531265200594,1050595,0.00016330,51.84000000,1
1531265226962,1531265226961,1050596,0.00016350,27.36000000,1
1531265227149,1531265227147,1050597,0.00016350,3.22000000,1
1531265236331,1531265236331,1050598,0.00016350,33.02000000,1
1531265238264,1531265238263,1050599,0.00016410,51.84000000,0
1531265238322,1531265238321,1050600,0.00016410,7.22000000,1
1531265238372,1531265238370,1050601,0.00016410,26.40000000,1
1531265239087,1531265239086,1050602,0.00016410,27.33000000,1
1531265239178,1531265239175,1050603,0.00016350,2.63000000,1
1531265239335,1531265239334,1050604,0.00016350,27.00000000,1
1531265247495,1531265247494,1050605,0.00016480,0.32000000,0
1531265258121,1531265258121,1050606,0.00016420,20.49000000,0
1531265264545,1531265264544,1050607,0.00016420,0.08000000,0
1531265298869,1531265298869,1050608,0.00016420,60.90000000,0
1531265303465,1531265303465,1050609,0.00016350,0.32000000,1
1531265358910,1531265358909,1050610,0.00016350,29.13000000,1
1531265363959,1531265363957,1050611,0.00016420,0.39000000,0
1531265374377,1531265374376,1050612,0.00016420,35.02000000,0
1531265394144,1531265394142,1050613,0.00016360,214.24000000,1
1531265410066,1531265410066,1050614,0.00016350,78.38000000,1
1531265420914,1531265420914,1050615,0.00016350,0.39000000,1
1531265474386,1531265474386,1050616,0.00016410,52.85000000,0
1531265520704,1531265520703,1050617,0.00016410,161.39000000,0
1531265520704,1531265520703,1050618,0.00016480,116.36000000,0
1531265521982,1531265521982,1050619,0.00016360,135.75000000,1
1531265522697,1531265522694,1050620,0.00016370,46.00000000,1
1531265527682,1531265527682,1050621,0.00016460,69.07000000,0
1531265534452,1531265534450,1050622,0.00016460,66.68000000,0
1531265534452,1531265534450,1050623,0.00016470,45.77000000,0
1531265534452,1531265534450,1050624,0.00016480,133.32000000,0
1531265534452,1531265534450,1050625,0.00016530,154.62000000,0
1531265534472,1531265534468,1050626,0.00016530,82.99000000,1
1531265534477,1531265534475,1050627,0.00016530,83.00000000,1
1531265534974,1531265534973,1050628,0.00016530,71.24000000,1
1531265535829,1531265535828,1050629,0.00016530,222.43000000,1
1531265536407,1531265536406,1050630,0.00016550,17.11000000,0
1531265536802,1531265536800,1050631,0.00016530,199.07000000,1
1531265538439,1531265538435,1050632,0.00016530,262.91000000,1
1531265538439,1531265538435,1050633,0.00016360,0.09000000,1
1531265541778,1531265541777,1050634,0.00016550,9.82000000,0
1531265542431,1531265542430,1050635,0.00016600,1.38000000,0
1531265542898,1531265542898,1050636,0.00016550,363.00000000,1
1531265542907,1531265542907,1050637,0.00016550,16.10000000,1
1531265543660,1531265543658,1050638,0.00016550,115.80000000,1
1531265546062,1531265546061,1050639,0.00016600,3.12000000,0
1531265546233,1531265546231,1050640,0.00016550,564.35000000,1
1531265546246,1531265546246,1050641,0.00016550,13.81000000,1
1531265548287,1531265548286,1050642,0.00016600,0.75000000,0
1531265548827,1531265548827,1050643,0.00016550,98.63000000,1
1531265549226,1531265549220,1050644,0.00016550,81.26000000,1
1531265549874,1531265549874,1050645,0.00016600,0.24000000,0
1531265550286,1531265550286,1050646,0.00016600,3.09000000,0
1531265552168,1531265552168,1050647,0.00016600,0.76000000,0
1531265553476,1531265553475,1050648,0.00016620,0.19000000,0
1531265554031,1531265554031,1050649,0.00016620,18.28000000,0
1531265554031,1531265554031,1050650,0.00016650,63.94000000,0
1531265554031,1531265554031,1050651,0.00016670,1.78000000,0
1531265554867,1531265554866,1050652,0.00016670,0.05000000,0
1531265556736,1531265556735,1050653,0.00016670,0.02000000,0
1531265557369,1531265557368,1050654,0.00016670,0.19000000,0
1531265558174,1531265558171,1050655,0.00016580,44.33000000,1
1531265558187,1531265558185,1050656,0.00016570,44.33000000,1
1531265558227,1531265558226,1050657,0.00016670,60.99000000,0
1531265558252,1531265558249,1050658,0.00016670,177.17000000,1
1531265558282,1531265558283,1050659,0.00016670,2.17000000,1
1531265571664,1531265571663,1050660,0.00016650,52.73000000,0
1531265571664,1531265571663,1050661,0.00016670,14.02000000,0
1531265574292,1531265574290,1050662,0.00016650,300.30000000,1
1531265574525,1531265574525,1050663,0.00016650,46.80000000,1
1531265578989,1531265578989,1050664,0.00016650,46.80000000,1
1531265579608,1531265579603,1050665,0.00016650,289.58000000,1
1531265586377,1531265586376,1050666,0.00016660,8.40000000,0
1531265592500,1531265592498,1050667,0.00016660,0.05000000,1
1531265593944,1531265593944,1050668,0.00016650,0.01000000,1
1531265595229,1531265595228,1050669,0.00016490,20.75000000,1
1531265597588,1531265597586,1050670,0.00016500,6.68000000,1
1531265597588,1531265597586,1050671,0.00016490,55.47000000,1
1531265598198,1531265598197,1050672,0.00016490,61.84000000,1
1531265607977,1531265607977,1050673,0.00016490,53.65000000,1
1531265612564,1531265612564,1050674,0.00016500,32.40000000,0
1531265634714,1531265634714,1050675,0.00016550,24.71000000,1
1531265636826,1531265636825,1050676,0.00016570,30.26000000,0
1531265636826,1531265636825,1050677,0.00016600,28.55000000,0
1531265636826,1531265636825,1050678,0.00016650,15.07000000,0
1531265636826,1531265636825,1050679,0.00016660,196.91000000,0
1531265639399,1531265639398,1050680,0.00016660,79.20000000,1
1531265641035,1531265641034,1050681,0.00016660,8.40000000,1
1531265641436,1531265641435,1050682,0.00016670,469.54000000,0
1531265643664,1531265643662,1050683,0.00016670,15.26000000,1
1531265649572,1531265649572,1050684,0.00016680,56.39000000,0
1531265650953,1531265650953,1050685,0.00016700,50.00000000,0
1531265653649,1531265653648,1050686,0.00016700,14.80000000,0
1531265654821,1531265654821,1050687,0.00016720,657.54000000,0
1531265659838,1531265659833,1050688,0.00016820,9.00000000,0
1531265659838,1531265659833,1050689,0.00016830,646.25000000,0
1531265659838,1531265659833,1050690,0.00016840,22.66000000,0
1531265659838,1531265659833,1050691,0.00016850,60.00000000,0
1531265659838,1531265659833,1050692,0.00016890,193.10000000,0
1531265659838,1531265659833,1050693,0.00016900,24.69000000,0
1531265659838,1531265659833,1050694,0.00016960,90.31000000,0
1531265659838,1531265659833,1050695,0.00016970,9.80000000,0
1531265659838,1531265659833,1050696,0.00016990,5.95000000,0
1531265659838,1531265659833,1050697,0.00017000,418.78000000,0
1531265659838,1531265659833,1050698,0.00017010,309.17000000,0
1531265660750,1531265660748,1050699,0.00016780,57.75000000,1
1531265660750,1531265660748,1050700,0.00016770,10.53000000,1
1531265663023,1531265663021,1050701,0.00016780,7.72000000,1
1531265663510,1531265663508,1050702,0.00016820,41.00000000,1
1531265663524,1531265663524,1050703,0.00016820,134.08000000,1
1531265664023,1531265664021,1050704,0.00016820,7.13000000,1
1531265665975,1531265665974,1050705,0.00016820,41.00000000,1
1531265666360,1531265666359,1050706,0.00016970,28.88000000,0
1531265666360,1531265666359,1050707,0.00016980,21.04000000,0
1531265667715,1531265667715,1050708,0.00016840,10.39000000,1
1531265668037,1531265668036,1050709,0.00016950,28.87000000,0
1531265668037,1531265668036,1050710,0.00016980,5.06000000,0
1531265668037,1531265668036,1050711,0.00016990,54.07000000,0
1531265668334,1531265668334,1050712,0.00016990,0.10000000,0
1531265668790,1531265668790,1050713,0.00016990,6.38000000,0
1531265670421,1531265670421,1050714,0.00016990,120.30000000,0
1531265674126,1531265674125,1050715,0.00016990,88.69000000,0
1531265674126,1531265674125,1050716,0.00017010,366.73000000,0
1531265674144,1531265674143,1050717,0.00017010,22.95000000,1
1531265674352,1531265674352,1050718,0.00017010,37.56000000,1
1531265674729,1531265674728,1050719,0.00017010,136.68000000,1
1531265675049,1531265675048,1050720,0.00017010,49.18000000,1
1531265675049,1531265675048,1050721,0.00016990,263.84000000,1
1531265676153,1531265676152,1050722,0.00017000,53.10000000,1
1531265676153,1531265676152,1050723,0.00016990,1.76000000,1
1531265676153,1531265676152,1050724,0.00016870,5.04000000,1
1531265681337,1531265681335,1050725,0.00016910,6.51000000,1
1531265681337,1531265681335,1050726,0.00016870,47.72000000,1
1531265681794,1531265681792,1050727,0.00016970,53.10000000,0
1531265681794,1531265681792,1050728,0.00016980,199.51000000,0
1531265681794,1531265681792,1050729,0.00017060,10.19000000,0
1531265682415,1531265682409,1050730,0.00017080,7.00000000,0
1531265682415,1531265682409,1050731,0.00017100,13.17000000,0
1531265682415,1531265682409,1050732,0.00017110,256.38000000,0
1531265686477,1531265686476,1050733,0.00017110,24.33000000,0
1531265688569,1531265688565,1050734,0.00017060,2.78000000,1
1531265691535,1531265691531,1050735,0.00017060,9.16000000,0
1531265691535,1531265691531,1050736,0.00017110,102.16000000,0
1531265691557,1531265691555,1050737,0.00017110,17.13000000,0
1531265691557,1531265691555,1050738,0.00017140,49.00000000,0
1531265691557,1531265691555,1050739,0.00017150,33.87000000,0
1531265693445,1531265693443,1050740,0.00017140,7.48000000,0
1531265697263,1531265697262,1050741,0.00017140,3.02000000,0
1531265697745,1531265697744,1050742,0.00017060,45.63000000,1
1531265697879,1531265697879,1050743,0.00017060,22.46000000,1
1531265697879,1531265697879,1050744,0.00017050,45.63000000,1
1531265699963,1531265699960,1050745,0.00017050,150.00000000,1
1531265700040,1531265700038,1050746,0.00017050,71.38000000,1
1531265702998,1531265702997,1050747,0.00017100,28.28000000,0
1531265704100,1531265704099,1050748,0.00017100,6.98000000,0
1531265705028,1531265705026,1050749,0.00017100,32.83000000,0
1531265705028,1531265705026,1050750,0.00017140,49.68000000,0
1531265705028,1531265705026,1050751,0.00017150,115.98000000,0
1531265705028,1531265705026,1050752,0.00017170,118.42000000,0
1531265706902,1531265706902,1050753,0.00017120,1.75000000,0
1531265707086,1531265707085,1050754,0.00017050,12.83000000,1
1531265707086,1531265707085,1050755,0.00017030,0.36000000,1
1531265708123,1531265708122,1050756,0.00017120,0.44000000,0
1531265712786,1531265712786,1050757,0.00017120,4.63000000,0
1531265714318,1531265714318,1050758,0.00017120,1.55000000,0
1531265716698,1531265716698,1050759,0.00017120,16.42000000,0
1531265716853,1531265716853,1050760,0.00017120,37.09000000,0
1531265723515,1531265723511,1050761,0.00017050,32.41000000,1
1531265723667,1531265723665,1050762,0.00017050,2.92000000,1
1531265723710,1531265723708,1050763,0.00017050,9.45000000,1
1531265723747,1531265723746,1050764,0.00017050,5.57000000,1
1531265724225,1531265724225,1050765,0.00017050,6.43000000,1
1531265726000,1531265725999,1050766,0.00017050,282.53000000,1
1531265728419,1531265728418,1050767,0.00017040,6.22000000,0
1531265728419,1531265728418,1050768,0.00017050,13.82000000,0
1531265730678,1531265730677,1050769,0.00016910,6.37000000,1
1531265735584,1531265735583,1050770,0.00016910,37.97000000,1
1531265735584,1531265735583,1050771,0.00016870,238.58000000,1
1531265737215,1531265737214,1050772,0.00016880,33.17000000,1
1531265737215,1531265737214,1050773,0.00016870,172.83000000,1
1531265737627,1531265737626,1050774,0.00016870,685.71000000,1
1531265737849,1531265737848,1050775,0.00016860,29.78000000,0
1531265737868,1531265737868,1050776,0.00016860,23.81000000,0
1531265737872,1531265737869,1050777,0.00016860,23.81000000,0
1531265737885,1531265737886,1050778,0.00016860,117.00000000,0
1531265739844,1531265739842,1050779,0.00016860,12.32000000,0
1531265740058,1531265740057,1050780,0.00016870,9.39000000,0
1531265740504,1531265740503,1050781,0.00016840,7.48000000,1
1531265741434,1531265741434,1050782,0.00016870,242.35000000,0
1531265741861,1531265741860,1050783,0.00016860,32.25000000,0
1531265743630,1531265743629,1050784,0.00016860,0.92000000,0
1531265744607,1531265744606,1050785,0.00016860,44.34000000,1
1531265746878,1531265746878,1050786,0.00016870,29.10000000,0
1531265751225,1531265751225,1050787,0.00016860,50.00000000,1
1531265751502,1531265751502,1050788,0.00016870,180.89000000,0
1531265759422,1531265759421,1050789,0.00016870,62.38000000,0
1531265761621,1531265761621,1050790,0.00016870,46.07000000,0
1531265766769,1531265766768,1050791,0.00016860,1.00000000,1
1531265767375,1531265767374,1050792,0.00016860,54.20000000,1
1531265767375,1531265767374,1050793,0.00016740,0.88000000,1
1531265768244,1531265768244,1050794,0.00016870,0.25000000,0
1531265768504,1531265768503,1050795,0.00016750,61.72000000,1
1531265768896,1531265768894,1050796,0.00016750,0.82000000,1
1531265768896,1531265768894,1050797,0.00016730,60.23000000,1
1531265768918,1531265768916,1050798,0.00016730,62.26000000,1
1531265769047,1531265769045,1050799,0.00016730,29.14000000,1
1531265769047,1531265769045,1050800,0.00016720,34.47000000,1
1531265769434,1531265769433,1050801,0.00016720,9.22000000,1
1531265769434,1531265769433,1050802,0.00016700,53.27000000,1
1531265769493,1531265769492,1050803,0.00016680,0.83000000,1
1531265769493,1531265769492,1050804,0.00016650,61.90000000,1
1531265769833,1531265769832,1050805,0.00016650,47.98000000,1
1531265769833,1531265769832,1050806,0.00016640,13.07000000,1
1531265769912,1531265769910,1050807,0.00016640,62.42000000,1
1531265770241,1531265770239,1050808,0.00016730,6.58000000,1
1531265770241,1531265770239,1050809,0.00016630,18.01000000,1
1531265770253,1531265770252,1050810,0.00016630,36.31000000,0
1531265770314,1531265770313,1050811,0.00016780,0.19000000,0
1531265770510,1531265770510,1050812,0.00016620,28.24000000,1
1531265770510,1531265770510,1050813,0.00016610,35.37000000,1
1531265770621,1531265770619,1050814,0.00016600,12.02000000,1
1531265770621,1531265770619,1050815,0.00016590,49.70000000,1
1531265770919,1531265770918,1050816,0.00016590,63.13000000,1
1531265771223,1531265771222,1050817,0.00016670,49.70000000,0
1531265771311,1531265771310,1050818,0.00016670,50.00000000,1
1531265771371,1531265771370,1050819,0.00016590,62.42000000,1
1531265771593,1531265771592,1050820,0.00016630,0.28000000,0
1531265771792,1531265771790,1050821,0.00016630,10.65000000,0
1531265771963,1531265771961,1050822,0.00016670,14.15000000,1
1531265771963,1531265771961,1050823,0.00016590,49.06000000,1
1531265772071,1531265772071,1050824,0.00016590,61.72000000,1
1531265772237,1531265772235,1050825,0.00016750,0.29000000,0
1531265772422,1531265772421,1050826,0.00016600,61.53000000,1
1531265772459,1531265772458,1050827,0.00016600,61.53000000,1
1531265772881,1531265772878,1050828,0.00016600,61.23000000,1
1531265772903,1531265772902,1050829,0.00016740,0.14000000,0
1531265773583,1531265773581,1050830,0.00016600,61.23000000,1
1531265774074,1531265774073,1050831,0.00016730,0.07000000,0
1531265774235,1531265774235,1050832,0.00016730,31.20000000,0
1531265774235,1531265774235,1050833,0.00016740,9.79000000,0
1531265775015,1531265775015,1050834,0.00016740,0.04000000,0
1531265775961,1531265775961,1050835,0.00016730,0.02000000,0
1531265777712,1531265777711,1050836,0.00016620,62.46000000,1
1531265777876,1531265777874,1050837,0.00016710,37.88000000,0
1531265777958,1531265777958,1050838,0.00016620,62.81000000,1
1531265777979,1531265777979,1050839,0.00016710,0.01000000,0
1531265778385,1531265778385,1050840,0.00016620,62.65000000,1
1531265778588,1531265778586,1050841,0.00016620,62.65000000,1
1531265780009,1531265780009,1050842,0.00016710,0.01000000,0
1531265780370,1531265780368,1050843,0.00016700,44.57000000,0
1531265780524,1531265780522,1050844,0.00016690,20.00000000,0
1531265781817,1531265781814,1050845,0.00016690,3.48000000,0
1531265781817,1531265781814,1050846,0.00016700,27.95000000,0
1531265781888,1531265781887,1050847,0.00016680,15.46000000,0
1531265782853,1531265782853,1050848,0.00016700,21.30000000,0
1531265782853,1531265782853,1050849,0.00016710,5.70000000,0
1531265784829,1531265784829,1050850,0.00016700,68.38000000,0
1531265786240,1531265786239,1050851,0.00016700,8.40000000,0
1531265786240,1531265786239,1050852,0.00016710,12.31000000,0
1531265787140,1531265787138,1050853,0.00016710,15.39000000,1
1531265789123,1531265789123,1050854,0.00016540,101.45000000,1
1531265791154,1531265791154,1050855,0.00016600,0.20000000,1
1531265796763,1531265796762,1050856,0.00016610,56.92000000,1
1531265796763,1531265796762,1050857,0.00016500,474.86000000,1
1531265819096,1531265819095,1050858,0.00016670,56.92000000,0
1531265823078,1531265823077,1050859,0.00016700,40.81000000,0
1531265823078,1531265823077,1050860,0.00016710,71.76000000,0
1531265823733,1531265823733,1050861,0.00016710,20.08000000,0
1531265826235,1531265826234,1050862,0.00016710,6.64000000,0
1531265828310,1531265828309,1050863,0.00016700,9.00000000,0
1531265828608,1531265828607,1050864,0.00016710,28.01000000,0
1531265828722,1531265828721,1050865,0.00016710,71.75000000,0
1531265828722,1531265828721,1050866,0.00016720,67.23000000,0
1531265832929,1531265832927,1050867,0.00016720,0.29000000,0
1531265839190,1531265839189,1050868,0.00016720,7.97000000,0
1531265841766,1531265841766,1050869,0.00016730,41.41000000,0
1531265841766,1531265841766,1050870,0.00016740,99.32000000,0
1531265842461,1531265842461,1050871,0.00016750,59.32000000,0
1531265844084,1531265844083,1050872,0.00016750,42.00000000,0
1531265846701,1531265846701,1050873,0.00016750,31.39000000,0
1531265848187,1531265848186,1050874,0.00016750,381.36000000,0
1531265849565,1531265849565,1050875,0.00016770,12.02000000,0
1531265849565,1531265849565,1050876,0.00016780,0.97000000,0
1531265850461,1531265850459,1050877,0.00016780,34.40000000,0
1531265850461,1531265850459,1050878,0.00016820,37.35000000,0
1531265851964,1531265851963,1050879,0.00016820,7.81000000,0
1531265853054,1531265853052,1050880,0.00016820,8.02000000,0
1531265853054,1531265853052,1050881,0.00016860,6.58000000,0
1531265853054,1531265853052,1050882,0.00016900,9.64000000,0
1531265853054,1531265853052,1050883,0.00016940,7.48000000,0
1531265853054,1531265853052,1050884,0.00016990,24.28000000,0
1531265857031,1531265857030,1050885,0.00016950,1.29000000,0
1531265858754,1531265858753,1050886,0.00016900,1.29000000,0
1531265867617,1531265867617,1050887,0.00016840,124.16000000,1
1531265870937,1531265870936,1050888,0.00016860,15.48000000,1
1531265871033,1531265871031,1050889,0.00016850,6.54000000,1
1531265872570,1531265872570,1050890,0.00016850,8.94000000,0
1531265872570,1531265872570,1050891,0.00016860,63.71000000,0
1531265873618,1531265873618,1050892,0.00016850,23.81000000,0
1531265873785,1531265873784,1050893,0.00016860,7.84000000,0
1531265874106,1531265874104,1050894,0.00016870,35.18000000,1
1531265874258,1531265874258,1050895,0.00016860,40.14000000,1
1531265876377,1531265876373,1050896,0.00016890,8.79000000,1
1531265876790,1531265876789,1050897,0.00016850,5.65000000,1
1531265882441,1531265882440,1050898,0.00016910,30.34000000,0
1531265882441,1531265882440,1050899,0.00016920,124.16000000,0
1531265882441,1531265882440,1050900,0.00016930,17.59000000,0
1531265883060,1531265883059,1050901,0.00016980,17.59000000,1
1531265883240,1531265883239,1050902,0.00016980,8.79000000,1
1531265886224,1531265886224,1050903,0.00016980,195.92000000,1
1531265891053,1531265891051,1050904,0.00016980,12.15000000,1
1531265893874,1531265893858,1050905,0.00016990,9.00000000,0
1531265897165,1531265897165,1050906,0.00017000,73.31000000,0
1531265898587,1531265898586,1050907,0.00017000,82.97000000,0
1531265899100,1531265899099,1050908,0.00016990,195.83000000,1
1531265900116,1531265900115,1050909,0.00017000,78.16000000,0
1531265900577,1531265900576,1050910,0.00017000,181.62000000,0
1531265900577,1531265900576,1050911,0.00017040,68.21000000,0
1531265900577,1531265900576,1050912,0.00017050,444.89000000,0
1531265901312,1531265901311,1050913,0.00017050,25.91000000,0
1531265901944,1531265901944,1050914,0.00017050,154.30000000,0
1531265902862,1531265902862,1050915,0.00017050,20.71000000,0
1531265904823,1531265904822,1050916,0.00017050,6.80000000,0
1531265906489,1531265906488,1050917,0.00017040,9.57000000,0
1531265906489,1531265906488,1050918,0.00017050,5.61000000,0
1531265908436,1531265908435,1050919,0.00017050,31.60000000,0
1531265908688,1531265908688,1050920,0.00017050,240.50000000,0
1531265910558,1531265910557,1050921,0.00017050,100.00000000,0
1531265911193,1531265911193,1050922,0.00017050,31.60000000,0
1531265911613,1531265911612,1050923,0.00017050,34.11000000,0
1531265913013,1531265913011,1050924,0.00017060,130.05000000,1
1531265913648,1531265913647,1050925,0.00017010,39.40000000,1
1531265913648,1531265913647,1050926,0.00016990,4.68000000,1
1531265917870,1531265917869,1050927,0.00017040,60.00000000,0
1531265918351,1531265918351,1050928,0.00016980,100.00000000,1
1531265919283,1531265919282,1050929,0.00017030,24.80000000,0
1531265919283,1531265919282,1050930,0.00017050,50.15000000,0
1531265919283,1531265919282,1050931,0.00017060,128.35000000,0
1531265920675,1531265920673,1050932,0.00017060,24.93000000,1
1531265920969,1531265920969,1050933,0.00017060,0.67000000,1
1531265921167,1531265921166,1050934,0.00017060,139.13000000,1
1531265923593,1531265923593,1050935,0.00017060,14.96000000,1
1531265924530,1531265924530,1050936,0.00017060,131.97000000,1
1531265924809,1531265924808,1050937,0.00017060,426.45000000,1
1531265925394,1531265925393,1050938,0.00017090,0.16000000,0
1531265925685,1531265925685,1050939,0.00017090,35.42000000,0
1531265926473,1531265926472,1050940,0.00017090,72.79000000,1
1531265927019,1531265927017,1050941,0.00017090,40.88000000,1
1531265927019,1531265927017,1050942,0.00017060,15.95000000,1
1531265927061,1531265927059,1050943,0.00017060,4.82000000,1
1531265927084,1531265927084,1050944,0.00017060,10.45000000,1
1531265927131,1531265927129,1050945,0.00017060,18.54000000,1
1531265927183,1531265927182,1050946,0.00017060,7.35000000,1
1531265927255,1531265927256,1050947,0.00017060,5.07000000,1
1531265927293,1531265927292,1050948,0.00017060,4.80000000,1
1531265927302,1531265927302,1050949,0.00017060,4.98000000,1
1531265927347,1531265927345,1050950,0.00017060,6.03000000,1
1531265927366,1531265927365,1050951,0.00017060,6.01000000,1
1531265927487,1531265927487,1050952,0.00017060,4.72000000,1
1531265927623,1531265927621,1050953,0.00017060,4.96000000,1
1531265927690,1531265927690,1050954,0.00017060,3.54000000,1
1531265927734,1531265927733,1050955,0.00017060,4.59000000,1
1531265927801,1531265927800,1050956,0.00017060,15.79000000,1
1531265927812,1531265927812,1050957,0.00017060,28.37000000,1
1531265927821,1531265927819,1050958,0.00017060,7.29000000,1
1531265927855,1531265927855,1050959,0.00017060,6.02000000,1
1531265928140,1531265928139,1050960,0.00017060,4.44000000,1
1531265929427,1531265929426,1050961,0.00017100,49.49000000,0
1531265929653,1531265929653,1050962,0.00017100,0.12000000,0
1531265929792,1531265929793,1050963,0.00017100,696.45000000,0
1531265931186,1531265931185,1050964,0.00017100,11.52000000,0
1531265931241,1531265931241,1050965,0.00017090,225.84000000,1
1531265931709,1531265931708,1050966,0.00017090,4.11000000,1
1531265931744,1531265931744,1050967,0.00017100,0.09000000,0
1531265933229,1531265933229,1050968,0.00017100,0.07000000,0
1531265933650,1531265933649,1050969,0.00017090,6.69000000,1
1531265933796,1531265933794,1050970,0.00017090,71.82000000,1
1531265934384,1531265934383,1050971,0.00017100,0.05000000,0
1531265935250,1531265935250,1050972,0.00017090,582.01000000,1
1531265935446,1531265935446,1050973,0.00017090,0.04000000,0
1531265936738,1531265936738,1050974,0.00017090,0.03000000,0
1531265937712,1531265937712,1050975,0.00017090,0.02000000,0
1531265947051,1531265947050,1050976,0.00017090,46.45000000,0
1531265950868,1531265950867,1050977,0.00017090,48.35000000,0
1531265950868,1531265950867,1050978,0.00017100,37.21000000,0
1531265954589,1531265954587,1050979,0.00017100,0.43000000,1
1531265954713,1531265954712,1050980,0.00017100,6.47000000,1
1531265955726,1531265955725,1050981,0.00017100,65.32000000,1
1531265960736,1531265960736,1050982,0.00017150,0.02000000,0
1531265964283,1531265964283,1050983,0.00017150,224.65000000,0
1531265966398,1531265966398,1050984,0.00017100,45.24000000,1
1531265969368,1531265969368,1050985,0.00017150,7.40000000,0
1531265971518,1531265971516,1050986,0.00017150,342.20000000,0
1531265971518,1531265971516,1050987,0.00017170,132.28000000,0
1531265971518,1531265971516,1050988,0.00017200,7.93000000,0
1531265972013,1531265972013,1050989,0.00017110,195.73000000,1
1531265972013,1531265972013,1050990,0.00017100,106.11000000,1
1531265974675,1531265974673,1050991,0.00017200,119.83000000,0
1531265974675,1531265974673,1050992,0.00017210,50.00000000,0
1531265974675,1531265974673,1050993,0.00017250,88.00000000,0
1531265974675,1531265974673,1050994,0.00017300,8.62000000,0
1531265976060,1531265976058,1050995,0.00017300,79.32000000,0
1531265976060,1531265976058,1050996,0.00017340,3.06000000,0
1531265979298,1531265979296,1050997,0.00017130,10.00000000,1
1531265979365,1531265979364,1050998,0.00017170,7.40000000,0
1531265979365,1531265979364,1050999,0.00017190,9.60000000,0
1531265979682,1531265979681,1051000,0.00017290,146.87000000,1
1531265980215,1531265980214,1051001,0.00017290,293.01000000,0
1531265980215,1531265980214,1051002,0.00017330,195.73000000,0
1531265980215,1531265980214,1051003,0.00017340,169.03000000,0
1531265980475,1531265980474,1051004,0.00017230,19.59000000,0
1531265981926,1531265981919,1051005,0.00017160,20.02000000,1
1531265982054,1531265982054,1051006,0.00017230,6.70000000,0
1531265984034,1531265984034,1051007,0.00017160,3.31000000,1
1531265984046,1531265984047,1051008,0.00017160,34.47000000,1
1531265984144,1531265984143,1051009,0.00017160,4.06000000,1
1531265984408,1531265984406,1051010,0.00017230,210.20000000,0
1531265984408,1531265984406,1051011,0.00017290,74.40000000,0
1531265984408,1531265984406,1051012,0.00017340,145.69000000,0
1531265984408,1531265984406,1051013,0.00017380,161.25000000,0
1531265986155,1531265986154,1051014,0.00017180,12.24000000,1
1531265986395,1531265986396,1051015,0.00017220,0.01000000,0
1531265988077,1531265988076,1051016,0.00017220,0.01000000,0
1531265989111,1531265989110,1051017,0.00017210,36.88000000,1
1531265992084,1531265992084,1051018,0.00017220,7.38000000,0
1531265993146,1531265993145,1051019,0.00017160,111.32000000,1
1531265994671,1531265994671,1051020,0.00017330,148.17000000,0
1531265994951,1531265994948,1051021,0.00017330,17.00000000,0
1531266004410,1531266004409,1051022,0.00017330,10.00000000,0
1531266004410,1531266004409,1051023,0.00017340,26.01000000,0
1531266009937,1531266009936,1051024,0.00017330,10.19000000,0
1531266009966,1531266009964,1051025,0.00017330,76.10000000,1
1531266010186,1531266010186,1051026,0.00017330,65.45000000,1
1531266010521,1531266010520,1051027,0.00017330,137.35000000,1
1531266010550,1531266010550,1051028,0.00017260,45.51000000,1
1531266012386,1531266012385,1051029,0.00017320,9.60000000,0
1531266012386,1531266012385,1051030,0.00017330,45.58000000,0
1531266012386,1531266012385,1051031,0.00017340,38.82000000,0
1531266013300,1531266013300,1051032,0.00017260,0.03000000,1
1531266014752,1531266014752,1051033,0.00017320,8.99000000,0
1531266015347,1531266015346,1051034,0.00017320,0.61000000,0
1531266015347,1531266015346,1051035,0.00017330,11.83000000,0
1531266015347,1531266015346,1051036,0.00017340,2.56000000,0
1531266019523,1531266019521,1051037,0.00017230,67.85000000,1
1531266023630,1531266023630,1051038,0.00017300,67.73000000,0
1531266026651,1531266026649,1051039,0.00017300,0.12000000,0
1531266026651,1531266026649,1051040,0.00017310,9.60000000,0
1531266026651,1531266026649,1051041,0.00017320,100.31000000,0
1531266030931,1531266030930,1051042,0.00017300,6.92000000,1
1531266032331,1531266032330,1051043,0.00017300,47.93000000,1
1531266035502,1531266035501,1051044,0.00017310,1.00000000,0
1531266036806,1531266036805,1051045,0.00017310,8.60000000,0
1531266037918,1531266037918,1051046,0.00017310,13.67000000,1
1531266039238,1531266039237,1051047,0.00017320,444.25000000,0
1531266039238,1531266039237,1051048,0.00017340,625.83000000,0
1531266039238,1531266039237,1051049,0.00017350,63.00000000,0
1531266039238,1531266039237,1051050,0.00017380,865.75000000,0
1531266039238,1531266039237,1051051,0.00017390,1464.45000000,0
1531266039956,1531266039956,1051052,0.00017310,56.92000000,1
1531266047795,1531266047794,1051053,0.00017330,39.62000000,1
1531266049787,1531266049786,1051054,0.00017330,28.85000000,1
1531266049787,1531266049786,1051055,0.00017320,121.92000000,1
1531266052218,1531266052218,1051056,0.00017320,25.26000000,1
1531266055000,1531266054998,1051057,0.00017320,101.61000000,1
1531266055000,1531266054998,1051058,0.00017310,8.42000000,1
1531266064738,1531266064737,1051059,0.00017320,3.81000000,0
1531266065660,1531266065658,1051060,0.00017320,19.58000000,0
1531266069068,1531266069067,1051061,0.00017370,9.60000000,0
1531266069068,1531266069067,1051062,0.00017380,10.72000000,0
1531266075086,1531266075085,1051063,0.00017370,9.60000000,0
1531266075086,1531266075085,1051064,0.00017380,28.90000000,0
1531266075145,1531266075145,1051065,0.00017380,28.85000000,1
1531266075702,1531266075701,1051066,0.00017380,40.00000000,1
1531266075758,1531266075757,1051067,0.00017380,135.45000000,1
1531266075865,1531266075864,1051068,0.00017380,22.32000000,1
1531266076480,1531266076478,1051069,0.00017380,74.40000000,1
1531266078660,1531266078659,1051070,0.00017390,4.02000000,0
1531266080002,1531266080002,1051071,0.00017390,130.00000000,0
1531266080484,1531266080484,1051072,0.00017390,104.53000000,0
1531266081241,1531266081240,1051073,0.00017390,581.87000000,0
1531266081502,1531266081501,1051074,0.00017390,100.78000000,0
1531266081502,1531266081501,1051075,0.00017400,1586.32000000,0
1531266081502,1531266081501,1051076,0.00017400,16.00000000,1
1531266082534,1531266082532,1051077,0.00017420,8.74000000,0
1531266082534,1531266082532,1051078,0.00017450,118.93000000,0
1531266082534,1531266082532,1051079,0.00017460,31.35000000,0
1531266082534,1531266082532,1051080,0.00017470,104.06000000,0
1531266082928,1531266082928,1051081,0.00017470,0.01000000,0
1531266083491,1531266083490,1051082,0.00017400,16.75000000,1
1531266084348,1531266084348,1051083,0.00017400,16.35000000,1
1531266085649,1531266085647,1051084,0.00017410,10.19000000,0
1531266085649,1531266085647,1051085,0.00017470,139.30000000,0
1531266085649,1531266085647,1051086,0.00017480,139.17000000,0
1531266085649,1531266085647,1051087,0.00017490,295.05000000,0
1531266085649,1531266085647,1051088,0.00017500,1527.20000000,0
1531266085667,1531266085667,1051089,0.00017510,56.06000000,1
1531266085694,1531266085693,1051090,0.00017510,38.79000000,1
1531266086504,1531266086502,1051091,0.00017510,110.36000000,1
1531266086778,1531266086777,1051092,0.00017510,89.74000000,1
1531266087165,1531266087164,1051093,0.00017510,89.25000000,1
1531266087689,1531266087689,1051094,0.00017520,2959.64000000,0
1531266088205,1531266088205,1051095,0.00017520,27.75000000,1
1531266088970,1531266088968,1051096,0.00017520,29.53000000,1
1531266089864,1531266089863,1051097,0.00017530,6.11000000,0
1531266090114,1531266090113,1051098,0.00017520,29.53000000,1
1531266090447,1531266090446,1051099,0.00017530,112.95000000,0
1531266090951,1531266090951,1051100,0.00017530,4.73000000,0
1531266092317,1531266092317,1051101,0.00017530,1.18000000,0
1531266092730,1531266092729,1051102,0.00017530,169.27000000,0
1531266093349,1531266093347,1051103,0.00017550,96.78000000,0
1531266093365,1531266093365,1051104,0.00017600,0.39000000,0
1531266093368,1531266093367,1051105,0.00017600,18.45000000,0
1531266093368,1531266093367,1051106,0.00017610,23.00000000,0
1531266093368,1531266093367,1051107,0.00017700,272.17000000,0
1531266093370,1531266093369,1051108,0.00017700,314.55000000,0
1531266093417,1531266093416,1051109,0.00017540,28.50000000,1
1531266093417,1531266093416,1051110,0.00017530,18.55000000,1
1531266095436,1531266095433,1051111,0.00017540,13.28000000,1
1531266099108,1531266099106,1051112,0.00017610,13.28000000,0
1531266099108,1531266099106,1051113,0.00017620,49.26000000,0
1531266099108,1531266099106,1051114,0.00017630,11.00000000,0
1531266100280,1531266100280,1051115,0.00017540,11.52000000,1
1531266100409,1531266100409,1051116,0.00017600,10.80000000,0
1531266100409,1531266100409,1051117,0.00017630,13.20000000,0
1531266100672,1531266100672,1051118,0.00017540,0.92000000,1
1531266101410,1531266101409,1051119,0.00017630,1.81000000,0
1531266103908,1531266103907,1051120,0.00017630,2.49000000,0
1531266104218,1531266104217,1051121,0.00017630,63.08000000,1
1531266104218,1531266104217,1051122,0.00017540,268.12000000,1
1531266104233,1531266104233,1051123,0.00017540,133.83000000,0
1531266105079,1531266105079,1051124,0.00017540,560.24000000,0
1531266105316,1531266105316,1051125,0.00017520,20.30000000,1
1531266105878,1531266105878,1051126,0.00017540,0.03000000,0
1531266105952,1531266105951,1051127,0.00017540,148.56000000,0
1531266106437,1531266106437,1051128,0.00017540,61.79000000,0
1531266107207,1531266107206,1051129,0.00017540,218.56000000,0
1531266107268,1531266107267,1051130,0.00017520,136.16000000,1
1531266109917,1531266109917,1051131,0.00017540,587.39000000,0
1531266110969,1531266110968,1051132,0.00017520,102.48000000,1
1531266110969,1531266110968,1051133,0.00017460,36.32000000,1
1531266110969,1531266110968,1051134,0.00017430,8.51000000,1
1531266110969,1531266110968,1051135,0.00017390,42.90000000,1
1531266110969,1531266110968,1051136,0.00017370,72.87000000,1
1531266110970,1531266110968,1051137,0.00017370,0.09000000,1
1531266110970,1531266110968,1051138,0.00017360,57.07000000,1
1531266110992,1531266110992,1051139,0.00017450,7.38000000,0
1531266111075,1531266111074,1051140,0.00017450,7.38000000,1
1531266111900,1531266111899,1051141,0.00017490,20.93000000,0
1531266111900,1531266111899,1051142,0.00017510,21.97000000,0
1531266111900,1531266111899,1051143,0.00017520,193.88000000,0
1531266111900,1531266111899,1051144,0.00017530,72.96000000,0
1531266111900,1531266111899,1051145,0.00017540,902.43000000,0
1531266114320,1531266114319,1051146,0.00017460,7.38000000,1
1531266117158,1531266117158,1051147,0.00017520,448.42000000,0
1531266117158,1531266117158,1051148,0.00017540,99.38000000,0
1531266117568,1531266117567,1051149,0.00017540,4.02000000,1
1531266122348,1531266122347,1051150,0.00017590,4.05000000,0
1531266122831,1531266122830,1051151,0.00017590,3.33000000,0
1531266122831,1531266122830,1051152,0.00017600,0.72000000,0
1531266123128,1531266123125,1051153,0.00017540,152.76000000,1
1531266123392,1531266123390,1051154,0.00017600,4.05000000,0
1531266124086,1531266124085,1051155,0.00017600,11.65000000,0
1531266124796,1531266124796,1051156,0.00017600,4.05000000,0
1531266127849,1531266127849,1051157,0.00017540,6.10000000,1
1531266128092,1531266128091,1051158,0.00017590,11.45000000,0
1531266129950,1531266129949,1051159,0.00017590,7.28000000,0
1531266131742,1531266131741,1051160,0.00017590,294.89000000,0
1531266141756,1531266141755,1051161,0.00017600,38.60000000,0
1531266141756,1531266141755,1051162,0.00017630,9.76000000,0
1531266142844,1531266142843,1051163,0.00017630,152.57000000,1
1531266144914,1531266144913,1051164,0.00017590,8.51000000,1
1531266150114,1531266150114,1051165,0.00017600,0.01000000,0
1531266154738,1531266154737,1051166,0.00017600,44.57000000,0
1531266155145,1531266155145,1051167,0.00017600,485.17000000,0
1531266156052,1531266156050,1051168,0.00017600,178.47000000,0
1531266156308,1531266156307,1051169,0.00017630,42.03000000,1
1531266157232,1531266157230,1051170,0.00017700,0.01000000,0
1531266158299,1531266158296,1051171,0.00017630,20.91000000,1
1531266158794,1531266158794,1051172,0.00017700,154.47000000,0
1531266158872,1531266158871,1051173,0.00017810,1.22000000,0
1531266158896,1531266158894,1051174,0.00017810,3.50000000,0
1531266158933,1531266158934,1051175,0.00017810,1.22000000,0
1531266158974,1531266158974,1051176,0.00017810,1.22000000,0
1531266159016,1531266159015,1051177,0.00017810,1.22000000,0
1531266159858,1531266159858,1051178,0.00017720,62.11000000,1
1531266160381,1531266160379,1051179,0.00017810,75.17000000,0
1531266160381,1531266160379,1051180,0.00017820,54.85000000,0
1531266160381,1531266160379,1051181,0.00017890,770.00000000,0
1531266160381,1531266160379,1051182,0.00017900,146.99000000,0
1531266160381,1531266160379,1051183,0.00017900,12.98000000,1
1531266160397,1531266160396,1051184,0.00017900,583.83000000,1
1531266160792,1531266160791,1051185,0.00017720,129.37000000,1
1531266160792,1531266160791,1051186,0.00017710,161.67000000,1
1531266160792,1531266160791,1051187,0.00017700,766.97000000,1
1531266160792,1531266160791,1051188,0.00017640,62.10000000,1
1531266160810,1531266160809,1051189,0.00017850,6.71000000,0
1531266163521,1531266163520,1051190,0.00017650,358.77000000,1
1531266163521,1531266163520,1051191,0.00017640,209.52000000,1
1531266163622,1531266163622,1051192,0.00017640,0.01000000,1
1531266163848,1531266163848,1051193,0.00017670,7.28000000,0
1531266163848,1531266163848,1051194,0.00017830,87.82000000,0
1531266164026,1531266164023,1051195,0.00017830,96.95000000,0
1531266164026,1531266164023,1051196,0.00017840,10.66000000,0
1531266169168,1531266169168,1051197,0.00017840,0.01000000,0
1531266169556,1531266169556,1051198,0.00017830,10.19000000,0
1531266169556,1531266169556,1051199,0.00017840,198.95000000,0
1531266169772,1531266169770,1051200,0.00017720,8.38000000,1
1531266169961,1531266169960,1051201,0.00017840,72.38000000,0
1531266170223,1531266170221,1051202,0.00017830,55.72000000,0
1531266170245,1531266170244,1051203,0.00017830,32.82000000,0
1531266170249,1531266170248,1051204,0.00017830,55.72000000,0
1531266170473,1531266170473,1051205,0.00017830,6.75000000,0
1531266170473,1531266170473,1051206,0.00017840,0.29000000,0
1531266170843,1531266170843,1051207,0.00017850,0.01000000,0
1531266170870,1531266170870,1051208,0.00017840,47.64000000,1
1531266172072,1531266172071,1051209,0.00017840,20.70000000,1
1531266172733,1531266172731,1051210,0.00017840,358.77000000,1
1531266173694,1531266173694,1051211,0.00017840,10.19000000,1
1531266174229,1531266174228,1051212,0.00017850,24.99000000,0
1531266174229,1531266174228,1051213,0.00017940,150.29000000,0
1531266175100,1531266175100,1051214,0.00017850,55.72000000,1
1531266176122,1531266176121,1051215,0.00017850,90.57000000,1
1531266176555,1531266176553,1051216,0.00017850,21.60000000,1
1531266177745,1531266177744,1051217,0.00017950,1.22000000,0
1531266177800,1531266177801,1051218,0.00017930,1.22000000,0
1531266177862,1531266177862,1051219,0.00017930,3.50000000,0
1531266177890,1531266177890,1051220,0.00017930,1.22000000,0
1531266177976,1531266177976,1051221,0.00017930,1.22000000,0
1531266178459,1531266178459,1051222,0.00017920,10.19000000,0
1531266178459,1531266178459,1051223,0.00017930,123.81000000,0
1531266179912,1531266179911,1051224,0.00017930,25.67000000,0
1531266180262,1531266180261,1051225,0.00017860,32.82000000,1
1531266181758,1531266181757,1051226,0.00017930,105.83000000,1
1531266181931,1531266181930,1051227,0.00017950,168.09000000,0
1531266181957,1531266181955,1051228,0.00017950,899.77000000,1
1531266182479,1531266182479,1051229,0.00017950,33.00000000,1
1531266182861,1531266182861,1051230,0.00017950,26.20000000,1
1531266182978,1531266182977,1051231,0.00017950,27.06000000,1
1531266183926,1531266183925,1051232,0.00017950,41.78000000,1
1531266183933,1531266183932,1051233,0.00017960,132.40000000,0
1531266184232,1531266184231,1051234,0.00017950,32.82000000,1
1531266184748,1531266184747,1051235,0.00017960,2.94000000,0
1531266184962,1531266184961,1051236,0.00017950,8.83000000,1
1531266185062,1531266185062,1051237,0.00017950,193.00000000,1
1531266185221,1531266185218,1051238,0.00017970,334.45000000,0
1531266185481,1531266185479,1051239,0.00017970,29.23000000,1
1531266185966,1531266185964,1051240,0.00017970,2.97000000,1
1531266186201,1531266186200,1051241,0.00017990,0.74000000,0
1531266186213,1531266186212,1051242,0.00017970,10.19000000,1
1531266186778,1531266186778,1051243,0.00017970,115.64000000,1
1531266187092,1531266187090,1051244,0.00017970,21.08000000,1
1531266187351,1531266187351,1051245,0.00017990,1.22000000,0
1531266187408,1531266187408,1051246,0.00017990,1.22000000,0
1531266187494,1531266187494,1051247,0.00017990,96.82000000,0
1531266187494,1531266187494,1051248,0.00018000,163.12000000,0
1531266187499,1531266187499,1051249,0.00018000,3.50000000,0
1531266187703,1531266187703,1051250,0.00018000,1.22000000,0
1531266187755,1531266187756,1051251,0.00018000,1.22000000,0
1531266188850,1531266188850,1051252,0.00018000,5.99000000,0
1531266189918,1531266189916,1051253,0.00017970,9.00000000,0
1531266189918,1531266189916,1051254,0.00018000,2258.69000000,0
1531266190177,1531266190175,1051255,0.00017960,8.38000000,1
1531266190505,1531266190504,1051256,0.00018000,181.53000000,0
1531266190505,1531266190504,1051257,0.00018050,11.99000000,0
1531266190505,1531266190504,1051258,0.00018060,50.00000000,0
1531266190505,1531266190504,1051259,0.00018090,8.52000000,0
1531266190505,1531266190504,1051260,0.00018150,22.06000000,0
1531266190527,1531266190523,1051261,0.00018150,160.31000000,1
1531266190553,1531266190553,1051262,0.00018150,44.57000000,1
1531266190594,1531266190594,1051263,0.00018150,22.24000000,1
1531266190622,1531266190621,1051264,0.00018150,0.29000000,0
1531266191576,1531266191576,1051265,0.00017990,58.19000000,1
1531266191957,1531266191955,1051266,0.00017990,172.93000000,1
1531266192603,1531266192601,1051267,0.00017990,9.00000000,1
1531266192691,1531266192692,1051268,0.00017990,0.75000000,1
1531266192911,1531266192911,1051269,0.00018000,87.73000000,1
1531266193521,1531266193520,1051270,0.00018140,157.24000000,0
1531266193521,1531266193520,1051271,0.00018150,8.83000000,0
1531266193645,1531266193643,1051272,0.00018000,183.98000000,1
1531266193645,1531266193643,1051273,0.00017990,73.62000000,1
1531266193645,1531266193643,1051274,0.00017980,27.80000000,1
1531266193645,1531266193643,1051275,0.00017970,299.70000000,1
1531266193645,1531266193643,1051276,0.00017960,15.53000000,1
1531266193665,1531266193664,1051277,0.00017950,160.00000000,0
1531266193698,1531266193697,1051278,0.00017950,160.00000000,0
1531266193703,1531266193703,1051279,0.00017950,160.00000000,0
1531266193709,1531266193710,1051280,0.00017950,44.57000000,0
1531266193950,1531266193949,1051281,0.00017950,1.22000000,0
1531266193969,1531266193968,1051282,0.00017950,1.22000000,0
1531266194009,1531266194009,1051283,0.00017950,1.22000000,0
1531266194033,1531266194033,1051284,0.00017950,3.50000000,0
1531266194223,1531266194222,1051285,0.00017950,1.22000000,0
1531266194275,1531266194273,1051286,0.00017940,157.25000000,0
1531266194275,1531266194273,1051287,0.00017950,58.78000000,0
1531266194275,1531266194273,1051288,0.00018000,33.81000000,0
1531266194332,1531266194332,1051289,0.00018000,5.81000000,1
1531266194871,1531266194871,1051290,0.00018000,86.30000000,1
1531266194876,1531266194875,1051291,0.00017910,8.29000000,1
1531266194876,1531266194875,1051292,0.00017850,19.12000000,1
1531266195245,1531266195244,1051293,0.00017870,86.30000000,1
1531266196281,1531266196280,1051294,0.00017870,57.41000000,1
1531266197119,1531266197117,1051295,0.00017880,106.42000000,1
1531266197119,1531266197117,1051296,0.00017870,88.13000000,1
1531266197119,1531266197117,1051297,0.00017850,59.69000000,1
1531266197309,1531266197307,1051298,0.00017910,6.71000000,0
1531266197309,1531266197307,1051299,0.00017930,19.58000000,0
1531266197309,1531266197307,1051300,0.00017940,299.70000000,0
1531266197309,1531266197307,1051301,0.00018100,184.12000000,0
1531266198178,1531266198178,1051302,0.00017880,113.96000000,1
1531266198424,1531266198423,1051303,0.00017890,32.54000000,1
1531266200680,1531266200674,1051304,0.00017890,372.78000000,1
1531266200680,1531266200674,1051305,0.00017850,168.45000000,1
1531266200680,1531266200674,1051306,0.00017840,1107.51000000,1
1531266200680,1531266200674,1051307,0.00017790,56.13000000,1
1531266200680,1531266200674,1051308,0.00017750,71.36000000,1
1531266200680,1531266200674,1051309,0.00017700,48.10000000,1
1531266200680,1531266200674,1051310,0.00017670,42.49000000,1
1531266200680,1531266200674,1051311,0.00017640,24.13000000,1
1531266200680,1531266200674,1051312,0.00017630,8.42000000,1
1531266200680,1531266200674,1051313,0.00017620,41.34000000,1
1531266200680,1531266200674,1051314,0.00017610,349.63000000,1
1531266200691,1531266200691,1051315,0.00017610,261.83000000,0
1531266200692,1531266200691,1051316,0.00017610,0.01000000,0
1531266200751,1531266200751,1051317,0.00017890,12.50000000,1
1531266200822,1531266200821,1051318,0.00017890,56.13000000,1
1531266200925,1531266200925,1051319,0.00017950,170.00000000,1
1531266201120,1531266201118,1051320,0.00017950,17.42000000,1
1531266201161,1531266201159,1051321,0.00017950,68.62000000,1
1531266201162,1531266201161,1051322,0.00017950,17.42000000,1
1531266201167,1531266201167,1051323,0.00017950,17.98000000,1
1531266201200,1531266201200,1051324,0.00017950,31.32000000,1
1531266201242,1531266201241,1051325,0.00017950,16.78000000,1
1531266201267,1531266201268,1051326,0.00017950,12.00000000,1
1531266201323,1531266201322,1051327,0.00017750,17.98000000,0
1531266201359,1531266201359,1051328,0.00017750,17.98000000,0
1531266201380,1531266201379,1051329,0.00017720,7.14000000,0
1531266201391,1531266201390,1051330,0.00017720,27.57000000,0
1531266201391,1531266201390,1051331,0.00017740,27.80000000,0
1531266201391,1531266201390,1051332,0.00017750,7.87000000,0
1531266201422,1531266201422,1051333,0.00017780,7.13000000,0
1531266201613,1531266201611,1051334,0.00017760,6.63000000,0
1531266201613,1531266201611,1051335,0.00017780,25.72000000,0
1531266201613,1531266201611,1051336,0.00017790,21.77000000,0
1531266201720,1531266201716,1051337,0.00017890,199.35000000,1
1531266201722,1531266201722,1051338,0.00017630,45.40000000,1
1531266201735,1531266201734,1051339,0.00017700,53.63000000,0
1531266202223,1531266202222,1051340,0.00017710,86.10000000,1
1531266202223,1531266202222,1051341,0.00017630,154.31000000,1
1531266202223,1531266202222,1051342,0.00017620,19.53000000,1
1531266202286,1531266202286,1051343,0.00017730,0.01000000,1
1531266203177,1531266203176,1051344,0.00017710,7.14000000,1
1531266203320,1531266203318,1051345,0.00017730,47.03000000,1
1531266203320,1531266203318,1051346,0.00017710,1.31000000,1
1531266203320,1531266203318,1051347,0.00017650,85.28000000,1
1531266203484,1531266203482,1051348,0.00017940,0.18000000,0
1531266203994,1531266203994,1051349,0.00017670,199.70000000,1
1531266203994,1531266203994,1051350,0.00017650,177.97000000,1
1531266203994,1531266203994,1051351,0.00017640,95.90000000,1
1531266203994,1531266203994,1051352,0.00017620,8.84000000,1
1531266203994,1531266203994,1051353,0.00017610,174.70000000,1
1531266204272,1531266204272,1051354,0.00017640,16.98000000,1
1531266205378,1531266205376,1051355,0.00017680,34.81000000,1
1531266206014,1531266206014,1051356,0.00017750,34.81000000,0
1531266206225,1531266206225,1051357,0.00017660,0.47000000,1
1531266206491,1531266206491,1051358,0.00017660,93.55000000,1
1531266207471,1531266207471,1051359,0.00017870,22.39000000,0
1531266207472,1531266207471,1051360,0.00017680,23.00000000,1
1531266208293,1531266208292,1051361,0.00017640,254.76000000,1
1531266209077,1531266209076,1051362,0.00017640,3.69000000,0
1531266209657,1531266209657,1051363,0.00017620,32.28000000,1
1531266209995,1531266209995,1051364,0.00017620,3.68000000,1
1531266210773,1531266210774,1051365,0.00017620,59.66000000,1
1531266210981,1531266210981,1051366,0.00017640,12.65000000,0
1531266211099,1531266211096,1051367,0.00017620,6.76000000,1
1531266211099,1531266211096,1051368,0.00017610,16.21000000,1
1531266211490,1531266211488,1051369,0.00017610,59.34000000,1
1531266212390,1531266212390,1051370,0.00017610,57.83000000,1
1531266212503,1531266212503,1051371,0.00017610,3.00000000,1
1531266212551,1531266212548,1051372,0.00017610,28.92000000,1
1531266212551,1531266212548,1051373,0.00017590,18.13000000,1
1531266212551,1531266212548,1051374,0.00017440,12.29000000,1
1531266213441,1531266213440,1051375,0.00017460,89.73000000,1
1531266213441,1531266213440,1051376,0.00017440,17.88000000,1
1531266213532,1531266213532,1051377,0.00017610,0.75000000,0
1531266214709,1531266214708,1051378,0.00017610,196.14000000,0
1531266214709,1531266214708,1051379,0.00017630,163.23000000,0
1531266214912,1531266214911,1051380,0.00017630,0.56000000,0
1531266215652,1531266215651,1051381,0.00017550,56.13000000,0
1531266215953,1531266215952,1051382,0.00017540,0.42000000,0
1531266217097,1531266217097,1051383,0.00017530,0.32000000,0
1531266217836,1531266217836,1051384,0.00017470,11.42000000,1
1531266217836,1531266217836,1051385,0.00017400,609.66000000,1
1531266217852,1531266217852,1051386,0.00017400,48.52000000,0
1531266218114,1531266218113,1051387,0.00017520,0.24000000,0
1531266218954,1531266218952,1051388,0.00017440,36.36000000,1
1531266218954,1531266218952,1051389,0.00017410,8.60000000,1
1531266218954,1531266218952,1051390,0.00017340,28.83000000,1
1531266218954,1531266218952,1051391,0.00017330,59.84000000,1
1531266219119,1531266219119,1051392,0.00017520,0.18000000,0
1531266219410,1531266219409,1051393,0.00017480,81.94000000,0
1531266219432,1531266219432,1051394,0.00017480,1.24000000,0
1531266219446,1531266219445,1051395,0.00017480,81.94000000,0
1531266220142,1531266220142,1051396,0.00017470,0.13000000,0
1531266220949,1531266220948,1051397,0.00017330,61.05000000,1
1531266221128,1531266221128,1051398,0.00017470,0.10000000,0
1531266221659,1531266221659,1051399,0.00017350,59.66000000,1
1531266221985,1531266221984,1051400,0.00017350,59.38000000,1
1531266222005,1531266222004,1051401,0.00017450,0.07000000,0
1531266222109,1531266222108,1051402,0.00017350,59.77000000,1
1531266222157,1531266222156,1051403,0.00017350,60.13000000,1
1531266222227,1531266222226,1051404,0.00017350,52.36000000,1
1531266222549,1531266222549,1051405,0.00017350,59.98000000,1
1531266222600,1531266222599,1051406,0.00017350,215.02000000,1
1531266222600,1531266222599,1051407,0.00017340,10.19000000,1
1531266222600,1531266222599,1051408,0.00017330,300.00000000,1
1531266222617,1531266222614,1051409,0.00017280,325.50000000,0
1531266222640,1531266222639,1051410,0.00017300,44.57000000,0
1531266222674,1531266222674,1051411,0.00017300,88.10000000,0
1531266222806,1531266222806,1051412,0.00017260,8.67000000,1
1531266222806,1531266222806,1051413,0.00017230,36.00000000,1
1531266222806,1531266222806,1051414,0.00017220,14.74000000,1
1531266222869,1531266222868,1051415,0.00017220,59.59000000,1
1531266222887,1531266222887,1051416,0.00017450,0.06000000,0
1531266223209,1531266223207,1051417,0.00017390,59.59000000,1
1531266223291,1531266223291,1051418,0.00017390,59.63000000,1
1531266223316,1531266223315,1051419,0.00017390,13.44000000,1
1531266223316,1531266223315,1051420,0.00017220,46.36000000,1
1531266223480,1531266223478,1051421,0.00017270,45.00000000,1
1531266223626,1531266223627,1051422,0.00017270,59.52000000,1
1531266223665,1531266223665,1051423,0.00017300,36.00000000,0
1531266223682,1531266223681,1051424,0.00017300,35.96000000,1
1531266223682,1531266223681,1051425,0.00017270,23.56000000,1
1531266223781,1531266223781,1051426,0.00017270,27.39000000,1
1531266224380,1531266224379,1051427,0.00017270,26.05000000,1
1531266224380,1531266224379,1051428,0.00017220,33.33000000,1
1531266224396,1531266224395,1051429,0.00017220,59.41000000,1
1531266224672,1531266224670,1051430,0.00017390,0.04000000,0
1531266224771,1531266224770,1051431,0.00017220,60.00000000,1
1531266225082,1531266225081,1051432,0.00017270,24.00000000,1
1531266225082,1531266225081,1051433,0.00017220,35.38000000,1
1531266225370,1531266225369,1051434,0.00017220,0.23000000,1
1531266225563,1531266225563,1051435,0.00017380,0.03000000,0
1531266226385,1531266226385,1051436,0.00017220,11.43000000,1
1531266226478,1531266226477,1051437,0.00017360,23.05000000,0
1531266226631,1531266226631,1051438,0.00017220,8.93000000,1
1531266229035,1531266229035,1051439,0.00017300,3.96000000,0
1531266230544,1531266230544,1051440,0.00017270,126.10000000,1
1531266230615,1531266230615,1051441,0.00017270,66.54000000,0
1531266230654,1531266230653,1051442,0.00017270,161.60000000,0
1531266230654,1531266230653,1051443,0.00017280,7.12000000,0
1531266230654,1531266230653,1051444,0.00017290,38.55000000,0
1531266230654,1531266230653,1051445,0.00017300,142.53000000,0
1531266230656,1531266230655,1051446,0.00017300,100.83000000,1
1531266230656,1531266230655,1051447,0.00017260,57.50000000,1
1531266231447,1531266231447,1051448,0.00017280,17.27000000,0
1531266231632,1531266231630,1051449,0.00017310,0.04000000,0
1531266232377,1531266232376,1051450,0.00017300,89.60000000,1
1531266232422,1531266232417,1051451,0.00017300,31.52000000,1
1531266233669,1531266233668,1051452,0.00017300,70.12000000,1
1531266233669,1531266233668,1051453,0.00017260,8.88000000,1
1531266235880,1531266235880,1051454,0.00017260,3.01000000,1
1531266236323,1531266236322,1051455,0.00017280,153.36000000,0
1531266236896,1531266236896,1051456,0.00017280,184.37000000,0
1531266237277,1531266237275,1051457,0.00017330,0.03000000,0
1531266237871,1531266237871,1051458,0.00017330,351.13000000,0
1531266238261,1531266238260,1051459,0.00017330,16.67000000,1
1531266238773,1531266238772,1051460,0.00017400,0.02000000,0
1531266238960,1531266238960,1051461,0.00017330,75.38000000,1
1531266239366,1531266239366,1051462,0.00017400,39.98000000,0
1531266239671,1531266239670,1051463,0.00017400,145.00000000,1
1531266239728,1531266239727,1051464,0.00017470,259.35000000,0
1531266239728,1531266239727,1051465,0.00017530,218.10000000,0
1531266239775,1531266239775,1051466,0.00017530,81.93000000,1
