event_time,trade_time,trade_id,price,quantity,maker
1531210391702,1531210391697,3366979,0.02433000,0.89900000,0
1531210391702,1531210391697,3366980,0.02433100,0.10100000,0
1531210407812,1531210407807,3366981,0.02433100,0.16000000,0
1531210407812,1531210407807,3366982,0.02434500,0.90000000,0
1531210407812,1531210407807,3366983,0.02435600,4.48700000,0
1531210413754,1531210413748,3366984,0.02435500,0.03000000,0
1531210413852,1531210413852,3366985,0.02435500,0.04200000,0
1531210414616,1531210414611,3366986,0.02429300,0.90000000,1
1531210414616,1531210414611,3366987,0.02428600,0.45300000,1
1531210414616,1531210414611,3366988,0.02428500,0.08100000,1
1531210414616,1531210414611,3366989,0.02427800,2.04300000,1
1531210417777,1531210417773,3366990,0.02435500,0.00800000,0
1531210438474,1531210438471,3366991,0.02435500,1.76200000,0
1531210438474,1531210438471,3366992,0.02435600,2.67000000,0
1531210439474,1531210439469,3366993,0.02435600,0.08400000,0
1531210439502,1531210439498,3366994,0.02435600,0.08400000,0
1531210439515,1531210439511,3366995,0.02435600,0.08400000,0
1531210439545,1531210439541,3366996,0.02435600,0.08400000,0
1531210439556,1531210439551,3366997,0.02435600,0.08400000,0
1531210439576,1531210439571,3366998,0.02435600,0.08400000,0
1531210439593,1531210439588,3366999,0.02435600,0.08400000,0
1531210439628,1531210439623,3367000,0.02435600,0.08400000,0
1531210439658,1531210439650,3367001,0.02435600,0.22800000,0
1531210456514,1531210456509,3367002,0.02435000,0.90000000,0
1531210456545,1531210456539,3367003,0.02435100,0.08400000,0
1531210456565,1531210456561,3367004,0.02435100,0.08400000,0
1531210456587,1531210456585,3367005,0.02435100,0.08400000,0
1531210456616,1531210456614,3367006,0.02435100,0.08400000,0
1531210456626,1531210456621,3367007,0.02435100,0.08400000,0
1531210456660,1531210456654,3367008,0.02435100,0.08400000,0
1531210456669,1531210456664,3367009,0.02435100,0.08400000,0
1531210456695,1531210456692,3367010,0.02435100,0.08400000,0
1531210456722,1531210456718,3367011,0.02435100,0.22800000,0
1531210457576,1531210457572,3367012,0.02435000,0.76900000,1
1531210557057,1531210557053,3367013,0.02434500,0.00500000,0
1531210558591,1531210558587,3367014,0.02434500,0.04200000,0
1531210559589,1531210559583,3367015,0.02430000,0.04200000,0
1531210563718,1531210563709,3367016,0.02430000,0.89300000,0
1531210564182,1531210564177,3367017,0.02430000,0.41100000,0
1531210570225,1531210570220,3367018,0.02430000,0.03700000,0
1531210573060,1531210573053,3367019,0.02427900,0.00300000,1
1531210573412,1531210573412,3367020,0.02430000,0.00100000,0
1531210657242,1531210657241,3367021,0.02430000,0.26600000,0
1531210733636,1531210733632,3367022,0.02430000,0.19700000,0
1531210734599,1531210734597,3367023,0.02432200,0.44300000,1
1531210766090,1531210766085,3367024,0.02432500,0.08300000,0
1531210766090,1531210766085,3367025,0.02435100,0.07000000,0
1531210823917,1531210823911,3367026,0.02436200,0.93700000,0
1531210824473,1531210824469,3367027,0.02436200,0.93700000,1
1531210824644,1531210824640,3367028,0.02436300,0.07300000,0
1531210824644,1531210824640,3367029,0.02438200,0.01100000,0
1531210824663,1531210824664,3367030,0.02438200,0.08400000,0
1531210824704,1531210824699,3367031,0.02438200,0.08400000,0
1531210824713,1531210824710,3367032,0.02438200,0.08400000,0
1531210824747,1531210824743,3367033,0.02438200,0.06400000,0
1531210824747,1531210824743,3367034,0.02439200,0.02000000,0
1531210824771,1531210824771,3367035,0.02439200,0.08400000,0
1531210824776,1531210824773,3367036,0.02439200,0.08400000,0
1531210824798,1531210824793,3367037,0.02439200,0.08400000,0
1531210824823,1531210824820,3367038,0.02439200,0.22800000,0
1531210888388,1531210888382,3367039,0.02438500,0.00300000,0
1531210888674,1531210888671,3367040,0.02438500,0.04200000,0
1531210889668,1531210889663,3367041,0.02438500,0.04200000,0
1531210890686,1531210890680,3367042,0.02438500,0.04200000,0
1531210891682,1531210891677,3367043,0.02438500,0.04200000,0
1531210892671,1531210892671,3367044,0.02438500,0.04200000,0
1531210893688,1531210893683,3367045,0.02438500,0.04200000,0
1531210894681,1531210894676,3367046,0.02438500,0.04200000,0
1531210895691,1531210895687,3367047,0.02438500,0.04200000,0
1531210896732,1531210896728,3367048,0.02438500,0.04200000,0
1531210897686,1531210897682,3367049,0.02438500,0.04200000,0
1531210898680,1531210898676,3367050,0.02438500,0.04200000,0
1531210899692,1531210899692,3367051,0.02438500,0.04200000,0
1531210900691,1531210900687,3367052,0.02438500,0.04200000,0
1531210901691,1531210901687,3367053,0.02438500,0.04200000,0
1531210902696,1531210902691,3367054,0.02438500,0.04200000,0
1531210903695,1531210903690,3367055,0.02438500,0.04200000,0
1531210904705,1531210904699,3367056,0.02438500,0.04200000,0
1531210905699,1531210905699,3367057,0.02438500,0.04200000,0
1531210906709,1531210906705,3367058,0.02438500,0.04200000,0
1531210907700,1531210907698,3367059,0.02438500,0.04200000,0
1531210908701,1531210908696,3367060,0.02438500,0.04200000,0
1531210909715,1531210909710,3367061,0.02438500,0.01500000,0
1531210909715,1531210909710,3367062,0.02438600,0.02700000,0
1531210922201,1531210922195,3367063,0.02438500,0.00300000,0
1531210942049,1531210942045,3367064,0.02439000,0.04600000,0
1531210942921,1531210942919,3367065,0.02439000,0.04200000,0
1531210943913,1531210943909,3367066,0.02439000,0.04200000,0
1531210944930,1531210944926,3367067,0.02439000,0.04200000,0
1531210945920,1531210945920,3367068,0.02439000,0.04200000,0
1531210946934,1531210946930,3367069,0.02439000,0.04200000,0
1531210947935,1531210947932,3367070,0.02439000,0.04200000,0
1531210948930,1531210948925,3367071,0.02439000,0.00200000,0
1531210948930,1531210948925,3367072,0.02439100,0.04000000,0
1531210949941,1531210949937,3367073,0.02439100,0.04200000,0
1531210950932,1531210950929,3367074,0.02439100,0.04200000,0
1531210951947,1531210951942,3367075,0.02439100,0.04200000,0
1531210952950,1531210952946,3367076,0.02439100,0.04200000,0
1531210953939,1531210953934,3367077,0.02439100,0.04200000,0
1531210954946,1531210954947,3367078,0.02439100,0.04200000,0
1531210955945,1531210955940,3367079,0.02439100,0.04200000,0
1531210956955,1531210956952,3367080,0.02439100,0.04200000,0
1531210957938,1531210957933,3367081,0.02439100,0.04200000,0
1531210958941,1531210958942,3367082,0.02439100,0.04200000,0
1531210959947,1531210959941,3367083,0.02439100,0.04200000,0
1531210960945,1531210960943,3367084,0.02439100,0.04200000,0
1531210961948,1531210961944,3367085,0.02439100,0.04200000,0
1531210962958,1531210962955,3367086,0.02439100,0.04200000,0
1531210963951,1531210963947,3367087,0.02439100,0.04200000,0
1531210977474,1531210977469,3367088,0.02439000,0.92400000,0
1531210977474,1531210977469,3367089,0.02439100,0.07600000,0
1531210978047,1531210978044,3367090,0.02439100,0.08200000,0
1531210978069,1531210978065,3367091,0.02439100,0.08200000,0
1531210978090,1531210978086,3367092,0.02439100,0.08200000,0
1531210978112,1531210978107,3367093,0.02439100,0.08200000,0
1531210978126,1531210978127,3367094,0.02439100,0.08200000,0
1531210978140,1531210978135,3367095,0.02439100,0.08200000,0
1531210978172,1531210978169,3367096,0.02439100,0.08200000,0
1531210978196,1531210978190,3367097,0.02439100,0.08200000,0
1531210978214,1531210978211,3367098,0.02439100,0.24400000,0
1531211009198,1531211009195,3367099,0.02438800,0.11700000,0
1531211009321,1531211009316,3367100,0.02438800,0.11700000,0
1531211010325,1531211010320,3367101,0.02438800,0.06600000,0
1531211010325,1531211010320,3367102,0.02438900,0.05100000,0
1531211010648,1531211010645,3367103,0.02438900,0.06600000,0
1531211011336,1531211011335,3367104,0.02438900,0.06600000,0
1531211016390,1531211016385,3367105,0.02438800,0.90000000,0
1531211016861,1531211016856,3367106,0.02438900,0.08400000,0
1531211016883,1531211016879,3367107,0.02438900,0.08400000,0
1531211016892,1531211016888,3367108,0.02438900,0.54600000,0
1531211016914,1531211016910,3367109,0.02439200,0.08400000,0
1531211016927,1531211016923,3367110,0.02439000,0.23400000,1
1531211016933,1531211016930,3367111,0.02439200,0.08400000,0
1531211016943,1531211016940,3367112,0.02439200,0.08400000,0
1531211016964,1531211016959,3367113,0.02439200,0.08400000,0
1531211016993,1531211016990,3367114,0.02439200,0.08400000,0
1531211017016,1531211017010,3367115,0.02439200,0.08400000,0
1531211017035,1531211017029,3367116,0.02439200,0.22800000,0
1531211017768,1531211017766,3367117,0.02439000,0.20500000,1
1531211021626,1531211021621,3367118,0.02439100,0.90000000,0
1531211021870,1531211021867,3367119,0.02439200,0.08200000,0
1531211021900,1531211021897,3367120,0.02439200,0.08200000,0
1531211021912,1531211021907,3367121,0.02439200,0.08200000,0
1531211021934,1531211021930,3367122,0.02439200,0.08200000,0
1531211021964,1531211021960,3367123,0.02439200,0.08200000,0
1531211021983,1531211021979,3367124,0.02439200,0.08200000,0
1531211022003,1531211022000,3367125,0.02439200,0.08200000,0
1531211022012,1531211022009,3367126,0.02439200,0.08200000,0
1531211022057,1531211022052,3367127,0.02439200,0.11200000,0
1531211022057,1531211022052,3367128,0.02439500,0.13200000,0
1531211022981,1531211022977,3367129,0.02439400,0.55700000,0
1531211023883,1531211023880,3367130,0.02439400,0.08200000,0
1531211023912,1531211023906,3367131,0.02439400,0.08200000,0
1531211023941,1531211023939,3367132,0.02439400,0.08200000,0
1531211023953,1531211023950,3367133,0.02439400,0.08200000,0
1531211023988,1531211023984,3367134,0.02439400,0.01500000,0
1531211023988,1531211023984,3367135,0.02439500,0.13200000,0
1531211023993,1531211023988,3367136,0.02439500,0.34300000,0
1531211024090,1531211024086,3367137,0.02439500,0.08200000,0
1531211024880,1531211024874,3367138,0.02439900,0.08200000,0
1531211024901,1531211024897,3367139,0.02439900,0.08200000,0
1531211024913,1531211024908,3367140,0.02439900,0.08200000,0
1531211024937,1531211024933,3367141,0.02439900,0.09700000,0
1531211045217,1531211045213,3367142,0.02439800,0.67600000,0
1531211045923,1531211045919,3367143,0.02439800,0.08200000,0
1531211045946,1531211045942,3367144,0.02439800,0.08200000,0
1531211045965,1531211045960,3367145,0.02439800,0.06000000,0
1531211045965,1531211045960,3367146,0.02439900,0.02200000,0
1531211045984,1531211045980,3367147,0.02439900,0.08200000,0
1531211046008,1531211046007,3367148,0.02439900,0.08200000,0
1531211046030,1531211046026,3367149,0.02439900,0.08200000,0
1531211046056,1531211046052,3367150,0.02439900,0.08200000,0
1531211046076,1531211046070,3367151,0.02439900,0.10200000,0
1531211046932,1531211046926,3367152,0.02439900,0.08200000,0
1531211046953,1531211046949,3367153,0.02439900,0.14200000,0
1531211105534,1531211105532,3367154,0.02439800,0.90000000,0
1531211105534,1531211105532,3367155,0.02439900,2.41500000,0
1531211106446,1531211106441,3367156,0.02439900,0.08200000,0
1531211106463,1531211106459,3367157,0.02439900,0.08200000,0
1531211106486,1531211106483,3367158,0.02439900,0.08200000,0
1531211106491,1531211106486,3367159,0.02439900,0.08200000,0
1531211106524,1531211106520,3367160,0.02439900,0.08200000,0
1531211106535,1531211106530,3367161,0.02439900,0.08200000,0
1531211106572,1531211106567,3367162,0.02439900,0.08200000,0
1531211106574,1531211106571,3367163,0.02439900,0.08200000,0
1531211106603,1531211106600,3367164,0.02439900,0.24400000,0
1531211127776,1531211127772,3367165,0.02437400,0.24300000,0
1531211127996,1531211127992,3367166,0.02439900,0.24300000,0
1531211164871,1531211164867,3367167,0.02439800,0.90000000,0
1531211164871,1531211164867,3367168,0.02439900,0.18000000,0
1531211164900,1531211164900,3367169,0.02439900,0.08200000,0
1531211164930,1531211164925,3367170,0.02439900,0.08200000,0
1531211164939,1531211164933,3367171,0.02439900,0.08200000,0
1531211164965,1531211164961,3367172,0.02439900,0.08200000,0
1531211164983,1531211164978,3367173,0.02439900,0.08200000,0
1531211165014,1531211165008,3367174,0.02439900,0.08200000,0
1531211165044,1531211165039,3367175,0.02439900,0.08200000,0
1531211165046,1531211165041,3367176,0.02439900,0.08200000,0
1531211165081,1531211165075,3367177,0.02439900,0.24400000,0
1531211224158,1531211224155,3367178,0.02434300,0.11500000,1
1531211225208,1531211225205,3367179,0.02434300,0.78500000,1
1531211225208,1531211225205,3367180,0.02434200,0.29500000,1
1531211225937,1531211225933,3367181,0.02439800,0.43500000,0
1531211231017,1531211231012,3367182,0.02439700,0.20100000,0
1531211313542,1531211313536,3367183,0.02439600,0.97500000,0
1531211313885,1531211313881,3367184,0.02439600,0.08200000,0
1531211313897,1531211313894,3367185,0.02439600,0.08200000,0
1531211313919,1531211313916,3367186,0.02439600,0.08200000,0
1531211313937,1531211313932,3367187,0.02439600,0.08200000,0
1531211313968,1531211313963,3367188,0.02439600,0.06200000,0
1531211313968,1531211313963,3367189,0.02439700,0.02000000,0
1531211313980,1531211313975,3367190,0.02439700,0.10000000,0
1531211314878,1531211314872,3367191,0.02439700,0.08200000,0
1531211314904,1531211314901,3367192,0.02439700,0.04300000,0
1531211314904,1531211314901,3367193,0.02439900,0.03900000,0
1531211314927,1531211314923,3367194,0.02439900,0.08200000,0
1531211314939,1531211314935,3367195,0.02439900,0.14400000,0
1531211344677,1531211344673,3367196,0.02439800,0.79500000,0
1531211344707,1531211344704,3367197,0.02439800,0.08200000,0
1531211344725,1531211344722,3367198,0.02439800,0.02300000,0
1531211344725,1531211344722,3367199,0.02439900,0.05900000,0
1531211344750,1531211344746,3367200,0.02439900,0.08200000,0
1531211344775,1531211344772,3367201,0.02439900,0.08200000,0
1531211344787,1531211344781,3367202,0.02439900,0.08200000,0
1531211344816,1531211344812,3367203,0.02439900,0.08200000,0
1531211344837,1531211344833,3367204,0.02439900,0.08200000,0
1531211344858,1531211344854,3367205,0.02439900,0.08200000,0
1531211344874,1531211344870,3367206,0.02439900,0.13900000,0
1531211345487,1531211345483,3367207,0.02434400,0.10800000,1
1531211353843,1531211353840,3367208,0.02439800,0.00100000,0
1531211363798,1531211363793,3367209,0.02434400,0.01900000,1
1531211364947,1531211364943,3367210,0.02434400,0.01900000,1
1531211390798,1531211390792,3367211,0.02434400,0.02300000,1
1531211407297,1531211407293,3367212,0.02439800,0.38900000,0
1531211410044,1531211410039,3367213,0.02439800,0.08200000,0
1531211410066,1531211410060,3367214,0.02439800,0.08200000,0
1531211410090,1531211410084,3367215,0.02439800,0.16200000,0
1531211411040,1531211411036,3367216,0.02439800,0.08200000,0
1531211411066,1531211411061,3367217,0.02439800,0.08200000,0
1531211411095,1531211411090,3367218,0.02439800,0.08400000,0
1531211411095,1531211411090,3367219,0.02439900,0.07800000,0
1531211412052,1531211412047,3367220,0.02439900,0.08200000,0
1531211412061,1531211412056,3367221,0.02439900,0.08200000,0
1531211412096,1531211412092,3367222,0.02439900,0.08400000,0
1531211419317,1531211419312,3367223,0.02439800,0.90000000,0
1531211419555,1531211419551,3367224,0.02439900,0.08200000,0
1531211419568,1531211419563,3367225,0.02439900,0.08200000,0
1531211419586,1531211419582,3367226,0.02439900,0.08200000,0
1531211419605,1531211419601,3367227,0.02439900,0.08200000,0
1531211419623,1531211419619,3367228,0.02439900,0.08200000,0
1531211419653,1531211419648,3367229,0.02439900,0.08200000,0
1531211419668,1531211419664,3367230,0.02439900,0.08200000,0
1531211419685,1531211419681,3367231,0.02439900,0.08200000,0
1531211419710,1531211419706,3367232,0.02439900,0.24400000,0
1531211420982,1531211420977,3367233,0.02439800,0.90000000,0
1531211421548,1531211421545,3367234,0.02439900,0.08200000,0
1531211421577,1531211421573,3367235,0.02439900,0.08200000,0
1531211421588,1531211421584,3367236,0.02439900,0.08200000,0
1531211421600,1531211421596,3367237,0.02439900,0.08200000,0
1531211421638,1531211421634,3367238,0.02439900,0.08200000,0
1531211421642,1531211421639,3367239,0.02439900,0.08200000,0
1531211421664,1531211421661,3367240,0.02439900,0.08200000,0
1531211421711,1531211421706,3367241,0.02439900,0.08200000,0
1531211421722,1531211421719,3367242,0.02439900,0.24400000,0
1531211421945,1531211421941,3367243,0.02439900,18.99800000,0
1531211421945,1531211421941,3367244,0.02440000,0.73600000,0
1531211427209,1531211427205,3367245,0.02440000,20.49100000,0
1531211427563,1531211427557,3367246,0.02440000,0.00300000,0
1531211430175,1531211430170,3367247,0.02440000,18.40500000,0
1531211452544,1531211452540,3367248,0.02440000,0.00600000,0
1531211493733,1531211493729,3367249,0.02434900,0.77200000,1
1531211541717,1531211541712,3367250,0.02437700,2.00000000,1
1531211550110,1531211550107,3367251,0.02440000,0.92300000,0
1531211583974,1531211583970,3367252,0.02440000,0.00200000,0
1531211596218,1531211596213,3367253,0.02439900,1.00000000,0
1531211606599,1531211606594,3367254,0.02440000,0.00400000,0
1531211622093,1531211622089,3367255,0.02440000,1.23300000,0
1531211624821,1531211624816,3367256,0.02440000,0.00200000,0
1531211629206,1531211629202,3367257,0.02435000,0.26600000,0
1531211637938,1531211637933,3367258,0.02440000,0.07300000,0
1531211645621,1531211645617,3367259,0.02440000,0.00200000,0
1531211663912,1531211663907,3367260,0.02435000,0.26600000,1
1531211663912,1531211663907,3367261,0.02434900,0.49400000,1
1531211663912,1531211663907,3367262,0.02434500,0.23600000,1
1531211670921,1531211670918,3367263,0.02434400,0.90000000,1
1531211670921,1531211670918,3367264,0.02433900,3.94900000,1
1531211670921,1531211670918,3367265,0.02433800,1.34600000,1
1531211671587,1531211671582,3367266,0.02433800,0.69800000,1
1531211671587,1531211671582,3367267,0.02433700,0.30400000,1
1531211678063,1531211678057,3367268,0.02439900,0.30400000,0
1531211715268,1531211715264,3367269,0.02439900,2.04400000,0
1531211767551,1531211767547,3367270,0.02440000,17.28000000,0
1531211781189,1531211781184,3367271,0.02439900,0.76400000,0
1531211794485,1531211794481,3367272,0.02440000,4.27500000,0
1531211799864,1531211799861,3367273,0.02440000,0.00100000,0
1531211814290,1531211814284,3367274,0.02434000,0.23600000,1
1531211814585,1531211814580,3367275,0.02434000,0.15300000,0
1531211838059,1531211838054,3367276,0.02440000,0.00100000,0
1531211931054,1531211931049,3367277,0.02439900,5.00000000,0
1531212024468,1531212024467,3367278,0.02440000,2.44700000,0
1531212041083,1531212041078,3367279,0.02439900,1.00000000,0
1531212056655,1531212056650,3367280,0.02440000,3.91400000,0
1531212072332,1531212072328,3367281,0.02440000,0.13500000,0
1531212123924,1531212123918,3367282,0.02440000,1.00000000,0
1531212127698,1531212127694,3367283,0.02434400,0.00100000,1
1531212132476,1531212132471,3367284,0.02440000,0.14700000,0
1531212133203,1531212133199,3367285,0.02440000,0.41000000,0
1531212151236,1531212151232,3367286,0.02434600,0.02300000,1
1531212170870,1531212170867,3367287,0.02434600,1.09300000,1
1531212170870,1531212170867,3367288,0.02434400,0.05100000,1
1531212189093,1531212189088,3367289,0.02440000,0.15600000,0
1531212237470,1531212237469,3367290,0.02440000,0.01500000,0
1531212359222,1531212359216,3367291,0.02439900,2.72900000,0
1531212404703,1531212404698,3367292,0.02440000,0.90800000,0
1531212421249,1531212421245,3367293,0.02440000,0.51300000,0
1531212460809,1531212460804,3367294,0.02437500,0.10200000,1
1531212480193,1531212480189,3367295,0.02439900,0.10400000,0
1531212502237,1531212502231,3367296,0.02440000,0.15600000,0
1531212564069,1531212564064,3367297,0.02440000,0.41000000,0
1531212564157,1531212564153,3367298,0.02440000,0.41000000,0
1531212584190,1531212584186,3367299,0.02440000,2.02300000,0
1531212646201,1531212646197,3367300,0.02440000,3.91400000,0
1531212686941,1531212686938,3367301,0.02437000,0.01900000,1
1531212743746,1531212743742,3367302,0.02437000,0.00800000,1
1531212757831,1531212757827,3367303,0.02437000,0.00400000,1
1531212766636,1531212766632,3367304,0.02440000,1.93600000,0
1531212785326,1531212785322,3367305,0.02440000,1.35000000,0
1531212802290,1531212802285,3367306,0.02440000,0.16200000,0
1531212823192,1531212823188,3367307,0.02440000,0.00100000,0
1531212850320,1531212850316,3367308,0.02440000,0.09900000,0
1531212908687,1531212908681,3367309,0.02434600,0.87000000,1
1531212908687,1531212908681,3367310,0.02433800,0.13400000,1
1531212910163,1531212910159,3367311,0.02439900,0.13400000,0
1531212936590,1531212936584,3367312,0.02431300,0.08400000,1
1531212936615,1531212936610,3367313,0.02431300,0.08400000,1
1531212936620,1531212936617,3367314,0.02431300,0.08400000,1
1531212936630,1531212936625,3367315,0.02431300,0.01000000,1
1531212936630,1531212936625,3367316,0.02431200,0.07400000,1
1531212936644,1531212936642,3367317,0.02431200,0.08400000,1
1531212936664,1531212936660,3367318,0.02431200,0.08400000,1
1531212936682,1531212936677,3367319,0.02431200,0.08400000,1
1531212936704,1531212936699,3367320,0.02431200,0.08400000,1
1531212936722,1531212936716,3367321,0.02431200,0.22800000,1
1531212938277,1531212938273,3367322,0.02439900,0.26200000,0
1531212938562,1531212938558,3367323,0.02430500,0.00300000,1
1531212968281,1531212968276,3367324,0.02431800,0.28400000,1
1531212968317,1531212968312,3367325,0.02430500,1.13900000,0
1531212968326,1531212968321,3367326,0.02430500,1.56900000,0
1531212969237,1531212969231,3367327,0.02439900,0.28400000,0
1531212980380,1531212980375,3367328,0.02430700,0.01000000,1
1531213001359,1531213001354,3367329,0.02431200,0.15000000,1
1531213001758,1531213001753,3367330,0.02431300,0.12800000,1
1531213002250,1531213002245,3367331,0.02439900,0.15000000,0
1531213002400,1531213002395,3367332,0.02440000,0.04200000,0
1531213002402,1531213002398,3367333,0.02431300,0.02200000,1
1531213002402,1531213002398,3367334,0.02431200,0.08600000,1
1531213002841,1531213002837,3367335,0.02431200,0.09200000,1
1531213003257,1531213003252,3367336,0.02431200,0.07800000,1
1531213003689,1531213003685,3367337,0.02431300,0.06700000,1
1531213004135,1531213004129,3367338,0.02431300,0.05700000,1
1531213004203,1531213004199,3367339,0.02439800,0.79200000,0
1531213004400,1531213004397,3367340,0.02439900,0.08200000,0
1531213004433,1531213004428,3367341,0.02439900,0.08200000,0
1531213004444,1531213004440,3367342,0.02439900,0.08200000,0
1531213004485,1531213004481,3367343,0.02439900,0.08200000,0
1531213004497,1531213004489,3367344,0.02439900,0.01000000,0
1531213004497,1531213004489,3367345,0.02440000,0.07200000,0
1531213004516,1531213004511,3367346,0.02440000,0.08200000,0
1531213004530,1531213004524,3367347,0.02440000,0.13400000,0
1531213004578,1531213004574,3367348,0.02431300,0.04800000,1
1531213006202,1531213006199,3367349,0.02439900,0.49800000,0
1531213006411,1531213006406,3367350,0.02440000,0.08200000,0
1531213006425,1531213006420,3367351,0.02440000,0.08200000,0
1531213006444,1531213006437,3367352,0.02440000,0.08200000,0
1531213006475,1531213006469,3367353,0.02440000,0.08200000,0
1531213006497,1531213006493,3367354,0.02440000,0.12200000,0
1531213008143,1531213008141,3367355,0.02439900,0.75000000,0
1531213008418,1531213008413,3367356,0.02440000,0.08200000,0
1531213008430,1531213008425,3367357,0.02440000,0.08200000,0
1531213008455,1531213008451,3367358,0.02440000,0.08200000,0
1531213008472,1531213008466,3367359,0.02440000,0.08200000,0
1531213008507,1531213008501,3367360,0.02440000,0.08200000,0
1531213008523,1531213008517,3367361,0.02440000,0.08200000,0
1531213008539,1531213008534,3367362,0.02440000,0.08200000,0
1531213008559,1531213008555,3367363,0.02440000,0.08200000,0
1531213008588,1531213008583,3367364,0.02440000,0.09400000,0
1531213010551,1531213010547,3367365,0.02439900,0.90000000,0
1531213011407,1531213011401,3367366,0.02440000,0.08200000,0
1531213011425,1531213011421,3367367,0.02439900,0.07800000,0
1531213011425,1531213011421,3367368,0.02440000,0.00400000,0
1531213011449,1531213011445,3367369,0.02440000,0.08200000,0
1531213011477,1531213011471,3367370,0.02440000,0.08200000,0
1531213011497,1531213011492,3367371,0.02440000,0.08200000,0
1531213011509,1531213011504,3367372,0.02440000,0.08200000,0
1531213011545,1531213011540,3367373,0.02440000,0.08200000,0
1531213011556,1531213011552,3367374,0.02440000,0.08200000,0
1531213011590,1531213011586,3367375,0.02440000,0.24400000,0
1531213013185,1531213013181,3367376,0.02439900,0.90000000,0
1531213014433,1531213014427,3367377,0.02440000,0.08200000,0
1531213014440,1531213014437,3367378,0.02440000,0.08200000,0
1531213014469,1531213014465,3367379,0.02440000,0.08200000,0
1531213014501,1531213014496,3367380,0.02440000,0.08200000,0
1531213014526,1531213014522,3367381,0.02440000,0.08200000,0
1531213014537,1531213014533,3367382,0.02440000,0.08200000,0
1531213014556,1531213014554,3367383,0.02440000,0.08200000,0
1531213014581,1531213014577,3367384,0.02440000,0.08200000,0
1531213014609,1531213014605,3367385,0.02440000,0.24400000,0
1531213203194,1531213203189,3367386,0.02439600,0.15000000,0
1531213203385,1531213203381,3367387,0.02439700,0.15000000,0
1531213204382,1531213204379,3367388,0.02439700,0.15000000,0
1531213205375,1531213205369,3367389,0.02439700,0.15000000,0
1531213206379,1531213206375,3367390,0.02439700,0.15000000,0
1531213207389,1531213207385,3367391,0.02439700,0.15000000,0
1531213208223,1531213208218,3367392,0.02439700,0.24600000,0
1531213208381,1531213208377,3367393,0.02439800,0.15000000,0
1531213211140,1531213211136,3367394,0.02434100,0.00400000,1
1531213326432,1531213326427,3367395,0.02434100,0.30400000,1
1531213460364,1531213460360,3367396,0.02439700,1.20800000,0
1531213460364,1531213460360,3367397,0.02439800,0.09600000,0
1531213460364,1531213460360,3367398,0.02440000,2.77700000,0
1531213460405,1531213460399,3367399,0.02440000,0.08200000,0
1531213460428,1531213460422,3367400,0.02440000,0.08200000,0
1531213460457,1531213460452,3367401,0.02440000,0.08200000,0
1531213460496,1531213460493,3367402,0.02440000,0.08200000,0
1531213460519,1531213460514,3367403,0.02440000,0.08200000,0
1531213460550,1531213460545,3367404,0.02440000,0.08200000,0
1531213460559,1531213460555,3367405,0.02440000,0.08200000,0
1531213460574,1531213460570,3367406,0.02440000,0.24400000,0
1531213461453,1531213461449,3367407,0.02440000,0.08200000,0
1531213577885,1531213577880,3367408,0.02434200,0.90000000,1
1531213578202,1531213578197,3367409,0.02434100,0.39700000,1
1531213663436,1531213663430,3367410,0.02433800,0.00400000,1
1531213841991,1531213841987,3367411,0.02433800,0.02600000,1
1531213953156,1531213953152,3367412,0.02433900,0.02300000,1
1531213984560,1531213984557,3367413,0.02434100,0.01000000,1
1531214034021,1531214034016,3367414,0.02439400,0.05200000,1
1531214036677,1531214036673,3367415,0.02435200,0.00900000,1
1531214091680,1531214091676,3367416,0.02435200,0.02300000,1
1531214108403,1531214108399,3367417,0.02435200,2.91000000,1
1531214109027,1531214109024,3367418,0.02433700,0.24600000,1
1531214109128,1531214109124,3367419,0.02435200,0.22300000,0
1531214110222,1531214110217,3367420,0.02435200,0.05000000,0
1531214111214,1531214111209,3367421,0.02435200,0.10000000,0
1531214111219,1531214111213,3367422,0.02435200,6.67500000,0
1531214112428,1531214112424,3367423,0.02435200,0.12300000,0
1531214112755,1531214112750,3367424,0.02435200,12.61700000,0
1531214118109,1531214118106,3367425,0.02435200,0.01000000,1
1531214136317,1531214136312,3367426,0.02435200,0.00600000,1
1531214182528,1531214182524,3367427,0.02435200,0.33000000,1
1531214186233,1531214186227,3367428,0.02435200,0.61200000,1
1531214186240,1531214186236,3367429,0.02435200,0.05200000,1
1531214187787,1531214187782,3367430,0.02435200,0.47300000,0
1531214204060,1531214204056,3367431,0.02439400,0.90000000,0
1531214204060,1531214204056,3367432,0.02439500,0.24600000,0
1531214204060,1531214204056,3367433,0.02439900,0.08400000,0
1531214204099,1531214204094,3367434,0.02439800,1.05000000,0
1531214204099,1531214204094,3367435,0.02439900,0.18000000,0
1531214205087,1531214205081,3367436,0.02439900,0.08200000,0
1531214205109,1531214205104,3367437,0.02439900,0.08200000,0
1531214205128,1531214205123,3367438,0.02439900,0.05900000,0
1531214205128,1531214205123,3367439,0.02440000,0.02300000,0
1531214205149,1531214205144,3367440,0.02440000,0.08200000,0
1531214205180,1531214205175,3367441,0.02440000,0.08200000,0
1531214205202,1531214205197,3367442,0.02440000,0.08200000,0
1531214205217,1531214205213,3367443,0.02440000,0.08200000,0
1531214205229,1531214205225,3367444,0.02440000,0.08200000,0
1531214205268,1531214205263,3367445,0.02440000,0.39400000,0
1531214206104,1531214206100,3367446,0.02439900,0.94200000,0
1531214206104,1531214206100,3367447,0.02440000,3.79900000,0
1531214227832,1531214227828,3367448,0.02439800,0.09000000,0
1531214230588,1531214230584,3367449,0.02435200,0.07100000,1
1531214246243,1531214246237,3367450,0.02438200,0.05000000,0
1531214249122,1531214249119,3367451,0.02438200,0.05000000,0
1531214263960,1531214263957,3367452,0.02438200,0.29700000,0
1531214309157,1531214309153,3367453,0.02439800,0.05000000,0
1531214310196,1531214310193,3367454,0.02439800,0.05000000,0
1531214311257,1531214311253,3367455,0.02439800,0.05000000,0
1531214312186,1531214312181,3367456,0.02439800,0.05000000,0
1531214313183,1531214313179,3367457,0.02439800,0.05000000,0
1531214314194,1531214314190,3367458,0.02439800,0.05000000,0
1531214315187,1531214315182,3367459,0.02439800,0.05000000,0
1531214316194,1531214316191,3367460,0.02439800,0.05000000,0
1531214317188,1531214317184,3367461,0.02439800,0.05000000,0
1531214318195,1531214318192,3367462,0.02438200,0.05000000,0
1531214318389,1531214318384,3367463,0.02438200,0.64000000,0
1531214335505,1531214335501,3367464,0.02438200,0.39000000,0
1531214352921,1531214352916,3367465,0.02439800,0.30000000,0
1531214352921,1531214352916,3367466,0.02439900,1.02700000,0
1531214352975,1531214352970,3367467,0.02440000,0.08200000,0
1531214352979,1531214352977,3367468,0.02440000,0.08200000,0
1531214353006,1531214353001,3367469,0.02440000,0.08200000,0
1531214353036,1531214353031,3367470,0.02440000,0.08200000,0
1531214353056,1531214353052,3367471,0.02440000,0.12200000,0
1531214443553,1531214443548,3367472,0.02439900,0.90000000,0
1531214443553,1531214443548,3367473,0.02440000,12.00000000,0
1531214444279,1531214444276,3367474,0.02440000,0.90000000,0
1531214444470,1531214444467,3367475,0.02440000,0.08200000,0
1531214444509,1531214444506,3367476,0.02440000,0.08200000,0
1531214444521,1531214444518,3367477,0.02440000,0.08200000,0
1531214444539,1531214444534,3367478,0.02440000,0.08200000,0
1531214444562,1531214444559,3367479,0.02440000,0.08200000,0
1531214444575,1531214444572,3367480,0.02440000,0.08200000,0
1531214444602,1531214444598,3367481,0.02440000,0.08200000,0
1531214444617,1531214444613,3367482,0.02440000,0.08200000,0
1531214444639,1531214444636,3367483,0.02440000,0.24400000,0
1531214450551,1531214450547,3367484,0.02439900,0.84900000,0
1531214450762,1531214450755,3367485,0.02439900,0.05100000,0
1531214450762,1531214450755,3367486,0.02440000,0.03100000,0
1531214450765,1531214450761,3367487,0.02440000,0.08200000,0
1531214450794,1531214450791,3367488,0.02440000,0.08200000,0
1531214450824,1531214450819,3367489,0.02440000,0.08200000,0
1531214450837,1531214450833,3367490,0.02440000,0.08200000,0
1531214450850,1531214450846,3367491,0.02440000,0.08200000,0
1531214450889,1531214450884,3367492,0.02440000,0.08200000,0
1531214450898,1531214450895,3367493,0.02440000,0.08200000,0
1531214450929,1531214450926,3367494,0.02440000,0.19300000,0
1531214451756,1531214451750,3367495,0.02440000,0.05100000,0
1531214456654,1531214456649,3367496,0.02439900,0.75000000,0
1531214456654,1531214456649,3367497,0.02440000,1.06300000,0
1531214456654,1531214456649,3367498,0.02440200,0.33600000,0
1531214456890,1531214456886,3367499,0.02441700,0.08200000,0
1531214456921,1531214456916,3367500,0.02441700,0.08200000,0
1531214456930,1531214456926,3367501,0.02441700,0.08200000,0
1531214456952,1531214456948,3367502,0.02441700,0.08100000,0
1531214456952,1531214456948,3367503,0.02442400,0.00100000,0
1531214456974,1531214456970,3367504,0.02442400,0.08100000,0
1531214456974,1531214456970,3367505,0.02442500,0.00100000,0
1531214457009,1531214457006,3367506,0.02442500,0.08200000,0
1531214457018,1531214457015,3367507,0.02442500,0.08200000,0
1531214457034,1531214457030,3367508,0.02442500,0.08200000,0
1531214457073,1531214457069,3367509,0.02442500,0.07800000,0
1531214457073,1531214457069,3367510,0.02446100,0.01600000,0
1531214462528,1531214462524,3367511,0.02446100,0.08100000,0
1531214462822,1531214462818,3367512,0.02440300,0.01500000,1
1531214463245,1531214463241,3367513,0.02440300,0.02400000,1
1531214463681,1531214463677,3367514,0.02440300,0.08000000,1
1531214464150,1531214464146,3367515,0.02440300,0.01400000,1
1531214464722,1531214464718,3367516,0.02440300,0.00900000,1
1531214465318,1531214465313,3367517,0.02440300,0.00800000,1
1531214465318,1531214465313,3367518,0.02439900,0.02700000,1
1531214465792,1531214465787,3367519,0.02439900,0.02700000,1
1531214466428,1531214466424,3367520,0.02439900,0.01700000,1
1531214467074,1531214467072,3367521,0.02439900,0.02300000,1
1531214467526,1531214467522,3367522,0.02439900,0.01900000,1
1531214468012,1531214468007,3367523,0.02439900,0.06800000,1
1531214468475,1531214468472,3367524,0.02439900,0.02500000,1
1531214468860,1531214468856,3367525,0.02439900,0.01700000,1
1531214469348,1531214469345,3367526,0.02439900,0.01000000,1
1531214469778,1531214469773,3367527,0.02439900,0.02300000,1
1531214469841,1531214469836,3367528,0.02446700,1.74000000,0
1531214469841,1531214469836,3367529,0.02447000,1.15600000,0
1531214470366,1531214470363,3367530,0.02439900,0.03100000,1
1531214470777,1531214470772,3367531,0.02439900,0.01900000,1
1531214476359,1531214476355,3367532,0.02447000,3.13600000,0
1531214489661,1531214489657,3367533,0.02447500,0.79400000,0
1531214494146,1531214494143,3367534,0.02440500,0.02300000,1
1531214501851,1531214501847,3367535,0.02440600,0.00400000,1
1531214516850,1531214516846,3367536,0.02448300,0.16200000,0
1531214552120,1531214552116,3367537,0.02442100,0.85800000,1
1531214552120,1531214552116,3367538,0.02442000,0.29900000,1
1531214554051,1531214554048,3367539,0.02442000,0.51100000,1
1531214566393,1531214566388,3367540,0.02441100,0.15000000,1
1531214571039,1531214571035,3367541,0.02441300,0.43800000,1
1531214572037,1531214572032,3367542,0.02441400,0.12000000,1
1531214604189,1531214604183,3367543,0.02447300,0.09700000,0
1531214646767,1531214646762,3367544,0.02447300,0.08100000,0
1531214707184,1531214707180,3367545,0.02442300,0.40500000,1
1531214707184,1531214707180,3367546,0.02441900,0.82700000,1
1531214707192,1531214707188,3367547,0.02441900,1.22900000,1
1531214709041,1531214709036,3367548,0.02441900,11.05400000,1
1531214751979,1531214751975,3367549,0.02445400,0.01100000,0
1531214787544,1531214787541,3367550,0.02445200,0.02400000,0
1531214835065,1531214835060,3367551,0.02439900,0.06700000,1
1531214852248,1531214852244,3367552,0.02439900,0.11000000,1
1531214887319,1531214887313,3367553,0.02444600,1.31600000,0
1531214887319,1531214887313,3367554,0.02445900,0.97800000,0
1531214887319,1531214887313,3367555,0.02447800,1.23700000,0
1531214994998,1531214994994,3367556,0.02442000,0.00500000,1
1531215034884,1531215034880,3367557,0.02442000,0.02000000,1
1531215098480,1531215098476,3367558,0.02442800,0.00800000,1
1531215138232,1531215138229,3367559,0.02443000,0.00700000,1
1531215185676,1531215185671,3367560,0.02443200,0.00700000,1
1531215221481,1531215221477,3367561,0.02443200,0.00500000,1
1531215254084,1531215254080,3367562,0.02443200,0.01900000,1
1531215303748,1531215303740,3367563,0.02444000,0.30400000,1
1531215315263,1531215315260,3367564,0.02447300,0.04400000,0
1531215353666,1531215353662,3367565,0.02444000,1.26200000,1
1531215383067,1531215383063,3367566,0.02444000,0.01200000,1
1531215395302,1531215395296,3367567,0.02447300,0.17700000,0
1531215395302,1531215395296,3367568,0.02447400,0.44800000,0
1531215438997,1531215438992,3367569,0.02444000,0.00400000,1
1531215503437,1531215503432,3367570,0.02444000,2.41800000,1
1531215503437,1531215503432,3367571,0.02443100,10.46000000,1
1531215503437,1531215503432,3367572,0.02442500,1.24000000,1
1531215503437,1531215503432,3367573,0.02442300,1.74000000,1
1531215503437,1531215503432,3367574,0.02441200,0.91700000,1
1531215503437,1531215503432,3367575,0.02439900,0.26700000,1
1531215503437,1531215503432,3367576,0.02437100,0.32700000,1
1531215503437,1531215503432,3367577,0.02435300,2.01400000,1
1531215503437,1531215503432,3367578,0.02435200,0.40200000,1
1531215503437,1531215503432,3367579,0.02434200,5.34000000,1
1531215506116,1531215506111,3367580,0.02442300,2.47000000,1
1531215508112,1531215508108,3367581,0.02442200,1.74000000,1
1531215511899,1531215511895,3367582,0.02435400,0.00700000,1
1531215525518,1531215525513,3367583,0.02447100,0.04600000,0
1531215526504,1531215526499,3367584,0.02447100,0.04200000,0
1531215527500,1531215527497,3367585,0.02447100,0.04200000,0
1531215528502,1531215528498,3367586,0.02447100,0.04200000,0
1531215529023,1531215529019,3367587,0.02447100,0.04600000,0
1531215529515,1531215529511,3367588,0.02447000,0.08500000,0
1531215571409,1531215571403,3367589,0.02446700,0.40800000,0
1531215573988,1531215573983,3367590,0.02446700,0.28800000,0
1531215574100,1531215574094,3367591,0.02446700,0.13600000,0
1531215574100,1531215574094,3367592,0.02446800,2.01400000,0
1531215574100,1531215574094,3367593,0.02447400,0.76700000,0
1531215574100,1531215574094,3367594,0.02448400,0.59000000,0
1531215578546,1531215578542,3367595,0.02435300,0.09700000,1
1531215578546,1531215578542,3367596,0.02435100,0.90000000,1
1531215578546,1531215578542,3367597,0.02435000,1.64300000,1
1531215578690,1531215578685,3367598,0.02434600,0.49500000,0
1531215578719,1531215578714,3367599,0.02434600,0.99500000,0
1531215578724,1531215578718,3367600,0.02434600,0.50900000,0
1531215578731,1531215578726,3367601,0.02434600,1.23200000,0
1531215578744,1531215578741,3367602,0.02434600,3.69700000,0
1531215578838,1531215578833,3367603,0.02434600,1.00600000,0
1531215578846,1531215578842,3367604,0.02434600,1.63400000,0
1531215578853,1531215578849,3367605,0.02434500,0.90000000,1
1531215579186,1531215579181,3367606,0.02434600,0.11200000,0
1531215579270,1531215579266,3367607,0.02448400,0.11200000,0
1531215579422,1531215579416,3367608,0.02448300,0.90000000,1
1531215585981,1531215585976,3367609,0.02446300,0.75000000,0
1531215585981,1531215585976,3367610,0.02446400,0.06700000,0
1531215586848,1531215586844,3367611,0.02446400,0.08200000,0
1531215586870,1531215586867,3367612,0.02446400,0.08200000,0
1531215586903,1531215586898,3367613,0.02446400,0.08200000,0
1531215586912,1531215586908,3367614,0.02446400,0.08200000,0
1531215586938,1531215586935,3367615,0.02446400,0.08200000,0
1531215586958,1531215586955,3367616,0.02446400,0.08200000,0
1531215586994,1531215586990,3367617,0.02446400,0.08200000,0
1531215587001,1531215586997,3367618,0.02446400,0.08200000,0
1531215587033,1531215587028,3367619,0.02446400,0.09400000,0
1531215589730,1531215589725,3367620,0.02446300,0.72500000,0
1531215589858,1531215589853,3367621,0.02446300,0.08200000,0
1531215589873,1531215589870,3367622,0.02446300,0.08200000,0
1531215589897,1531215589894,3367623,0.02446300,0.01100000,0
1531215589897,1531215589894,3367624,0.02446400,0.07100000,0
1531215589920,1531215589915,3367625,0.02446400,0.08200000,0
1531215589935,1531215589932,3367626,0.02446400,0.08200000,0
1531215589956,1531215589952,3367627,0.02446400,0.08200000,0
1531215589976,1531215589973,3367628,0.02446400,0.08200000,0
1531215590012,1531215590008,3367629,0.02446400,0.15100000,0
1531215590871,1531215590868,3367630,0.02446400,0.09300000,0
1531215591553,1531215591547,3367631,0.02446400,0.28000000,0
1531215591553,1531215591547,3367632,0.02448300,0.09600000,0
1531215591553,1531215591547,3367633,0.02448400,0.09400000,0
1531215591553,1531215591547,3367634,0.02448500,0.56000000,0
1531215591553,1531215591547,3367635,0.02449200,0.42800000,0
1531215591873,1531215591868,3367636,0.02449200,0.08200000,0
1531215592782,1531215592779,3367637,0.02440000,0.90000000,0
1531215592845,1531215592841,3367638,0.02440000,0.90200000,0
1531215593193,1531215593189,3367639,0.02440000,0.40900000,0
1531215593378,1531215593375,3367640,0.02440000,0.61800000,0
1531215593390,1531215593387,3367641,0.02440000,1.51200000,0
1531215593475,1531215593471,3367642,0.02440000,1.35900000,0
1531215606574,1531215606571,3367643,0.02449200,0.81700000,0
1531215606873,1531215606870,3367644,0.02449200,0.08200000,0
1531215606881,1531215606878,3367645,0.02449200,0.00100000,0
1531215606881,1531215606878,3367646,0.02449300,0.08100000,0
1531215606916,1531215606911,3367647,0.02449300,0.08200000,0
1531215606924,1531215606920,3367648,0.02449300,0.08200000,0
1531215606959,1531215606954,3367649,0.02449300,0.08100000,0
1531215606959,1531215606954,3367650,0.02449400,0.00100000,0
1531215606968,1531215606965,3367651,0.02449400,0.08200000,0
1531215607004,1531215607001,3367652,0.02449400,0.08200000,0
1531215607013,1531215607010,3367653,0.02449400,0.08200000,0
1531215607044,1531215607039,3367654,0.02449400,0.00800000,0
1531215607044,1531215607039,3367655,0.02450000,0.04300000,0
1531215607044,1531215607039,3367656,0.02450400,0.11000000,0
1531215607865,1531215607861,3367657,0.02450400,0.01200000,0
1531215607865,1531215607861,3367658,0.02450700,0.07100000,0
1531215615176,1531215615171,3367659,0.02451700,0.27000000,0
1531215615176,1531215615171,3367660,0.02451800,0.54200000,0
1531215621244,1531215621241,3367661,0.02451700,0.15000000,0
1531215621873,1531215621869,3367662,0.02451800,0.15000000,0
1531215622112,1531215622109,3367663,0.02451700,0.92000000,1
1531215626492,1531215626489,3367664,0.02445400,2.98000000,1
1531215626492,1531215626489,3367665,0.02441500,22.14600000,1
1531215631126,1531215631122,3367666,0.02450000,0.30000000,1
1531215635928,1531215635925,3367667,0.02442300,0.00900000,1
1531215679708,1531215679704,3367668,0.02449900,0.36800000,0
1531215680213,1531215680210,3367669,0.02449900,0.08200000,0
1531215680222,1531215680217,3367670,0.02449900,0.08200000,0
1531215680245,1531215680242,3367671,0.02449900,0.08200000,0
1531215680266,1531215680262,3367672,0.02449900,0.11300000,0
1531215681198,1531215681194,3367673,0.02449900,0.08200000,0
1531215681236,1531215681232,3367674,0.02449900,0.08200000,0
1531215681239,1531215681236,3367675,0.02449900,0.01800000,0
1531215681239,1531215681236,3367676,0.02450000,0.06400000,0
1531215681286,1531215681281,3367677,0.02450000,0.11300000,0
1531215682199,1531215682195,3367678,0.02450000,0.08200000,0
1531215682231,1531215682226,3367679,0.02450000,0.10000000,0
1531215691157,1531215691153,3367680,0.02449900,0.70000000,0
1531215692453,1531215692448,3367681,0.02449900,0.08200000,0
1531215692475,1531215692472,3367682,0.02449900,0.08200000,0
1531215692494,1531215692490,3367683,0.02449900,0.03600000,0
1531215692494,1531215692490,3367684,0.02450000,0.04600000,0
1531215692511,1531215692507,3367685,0.02450000,0.08200000,0
1531215692527,1531215692524,3367686,0.02450000,0.08200000,0
1531215692553,1531215692548,3367687,0.02450000,0.08200000,0
1531215692575,1531215692572,3367688,0.02450000,0.08200000,0
1531215692605,1531215692601,3367689,0.02450000,0.12600000,0
1531215693445,1531215693441,3367690,0.02450000,0.08200000,0
1531215693479,1531215693475,3367691,0.02450000,0.11800000,0
1531215700182,1531215700177,3367692,0.02443900,0.00800000,1
1531215700292,1531215700287,3367693,0.02449900,0.90000000,0
1531215700482,1531215700478,3367694,0.02450000,0.08200000,0
1531215700504,1531215700499,3367695,0.02450000,0.08200000,0
1531215700526,1531215700522,3367696,0.02450000,0.08200000,0
1531215700535,1531215700531,3367697,0.02450000,0.08200000,0
1531215700559,1531215700556,3367698,0.02450000,0.08200000,0
1531215700577,1531215700572,3367699,0.02450000,0.08200000,0
1531215700599,1531215700595,3367700,0.02450000,0.08200000,0
1531215700628,1531215700623,3367701,0.02450000,0.08200000,0
1531215700646,1531215700642,3367702,0.02450000,0.23600000,0
1531215709140,1531215709136,3367703,0.02450000,1.10000000,0
1531215718140,1531215718136,3367704,0.02450300,1.20000000,0
1531215728029,1531215728024,3367705,0.02450700,0.21100000,0
1531215728029,1531215728024,3367706,0.02451700,0.38900000,0
1531215737183,1531215737179,3367707,0.02450600,1.20000000,0
1531215800501,1531215800498,3367708,0.02451800,0.07300000,0
1531215800501,1531215800498,3367709,0.02452000,0.02400000,0
1531215800605,1531215800601,3367710,0.02452000,0.08100000,0
1531215801135,1531215801111,3367711,0.02452000,0.02600000,0
1531215801135,1531215801111,3367712,0.02452500,0.05500000,0
1531215801363,1531215801360,3367713,0.02452500,0.02300000,0
1531215808858,1531215808853,3367714,0.02452500,0.24700000,0
1531215808917,1531215808913,3367715,0.02452500,0.74900000,1
1531215809225,1531215809221,3367716,0.02452500,0.28700000,1
1531215824431,1531215824427,3367717,0.02453300,0.04100000,0
1531215824431,1531215824427,3367718,0.02453400,0.04000000,0
1531215824996,1531215824992,3367719,0.02453300,0.03900000,0
1531215832778,1531215832773,3367720,0.02453300,0.00200000,0
1531215845984,1531215845979,3367721,0.02446100,0.80000000,0
1531215853988,1531215853983,3367722,0.02446500,0.00100000,1
1531215855777,1531215855774,3367723,0.02446300,0.00100000,1
1531215867338,1531215867335,3367724,0.02453400,0.00800000,0
1531215867338,1531215867335,3367725,0.02455000,0.07300000,0
1531215867434,1531215867430,3367726,0.02455000,0.02900000,0
1531215867434,1531215867430,3367727,0.02455300,0.05200000,0
1531215870015,1531215870011,3367728,0.02455300,0.07100000,0
1531215870015,1531215870011,3367729,0.02455500,0.01000000,0
1531215889096,1531215889092,3367730,0.02455300,0.04500000,0
1531215889096,1531215889092,3367731,0.02455500,0.03600000,0
1531215897881,1531215897877,3367732,0.02455400,0.08100000,0
1531215897947,1531215897944,3367733,0.02455400,0.08100000,0
1531215902361,1531215902357,3367734,0.02455400,0.08100000,0
1531215908177,1531215908173,3367735,0.02455400,0.08100000,0
1531215908253,1531215908249,3367736,0.02455400,0.08100000,0
1531215917912,1531215917907,3367737,0.02448400,0.99000000,1
1531215917912,1531215917907,3367738,0.02448300,0.79100000,1
1531215917912,1531215917907,3367739,0.02447700,0.37200000,1
1531215917912,1531215917907,3367740,0.02447300,0.91900000,1
1531215926175,1531215926170,3367741,0.02448900,0.02300000,1
1531215938539,1531215938536,3367742,0.02455300,0.05600000,0
1531215949283,1531215949278,3367743,0.02448900,0.37200000,1
1531215949283,1531215949278,3367744,0.02448000,1.78300000,1
1531215949283,1531215949278,3367745,0.02447900,1.24000000,1
1531215949283,1531215949278,3367746,0.02447300,1.08900000,1
1531215949283,1531215949278,3367747,0.02445000,0.13500000,1
1531215971970,1531215971942,3367748,0.02453800,0.90000000,0
1531215980794,1531215980790,3367749,0.02453800,0.03400000,0
1531215980914,1531215980909,3367750,0.02453900,0.01700000,0
1531215980941,1531215980937,3367751,0.02453900,0.60000000,0
1531215989038,1531215989034,3367752,0.02453900,0.60000000,0
1531215990053,1531215990048,3367753,0.02453900,0.01700000,0
1531215990098,1531215990094,3367754,0.02453900,0.06700000,0
1531215995492,1531215995487,3367755,0.02455400,0.02000000,0
1531216004216,1531216004211,3367756,0.02448500,0.48400000,1
1531216006105,1531216006102,3367757,0.02448500,0.28700000,1
1531216006206,1531216006201,3367758,0.02448500,0.34300000,1
1531216008837,1531216008833,3367759,0.02455400,0.02500000,0
1531216008837,1531216008833,3367760,0.02455500,0.57500000,0
1531216017847,1531216017843,3367761,0.02455500,0.15900000,0
1531216017847,1531216017843,3367762,0.02456300,0.14400000,0
1531216017878,1531216017875,3367763,0.02456800,0.06600000,1
1531216017958,1531216017954,3367764,0.02456800,0.23100000,1
1531216017977,1531216017973,3367765,0.02445000,0.19100000,1
1531216017977,1531216017973,3367766,0.02441200,0.04000000,1
1531216022344,1531216022340,3367767,0.02445500,0.00200000,1
1531216034059,1531216034055,3367768,0.02454700,0.06500000,0
1531216034059,1531216034055,3367769,0.02454800,0.23100000,0
1531216034099,1531216034095,3367770,0.02456000,0.30400000,1
1531216034388,1531216034383,3367771,0.02445800,0.30600000,1
1531216073303,1531216073299,3367772,0.02457400,0.03600000,0
1531216085566,1531216085561,3367773,0.02448100,0.06100000,1
1531216132680,1531216132676,3367774,0.02457000,0.02800000,0
1531216157686,1531216157682,3367775,0.02450100,0.03300000,1
1531216161641,1531216161638,3367776,0.02450300,0.27200000,1
1531216193989,1531216193985,3367777,0.02456900,0.08000000,0
1531216199731,1531216199726,3367778,0.02456900,0.25000000,0
1531216229105,1531216229101,3367779,0.02450900,0.50300000,1
1531216243006,1531216243001,3367780,0.02450900,0.34100000,1
1531216251716,1531216251712,3367781,0.02451000,1.16500000,1
1531216302492,1531216302488,3367782,0.02451100,0.58000000,1
1531216305167,1531216305162,3367783,0.02450900,0.57000000,1
1531216305167,1531216305162,3367784,0.02450800,1.86800000,1
1531216356098,1531216356094,3367785,0.02446900,0.03200000,1
1531216357824,1531216357820,3367786,0.02446600,0.03200000,1
1531216421409,1531216421405,3367787,0.02447500,0.00400000,1
1531216423362,1531216423358,3367788,0.02446600,0.00400000,1
1531216471684,1531216471679,3367789,0.02455200,0.07800000,0
1531216490832,1531216490828,3367790,0.02455200,0.16300000,0
1531216490832,1531216490828,3367791,0.02456000,0.24400000,0
1531216493236,1531216493233,3367792,0.02447100,0.00600000,1
1531216548679,1531216548676,3367793,0.02447100,0.54800000,1
1531216560519,1531216560516,3367794,0.02447100,0.47900000,1
1531216580302,1531216580297,3367795,0.02454800,0.40700000,0
1531216582874,1531216582871,3367796,0.02447100,0.00100000,1
1531216594758,1531216594753,3367797,0.02454500,0.60000000,0
1531216615583,1531216615578,3367798,0.02454800,0.60000000,0
1531216629140,1531216629136,3367799,0.02454800,0.13400000,1
1531216659130,1531216659125,3367800,0.02447100,0.00500000,1
1531216676040,1531216676036,3367801,0.02448600,0.06100000,0
1531216676127,1531216676124,3367802,0.02448600,0.06100000,0
1531216680242,1531216680238,3367803,0.02448600,0.08300000,0
1531216681219,1531216681215,3367804,0.02449900,0.51700000,1
1531216691034,1531216691029,3367805,0.02454400,0.60000000,0
1531216721784,1531216721780,3367806,0.02454200,0.30000000,0
1531216721784,1531216721780,3367807,0.02454300,1.22200000,0
1531216722309,1531216722306,3367808,0.02454300,0.54600000,1
1531216722664,1531216722659,3367809,0.02454400,0.08200000,0
1531216722687,1531216722682,3367810,0.02454400,0.08200000,0
1531216722708,1531216722702,3367811,0.02454400,0.13600000,0
1531216727836,1531216727832,3367812,0.02447100,0.00200000,1
1531216730535,1531216730531,3367813,0.02453900,0.90200000,0
1531216730535,1531216730531,3367814,0.02454000,0.40000000,0
1531216730692,1531216730687,3367815,0.02454600,0.08200000,0
1531216730692,1531216730687,3367816,0.02454600,0.08200000,0
1531216730737,1531216730732,3367817,0.02454600,0.08200000,0
1531216730737,1531216730732,3367818,0.02454600,0.08200000,0
1531216730763,1531216730757,3367819,0.02454600,0.08200000,0
1531216730778,1531216730774,3367820,0.02454600,0.08200000,0
1531216730801,1531216730796,3367821,0.02454600,0.04200000,0
1531216730801,1531216730796,3367822,0.02454700,0.04000000,0
1531216730815,1531216730810,3367823,0.02454700,0.08200000,0
1531216730856,1531216730851,3367824,0.02454700,0.24400000,0
1531216731367,1531216731362,3367825,0.02454000,0.76600000,1
1531216739446,1531216739443,3367826,0.02454600,0.90000000,0
1531216739446,1531216739443,3367827,0.02454700,1.16800000,0
1531216739691,1531216739688,3367828,0.02454700,0.07200000,0
1531216739691,1531216739688,3367829,0.02456300,0.01000000,0
1531216739711,1531216739707,3367830,0.02456300,0.08200000,0
1531216739722,1531216739718,3367831,0.02456300,0.08200000,0
1531216739744,1531216739740,3367832,0.02456300,0.01700000,0
1531216739744,1531216739740,3367833,0.02457000,0.06500000,0
1531216739776,1531216739772,3367834,0.02457000,0.08200000,0
1531216739787,1531216739783,3367835,0.02457000,0.08200000,0
1531216739820,1531216739815,3367836,0.02457000,0.08200000,0
1531216739829,1531216739825,3367837,0.02457000,0.08200000,0
1531216739861,1531216739857,3367838,0.02457000,0.24400000,0
1531216751337,1531216751333,3367839,0.02454800,0.60000000,0
1531216754491,1531216754488,3367840,0.02449300,0.01500000,1
1531216760337,1531216760334,3367841,0.02454800,0.40000000,0
1531216760702,1531216760698,3367842,0.02456100,0.19800000,1
1531216762726,1531216762722,3367843,0.02456100,0.00200000,1
1531216783113,1531216783110,3367844,0.02456900,0.00600000,0
1531216783629,1531216783626,3367845,0.02456900,0.04100000,0
1531216783879,1531216783875,3367846,0.02456900,0.74700000,0
1531216784636,1531216784631,3367847,0.02456900,0.08200000,0
1531216784651,1531216784646,3367848,0.02456900,0.02400000,0
1531216784651,1531216784646,3367849,0.02457000,0.05800000,0
1531216784682,1531216784678,3367850,0.02457000,0.08200000,0
1531216784708,1531216784704,3367851,0.02457000,0.08200000,0
1531216784722,1531216784719,3367852,0.02457000,0.08200000,0
1531216784746,1531216784742,3367853,0.02457000,0.08200000,0
1531216784756,1531216784752,3367854,0.02457000,0.08200000,0
1531216784787,1531216784784,3367855,0.02457000,0.08200000,0
1531216784816,1531216784812,3367856,0.02457000,0.09700000,0
1531216785215,1531216785211,3367857,0.02457000,0.66300000,0
1531216785364,1531216785359,3367858,0.02456900,0.53000000,1
1531216785495,1531216785490,3367859,0.02457000,0.40700000,0
1531216785544,1531216785540,3367860,0.02447700,0.14700000,1
1531216785632,1531216785628,3367861,0.02457000,0.10600000,0
1531216786254,1531216786250,3367862,0.02457000,0.42100000,0
1531216786744,1531216786740,3367863,0.02456900,0.23000000,0
1531216787151,1531216787148,3367864,0.02456900,0.18100000,0
1531216788634,1531216788630,3367865,0.02456900,0.08200000,0
1531216788657,1531216788654,3367866,0.02456900,0.08200000,0
1531216788677,1531216788672,3367867,0.02456900,0.08200000,0
1531216788708,1531216788703,3367868,0.02456900,0.08200000,0
1531216788730,1531216788726,3367869,0.02456900,0.08300000,0
1531216788836,1531216788832,3367870,0.02456900,0.07800000,0
1531216788836,1531216788832,3367871,0.02457000,0.00400000,0
1531216789639,1531216789634,3367872,0.02457000,0.08200000,0
1531216789678,1531216789674,3367873,0.02457000,0.03300000,0
1531216789678,1531216789674,3367874,0.02457900,0.04900000,0
1531216789681,1531216789677,3367875,0.02457900,0.08200000,0
1531216789701,1531216789697,3367876,0.02457900,0.08200000,0
1531216789727,1531216789723,3367877,0.02457900,0.16100000,0
1531216819691,1531216819688,3367878,0.02458800,0.17900000,0
1531216820122,1531216820118,3367879,0.02458800,0.08200000,0
1531216820153,1531216820150,3367880,0.02458800,0.09700000,0
1531216821121,1531216821118,3367881,0.02458800,0.08200000,0
1531216821148,1531216821144,3367882,0.02458800,0.09700000,0
1531216822142,1531216822138,3367883,0.02458800,0.08200000,0
1531216822154,1531216822151,3367884,0.02458800,0.09700000,0
1531216823140,1531216823136,3367885,0.02458800,0.08200000,0
1531216823167,1531216823163,3367886,0.02458800,0.09700000,0
1531216823388,1531216823384,3367887,0.02458800,0.00500000,0
1531216823388,1531216823384,3367888,0.02458900,0.12700000,0
1531216824137,1531216824133,3367889,0.02458900,0.08200000,0
1531216824155,1531216824152,3367890,0.02458900,0.10200000,0
1531216832170,1531216832166,3367891,0.02450200,0.43800000,0
1531216833174,1531216833170,3367892,0.02450200,2.75600000,0
1531216833174,1531216833170,3367893,0.02450300,0.21600000,0
1531216833253,1531216833249,3367894,0.02450300,0.12800000,0
1531216833253,1531216833249,3367895,0.02450400,0.80500000,0
1531216833253,1531216833249,3367896,0.02451300,0.49100000,0
1531216846743,1531216846739,3367897,0.02452200,1.20000000,0
1531216859759,1531216859755,3367898,0.02451100,0.95500000,1
1531216860831,1531216860825,3367899,0.02451100,0.28500000,1
1531216860831,1531216860825,3367900,0.02449700,0.25200000,1
1531216860831,1531216860825,3367901,0.02447800,0.08600000,1
1531216862033,1531216862029,3367902,0.02452200,0.60000000,0
1531216864930,1531216864927,3367903,0.02447800,0.68000000,1
1531216864930,1531216864927,3367904,0.02446100,0.95900000,1
1531216866035,1531216866005,3367905,0.02446200,0.15000000,1
1531216866035,1531216866005,3367906,0.02446100,0.44800000,1
1531216868469,1531216868464,3367907,0.02446000,0.18600000,1
1531216877101,1531216877097,3367908,0.02452100,0.10000000,0
1531216877234,1531216877230,3367909,0.02452100,0.20000000,0
1531216877234,1531216877230,3367910,0.02452200,0.18000000,0
1531216877234,1531216877230,3367911,0.02452300,0.18600000,0
1531216878165,1531216878161,3367912,0.02458700,0.14700000,0
1531216878165,1531216878161,3367913,0.02458800,0.00300000,0
1531216879343,1531216879338,3367914,0.02446200,0.03200000,1
1531216899056,1531216899051,3367915,0.02450100,0.01100000,1
1531216905574,1531216905571,3367916,0.02448700,0.00300000,1
1531216912175,1531216912169,3367917,0.02458100,0.79600000,0
1531216912175,1531216912169,3367918,0.02458400,0.42400000,0
1531216912216,1531216912209,3367919,0.02458400,0.08200000,0
1531216912237,1531216912232,3367920,0.02458400,0.08200000,0
1531216912261,1531216912258,3367921,0.02458400,0.08200000,0
1531216912275,1531216912271,3367922,0.02458400,0.08200000,0
1531216912292,1531216912289,3367923,0.02458400,0.08200000,0
1531216912316,1531216912313,3367924,0.02458400,0.08200000,0
1531216912336,1531216912331,3367925,0.02458400,0.08200000,0
1531216912353,1531216912348,3367926,0.02458400,0.08200000,0
1531216912385,1531216912380,3367927,0.02458400,0.09400000,0
1531216967826,1531216967821,3367928,0.02458300,0.40600000,0
1531216968359,1531216968354,3367929,0.02458300,0.08200000,0
1531216968384,1531216968379,3367930,0.02458300,0.08200000,0
1531216968404,1531216968400,3367931,0.02458300,0.08200000,0
1531216968433,1531216968428,3367932,0.02458300,0.16000000,0
1531216969368,1531216969364,3367933,0.02458300,0.08200000,0
1531216969394,1531216969389,3367934,0.02458300,0.00600000,0
1531216969394,1531216969389,3367935,0.02458400,0.07600000,0
1531216969423,1531216969419,3367936,0.02458400,0.08200000,0
1531216969432,1531216969428,3367937,0.02458400,0.16000000,0
1531216970368,1531216970364,3367938,0.02458400,0.08800000,0
1531216995573,1531216995568,3367939,0.02449000,0.40600000,1
1531217074121,1531217074117,3367940,0.02452300,0.49400000,1
1531217075878,1531217075874,3367941,0.02449300,0.08200000,1
1531217075910,1531217075905,3367942,0.02449300,0.08200000,1
1531217075948,1531217075944,3367943,0.02449300,0.08200000,1
1531217075968,1531217075962,3367944,0.02449300,0.08200000,1
1531217075986,1531217075982,3367945,0.02449300,0.08200000,1
1531217076005,1531217076001,3367946,0.02449300,0.08200000,1
1531217076028,1531217076023,3367947,0.02449300,0.08200000,1
1531217076054,1531217076049,3367948,0.02449300,0.24400000,1
1531217076248,1531217076243,3367949,0.02449300,1.06000000,1
1531217076929,1531217076924,3367950,0.02446500,0.08200000,1
1531217079100,1531217079095,3367951,0.02450200,0.84500000,0
1531217079151,1531217079147,3367952,0.02450200,0.40800000,0
1531217079758,1531217079754,3367953,0.02450200,0.40800000,0
1531217080253,1531217080249,3367954,0.02449300,1.24000000,1
1531217092201,1531217092197,3367955,0.02450200,0.40800000,0
1531217092225,1531217092221,3367956,0.02450200,1.59800000,0
1531217096506,1531217096502,3367957,0.02450200,0.40800000,0
1531217105980,1531217105975,3367958,0.02450200,0.96000000,0
1531217107065,1531217107060,3367959,0.02450200,0.79900000,0
1531217128155,1531217128150,3367960,0.02450200,0.57600000,0
1531217181941,1531217181937,3367961,0.02450200,0.09600000,0
1531217236564,1531217236560,3367962,0.02458000,1.35800000,0
1531217237582,1531217237578,3367963,0.02458000,0.08200000,0
1531217237617,1531217237613,3367964,0.02458000,0.08200000,0
1531217237627,1531217237621,3367965,0.02458000,0.13600000,0
1531217246430,1531217246425,3367966,0.02450000,0.42400000,0
1531217246692,1531217246687,3367967,0.02450000,0.40800000,0
1531217246720,1531217246717,3367968,0.02450000,0.79900000,0
1531217247198,1531217247194,3367969,0.02450000,0.31300000,0
1531217258179,1531217258175,3367970,0.02449900,0.40800000,0
1531217258624,1531217258620,3367971,0.02449900,1.85600000,0
1531217259107,1531217259103,3367972,0.02449900,0.40000000,0
1531217280179,1531217280174,3367973,0.02449900,0.40800000,0
1531217282172,1531217282167,3367974,0.02449900,0.40800000,0
1531217284098,1531217284093,3367975,0.02449900,0.40800000,0
1531217288084,1531217288080,3367976,0.02449900,1.51900000,0
1531217298401,1531217298397,3367977,0.02457600,0.07400000,0
1531217311610,1531217311606,3367978,0.02449400,0.00800000,1
1531217314313,1531217314308,3367979,0.02458000,0.00100000,0
1531217314756,1531217314752,3367980,0.02458000,0.04100000,0
1531217315760,1531217315756,3367981,0.02458000,0.04100000,0
1531217316762,1531217316753,3367982,0.02458000,0.04100000,0
1531217317753,1531217317749,3367983,0.02457900,0.04100000,0
1531217333229,1531217333223,3367984,0.02450500,0.89000000,1
1531217333229,1531217333223,3367985,0.02450400,1.05900000,1
1531217333229,1531217333223,3367986,0.02450300,1.51800000,1
1531217333229,1531217333223,3367987,0.02449900,15.07000000,1
1531217412750,1531217412746,3367988,0.02447700,0.90000000,1
1531217412789,1531217412785,3367989,0.02447700,0.04900000,1
1531217422450,1531217422445,3367990,0.02447800,0.04800000,0
1531217422450,1531217422445,3367991,0.02454600,0.04900000,0
1531217423754,1531217423749,3367992,0.02447800,0.90000000,1
1531217423754,1531217423749,3367993,0.02447700,0.32600000,1
1531217428390,1531217428384,3367994,0.02447700,0.19900000,1
1531217430448,1531217430443,3367995,0.02447600,0.69800000,1
1531217451815,1531217451811,3367996,0.02446500,0.08200000,1
1531217451836,1531217451830,3367997,0.02446500,0.08200000,1
1531217451845,1531217451841,3367998,0.02446500,0.08200000,1
1531217451874,1531217451870,3367999,0.02446500,0.08200000,1
1531217451887,1531217451883,3368000,0.02446500,0.08200000,1
1531217451910,1531217451905,3368001,0.02446500,0.08200000,1
1531217451935,1531217451930,3368002,0.02446500,0.08200000,1
1531217451961,1531217451957,3368003,0.02446500,0.08200000,1
1531217451984,1531217451981,3368004,0.02446500,0.24400000,1
1531217459901,1531217459897,3368005,0.02443200,0.00700000,1
1531217476524,1531217476519,3368006,0.02445200,0.00400000,1
1531217508116,1531217508111,3368007,0.02448900,0.19900000,0
1531217508116,1531217508111,3368008,0.02449000,0.20900000,0
1531217527688,1531217527684,3368009,0.02449000,1.51900000,0
1531217529538,1531217529535,3368010,0.02445700,0.35100000,1
1531217531263,1531217531259,3368011,0.02448800,1.00300000,0
1531217531263,1531217531259,3368012,0.02448900,0.62300000,0
1531217532275,1531217532271,3368013,0.02449000,0.08200000,0
1531217532289,1531217532284,3368014,0.02449000,0.08200000,0
1531217532308,1531217532305,3368015,0.02448800,0.71000000,1
1531217532320,1531217532315,3368016,0.02449000,0.08200000,0
1531217532334,1531217532330,3368017,0.02449000,0.08200000,0
1531217532361,1531217532357,3368018,0.02449000,0.08200000,0
1531217532382,1531217532377,3368019,0.02449000,0.08200000,0
1531217532403,1531217532398,3368020,0.02449000,0.12400000,0
1531217539252,1531217539248,3368021,0.02443600,0.04600000,1
1531217544029,1531217544023,3368022,0.02448900,0.76900000,0
1531217548140,1531217548137,3368023,0.02448900,1.22500000,0
1531217548302,1531217548298,3368024,0.02443600,39.01200000,1
1531217568158,1531217568153,3368025,0.02448800,1.22500000,0
1531217568224,1531217568220,3368026,0.02448800,4.56000000,0
1531217569675,1531217569670,3368027,0.02448800,3.91600000,0
1531217570177,1531217570173,3368028,0.02448800,1.22500000,0
1531217571482,1531217571479,3368029,0.02443600,0.45600000,1
1531217572082,1531217572079,3368030,0.02443600,0.07200000,0
1531217572082,1531217572079,3368031,0.02448800,3.60300000,0
1531217572126,1531217572121,3368032,0.02448800,1.22500000,0
1531217574148,1531217574144,3368033,0.02448700,1.22500000,0
1531217574213,1531217574209,3368034,0.02448700,0.08200000,0
1531217574216,1531217574211,3368035,0.02448700,0.08200000,0
1531217574268,1531217574264,3368036,0.02448700,0.08200000,0
1531217574280,1531217574277,3368037,0.02448700,0.08200000,0
1531217574286,1531217574282,3368038,0.02448700,0.08200000,0
1531217574318,1531217574314,3368039,0.02448700,0.08200000,0
1531217574344,1531217574340,3368040,0.02448700,0.08200000,0
1531217574349,1531217574345,3368041,0.02448700,0.08200000,0
1531217574382,1531217574377,3368042,0.02448700,0.24400000,0
1531217576144,1531217576139,3368043,0.02448600,0.90000000,0
1531217576144,1531217576139,3368044,0.02448700,0.32500000,0
1531217576193,1531217576189,3368045,0.02448700,0.08200000,0
1531217576214,1531217576210,3368046,0.02448700,0.08200000,0
1531217576243,1531217576239,3368047,0.02448700,0.08200000,0
1531217576268,1531217576262,3368048,0.02448700,0.08200000,0
1531217576284,1531217576280,3368049,0.02448700,0.08200000,0
1531217576307,1531217576303,3368050,0.02448700,0.08200000,0
1531217576317,1531217576313,3368051,0.02448700,0.08200000,0
1531217576348,1531217576344,3368052,0.02448700,0.08200000,0
1531217576364,1531217576360,3368053,0.02448700,0.24400000,0
1531217578180,1531217578175,3368054,0.02448600,0.90000000,0
1531217578180,1531217578175,3368055,0.02448700,0.32500000,0
1531217579196,1531217579192,3368056,0.02449000,0.08200000,0
1531217579225,1531217579221,3368057,0.02449000,0.08200000,0
1531217579252,1531217579247,3368058,0.02449000,0.08200000,0
1531217579281,1531217579273,3368059,0.02449000,0.08200000,0
1531217579290,1531217579286,3368060,0.02449000,0.08200000,0
1531217579314,1531217579310,3368061,0.02449000,0.08200000,0
1531217579333,1531217579330,3368062,0.02449000,0.08200000,0
1531217579348,1531217579343,3368063,0.02449000,0.08200000,0
1531217579373,1531217579368,3368064,0.02449000,0.24400000,0
1531217580208,1531217580204,3368065,0.02448900,0.15000000,0
1531217580208,1531217580204,3368066,0.02449000,0.25800000,0
1531217581205,1531217581201,3368067,0.02449000,0.15000000,0
1531217615496,1531217615490,3368068,0.02449000,0.40800000,0
1531217625278,1531217625274,3368069,0.02449000,1.42000000,0
1531217625305,1531217625300,3368070,0.02449000,0.40800000,0
1531217630629,1531217630625,3368071,0.02444100,0.02600000,1
1531217655390,1531217655386,3368072,0.02444200,0.00200000,1
1531217671282,1531217671278,3368073,0.02444200,0.14800000,1
1531217671282,1531217671278,3368074,0.02444100,3.85200000,1
1531217703717,1531217703713,3368075,0.02444200,0.00200000,1
1531217704104,1531217704100,3368076,0.02444200,0.11700000,1
1531217707226,1531217707222,3368077,0.02448900,0.40800000,0
1531217708054,1531217708050,3368078,0.02448900,0.13900000,0
1531217709069,1531217709064,3368079,0.02448900,0.02200000,0
1531217709069,1531217709064,3368080,0.02449000,0.11700000,0
1531217710068,1531217710064,3368081,0.02449000,0.04100000,0
1531217711098,1531217711094,3368082,0.02448900,0.31900000,0
1531217711098,1531217711094,3368083,0.02449000,0.08900000,0
1531217712065,1531217712061,3368084,0.02449000,0.08200000,0
1531217712083,1531217712080,3368085,0.02449000,0.08200000,0
1531217712095,1531217712089,3368086,0.02449000,0.13600000,0
1531217740687,1531217740682,3368087,0.02449000,0.60000000,0
1531217740864,1531217740858,3368088,0.02449000,0.65300000,0
1531217760144,1531217760138,3368089,0.02449000,0.40800000,0
1531217776122,1531217776118,3368090,0.02444900,0.00500000,1
1531217794815,1531217794810,3368091,0.02444900,0.01800000,1
1531217797789,1531217797785,3368092,0.02449000,0.40800000,0
1531217806529,1531217806524,3368093,0.02444900,0.39400000,1
1531217862547,1531217862543,3368094,0.02445100,0.07600000,1
1531217876809,1531217876804,3368095,0.02445100,0.02300000,1
1531217894826,1531217894821,3368096,0.02445100,0.09400000,1
1531217899128,1531217899124,3368097,0.02449000,0.40800000,0
1531217899309,1531217899304,3368098,0.02449000,0.12200000,0
1531217926620,1531217926616,3368099,0.02448900,0.02700000,1
1531217944897,1531217944894,3368100,0.02449000,0.76300000,0
1531217951134,1531217951130,3368101,0.02449000,0.40800000,0
1531217951868,1531217951863,3368102,0.02449000,0.19000000,0
1531217959407,1531217959403,3368103,0.02448900,0.01900000,1
1531217965186,1531217965181,3368104,0.02449000,0.70800000,0
1531217967760,1531217967755,3368105,0.02448900,0.90600000,1
1531217991651,1531217991646,3368106,0.02448900,0.02300000,1
1531218051104,1531218051099,3368107,0.02449000,4.49900000,0
1531218055779,1531218055774,3368108,0.02448900,0.02500000,1
1531218058803,1531218058798,3368109,0.02446600,0.20200000,1
1531218059629,1531218059626,3368110,0.02446600,0.00200000,1
1531218061758,1531218061753,3368111,0.02446600,0.04500000,0
1531218086703,1531218086700,3368112,0.02445100,0.00300000,1
1531218103080,1531218103076,3368113,0.02446600,0.15300000,0
1531218103080,1531218103076,3368114,0.02449000,4.85700000,0
1531218115483,1531218115478,3368115,0.02445100,0.80000000,1
1531218140088,1531218140084,3368116,0.02449000,1.22500000,0
1531218140100,1531218140097,3368117,0.02449000,1.22500000,0
1531218144171,1531218144167,3368118,0.02449000,5.22500000,0
1531218163086,1531218163082,3368119,0.02449000,0.40800000,0
1531218180167,1531218180162,3368120,0.02449000,0.40800000,0
1531218180173,1531218180168,3368121,0.02449000,0.40800000,0
1531218214838,1531218214834,3368122,0.02445300,1.22700000,0
1531218214857,1531218214853,3368123,0.02445300,1.22700000,0
1531218215430,1531218215425,3368124,0.02445300,1.64600000,0
1531218221673,1531218221669,3368125,0.02449000,0.39700000,0
1531218250309,1531218250305,3368126,0.02449000,0.30100000,0
1531218253007,1531218253004,3368127,0.02449000,0.40800000,0
1531218254236,1531218254230,3368128,0.02445300,0.00400000,1
1531218254236,1531218254230,3368129,0.02445200,0.00100000,1
1531218255170,1531218255166,3368130,0.02449000,0.40800000,0
1531218259208,1531218259204,3368131,0.02449000,0.40800000,0
1531218265215,1531218265210,3368132,0.02445200,1.05300000,1
1531218270774,1531218270770,3368133,0.02443000,0.00700000,1
1531218271588,1531218271584,3368134,0.02448900,0.90000000,0
1531218271588,1531218271584,3368135,0.02449000,0.10000000,0
1531218272173,1531218272169,3368136,0.02449000,0.08200000,0
1531218272178,1531218272174,3368137,0.02449000,0.08200000,0
1531218272207,1531218272203,3368138,0.02449000,0.08200000,0
1531218272229,1531218272225,3368139,0.02449000,0.08200000,0
1531218272244,1531218272238,3368140,0.02449000,0.08200000,0
1531218272275,1531218272270,3368141,0.02449000,0.08200000,0
1531218272290,1531218272287,3368142,0.02449000,0.08200000,0
1531218272310,1531218272307,3368143,0.02449000,0.08200000,0
1531218272329,1531218272325,3368144,0.02449000,0.23700000,0
1531218275080,1531218275076,3368145,0.02443000,0.01800000,1
1531218292352,1531218292349,3368146,0.02443000,0.23500000,1
1531218293797,1531218293792,3368147,0.02448800,0.25300000,0
1531218293797,1531218293792,3368148,0.02448900,1.72600000,0
1531218294389,1531218294384,3368149,0.02448900,0.08200000,0
1531218294401,1531218294395,3368150,0.02448900,0.08200000,0
1531218294447,1531218294444,3368151,0.02448900,0.08200000,0
1531218294460,1531218294456,3368152,0.02448900,0.08200000,0
1531218294461,1531218294457,3368153,0.02448900,0.07100000,0
1531218294461,1531218294457,3368154,0.02449000,0.01100000,0
1531218294481,1531218294477,3368155,0.02449000,0.08200000,0
1531218294498,1531218294494,3368156,0.02449000,0.08200000,0
1531218294531,1531218294526,3368157,0.02449000,0.08200000,0
1531218294548,1531218294544,3368158,0.02449000,0.24400000,0
1531218300677,1531218300672,3368159,0.02443100,0.26000000,1
1531218300708,1531218300704,3368160,0.02443100,0.58300000,0
1531218300765,1531218300762,3368161,0.02443100,0.38500000,0
1531218311721,1531218311717,3368162,0.02443200,3.00000000,1
1531218332829,1531218332825,3368163,0.02447900,1.00000000,0
1531218332854,1531218332850,3368164,0.02447900,0.10000000,0
1531218333859,1531218333854,3368165,0.02447900,0.10000000,0
1531218334869,1531218334865,3368166,0.02447900,0.10000000,0
1531218335099,1531218335094,3368167,0.02445000,1.22700000,0
1531218335125,1531218335121,3368168,0.02445000,1.22700000,0
1531218335869,1531218335865,3368169,0.02445000,0.10000000,0
1531218335967,1531218335961,3368170,0.02445000,0.52600000,0
1531218336664,1531218336658,3368171,0.02445000,0.50600000,0
1531218338113,1531218338108,3368172,0.02445000,0.21500000,0
1531218338943,1531218338938,3368173,0.02445000,0.24100000,0
1531218339157,1531218339150,3368174,0.02445000,0.05800000,0
1531218341711,1531218341708,3368175,0.02443300,0.90000000,1
1531218342735,1531218342731,3368176,0.02449000,0.40800000,0
1531218352590,1531218352586,3368177,0.02446700,0.40900000,0
1531218366433,1531218366429,3368178,0.02448900,1.26500000,0
1531218366588,1531218366583,3368179,0.02448900,0.08200000,0
1531218366600,1531218366593,3368180,0.02448900,0.08200000,0
1531218366624,1531218366620,3368181,0.02448900,0.08200000,0
1531218366637,1531218366632,3368182,0.02443300,0.00800000,1
1531218366663,1531218366659,3368183,0.02448900,0.11900000,0
1531218367580,1531218367575,3368184,0.02448900,0.08200000,0
1531218367612,1531218367607,3368185,0.02448900,0.08200000,0
1531218367630,1531218367626,3368186,0.02448900,0.00600000,0
1531218367630,1531218367626,3368187,0.02449000,0.07600000,0
1531218367653,1531218367649,3368188,0.02449000,0.11900000,0
1531218368594,1531218368589,3368189,0.02449000,0.08200000,0
1531218368601,1531218368598,3368190,0.02449000,0.08800000,0
1531218399371,1531218399367,3368191,0.02448900,0.90000000,0
1531218399371,1531218399367,3368192,0.02449000,3.40800000,0
1531218399553,1531218399549,3368193,0.02449000,0.08200000,0
1531218399561,1531218399556,3368194,0.02449000,0.08200000,0
1531218399589,1531218399583,3368195,0.02449000,0.08200000,0
1531218399611,1531218399607,3368196,0.02449000,0.08200000,0
1531218399630,1531218399626,3368197,0.02449000,0.08200000,0
1531218399644,1531218399640,3368198,0.02449000,0.08200000,0
1531218399666,1531218399663,3368199,0.02449000,0.08200000,0
1531218399698,1531218399692,3368200,0.02449000,0.08200000,0
1531218399715,1531218399709,3368201,0.02449000,0.24400000,0
1531218408717,1531218408711,3368202,0.02443400,0.14300000,1
1531218423233,1531218423229,3368203,0.02443400,0.75700000,1
1531218423233,1531218423229,3368204,0.02443300,0.17400000,1
1531218423233,1531218423229,3368205,0.02443200,0.06900000,1
1531218434766,1531218434762,3368206,0.02448900,0.40800000,0
1531218461085,1531218461081,3368207,0.02448900,1.39000000,0
1531218461100,1531218461096,3368208,0.02448900,0.00200000,0
1531218461102,1531218461096,3368209,0.02449000,38.68900000,0
1531218461109,1531218461104,3368210,0.02449000,14.62500000,0
1531218461122,1531218461118,3368211,0.02449000,0.28500000,0
1531218461543,1531218461539,3368212,0.02449000,0.08200000,0
1531218461573,1531218461569,3368213,0.02449000,0.08200000,0
1531218461581,1531218461578,3368214,0.02449000,0.08200000,0
1531218461616,1531218461611,3368215,0.02449000,0.08200000,0
1531218461633,1531218461630,3368216,0.02449000,0.08200000,0
1531218461634,1531218461630,3368217,0.02449000,0.08200000,0
1531218461652,1531218461647,3368218,0.02449000,0.08200000,0
1531218461671,1531218461666,3368219,0.02449000,0.08200000,0
1531218461711,1531218461708,3368220,0.02449000,0.24400000,0
1531218461868,1531218461862,3368221,0.02449000,4.51500000,0
1531218498305,1531218498301,3368222,0.02449000,0.80000000,0
1531218500361,1531218500357,3368223,0.02448000,2.36200000,0
1531218512210,1531218512206,3368224,0.02448000,0.10900000,0
1531218528535,1531218528531,3368225,0.02448000,0.15000000,0
1531218531616,1531218531612,3368226,0.02448000,0.50500000,0
1531218560278,1531218560274,3368227,0.02446500,0.00100000,1
1531218563933,1531218563928,3368228,0.02446500,0.01900000,1
1531218604730,1531218604728,3368229,0.02448000,1.50400000,0
1531218605480,1531218605473,3368230,0.02448000,1.00000000,0
1531218628745,1531218628740,3368231,0.02446500,0.00500000,1
1531218648378,1531218648374,3368232,0.02448000,0.25900000,0
1531218673871,1531218673866,3368233,0.02448000,2.30100000,0
1531218673871,1531218673866,3368234,0.02449000,58.13900000,0
1531218675522,1531218675517,3368235,0.02449100,0.40800000,0
1531218676078,1531218676073,3368236,0.02449100,0.08200000,0
1531218676095,1531218676091,3368237,0.02449100,0.08200000,0
1531218676127,1531218676122,3368238,0.02449100,0.16200000,0
1531218676158,1531218676153,3368239,0.02449100,0.08200000,0
1531218677069,1531218677064,3368240,0.02449100,0.08200000,0
1531218677091,1531218677087,3368241,0.02449100,0.00200000,0
1531218677091,1531218677087,3368242,0.02449200,0.08000000,0
1531218677116,1531218677112,3368243,0.02449200,0.08200000,0
1531218677130,1531218677124,3368244,0.02449200,0.02500000,0
1531218677130,1531218677124,3368245,0.02450000,0.13700000,0
1531218678069,1531218678064,3368246,0.02450000,0.08400000,0
1531218690387,1531218690381,3368247,0.02444300,0.87500000,1
1531218695349,1531218695343,3368248,0.02450000,48.93500000,0
1531218702964,1531218702959,3368249,0.02451800,0.64400000,1
1531218704331,1531218704327,3368250,0.02451800,0.63700000,1
1531218706086,1531218706083,3368251,0.02451800,0.62300000,1
1531218738391,1531218738387,3368252,0.02451800,0.00800000,1
1531218746702,1531218746696,3368253,0.02451800,0.00800000,1
1531218803183,1531218803179,3368254,0.02451800,0.08000000,1
1531218812443,1531218812439,3368255,0.02455000,0.45000000,0
1531218814933,1531218814927,3368256,0.02451800,0.01300000,1
1531218823784,1531218823780,3368257,0.02451800,0.01000000,1
1531218832521,1531218832517,3368258,0.02451800,0.00100000,1
1531218843926,1531218843920,3368259,0.02455000,0.05000000,0
1531218843926,1531218843920,3368260,0.02457800,2.80800000,0
1531218848391,1531218848385,3368261,0.02457700,0.20000000,0
1531218848911,1531218848906,3368262,0.02457700,0.08200000,0
1531218848923,1531218848918,3368263,0.02457700,0.01800000,0
1531218848923,1531218848918,3368264,0.02457800,0.10000000,0
1531218849911,1531218849906,3368265,0.02457800,0.10000000,0
1531218868473,1531218868446,3368266,0.02454200,0.77600000,0
1531218869222,1531218869219,3368267,0.02454000,0.04400000,1
1531218887877,1531218887873,3368268,0.02451800,0.00500000,1
1531218977101,1531218977096,3368269,0.02451800,0.40900000,1
1531218977609,1531218977604,3368270,0.02451800,0.40800000,1
1531219091553,1531219091549,3368271,0.02451800,0.00300000,1
1531219114419,1531219114416,3368272,0.02454000,0.10000000,0
1531219114698,1531219114693,3368273,0.02454000,0.22100000,0
1531219114698,1531219114693,3368274,0.02457300,0.28800000,0
1531219115106,1531219115101,3368275,0.02457300,4.49700000,0
1531219115143,1531219115137,3368276,0.02457300,0.50500000,0
1531219115222,1531219115216,3368277,0.02457300,0.81300000,0
1531219115520,1531219115515,3368278,0.02457300,0.02000000,0
1531219115520,1531219115515,3368279,0.02457700,0.48900000,0
1531219115606,1531219115602,3368280,0.02457700,0.60600000,0
1531219115662,1531219115658,3368281,0.02457700,0.25200000,0
1531219115811,1531219115806,3368282,0.02457700,0.39300000,0
1531219115811,1531219115806,3368283,0.02457900,1.92100000,0
1531219115819,1531219115814,3368284,0.02457900,0.50500000,0
1531219115970,1531219115967,3368285,0.02457900,0.25200000,0
1531219116081,1531219116077,3368286,0.02457900,0.29000000,0
1531219116319,1531219116315,3368287,0.02457900,0.61100000,0
1531219116329,1531219116325,3368288,0.02457900,0.25200000,0
1531219116430,1531219116424,3368289,0.02457900,0.16900000,0
1531219116430,1531219116424,3368290,0.02458400,0.04400000,0
1531219116430,1531219116424,3368291,0.02459100,0.03900000,0
1531219116639,1531219116634,3368292,0.02457300,0.70400000,1
1531219116701,1531219116696,3368293,0.02459100,0.10000000,0
1531219116759,1531219116755,3368294,0.02459100,0.10100000,0
1531219116759,1531219116755,3368295,0.02459300,0.11700000,0
1531219116759,1531219116755,3368296,0.02459400,0.07200000,0
1531219116844,1531219116841,3368297,0.02459400,0.05700000,0
1531219116844,1531219116841,3368298,0.02460500,0.06800000,0
1531219116844,1531219116841,3368299,0.02461200,0.16500000,0
1531219117639,1531219117634,3368300,0.02459400,0.62400000,1
1531219117957,1531219117952,3368301,0.02459400,0.07500000,1
1531219117957,1531219117952,3368302,0.02457400,0.03000000,1
1531219118467,1531219118462,3368303,0.02457300,0.10500000,1
1531219118608,1531219118603,3368304,0.02461200,0.79000000,0
1531219118608,1531219118603,3368305,0.02462500,0.05500000,0
1531219119689,1531219119684,3368306,0.02460500,0.28800000,0
1531219138506,1531219138499,3368307,0.02462600,0.43700000,0
1531219142350,1531219142344,3368308,0.02458300,0.14500000,1
1531219142706,1531219142702,3368309,0.02458400,0.12400000,1
1531219143269,1531219143262,3368310,0.02458400,0.10500000,1
1531219145461,1531219145457,3368311,0.02458400,0.27900000,1
1531219156663,1531219156657,3368312,0.02461300,0.13500000,1
1531219175617,1531219175611,3368313,0.02464000,0.29600000,0
1531219175617,1531219175611,3368314,0.02464200,0.40600000,0
1531219175617,1531219175611,3368315,0.02466200,0.99200000,0
1531219175617,1531219175611,3368316,0.02466700,0.15200000,0
1531219175617,1531219175611,3368317,0.02467200,1.04400000,0
1531219175617,1531219175611,3368318,0.02468000,0.68000000,0
1531219177661,1531219177658,3368319,0.02468200,0.08100000,0
1531219193233,1531219193230,3368320,0.02458700,0.15000000,1
1531219193233,1531219193230,3368321,0.02458600,0.11800000,1
1531219227281,1531219227275,3368322,0.02467800,0.17000000,0
1531219227793,1531219227788,3368323,0.02467800,0.04100000,0
1531219228800,1531219228795,3368324,0.02467800,0.04100000,0
1531219229795,1531219229791,3368325,0.02467800,0.04100000,0
1531219230790,1531219230785,3368326,0.02467800,0.04100000,0
1531219231795,1531219231789,3368327,0.02467800,0.04100000,0
1531219232805,1531219232798,3368328,0.02467800,0.04100000,0
1531219233804,1531219233798,3368329,0.02467800,0.04100000,0
1531219234801,1531219234797,3368330,0.02467800,0.04100000,0
1531219235803,1531219235799,3368331,0.02467800,0.04100000,0
1531219236807,1531219236797,3368332,0.02467800,0.04100000,0
1531219237806,1531219237802,3368333,0.02467800,0.04100000,0
1531219238817,1531219238812,3368334,0.02467800,0.04100000,0
1531219239826,1531219239820,3368335,0.02467800,0.04100000,0
1531219240814,1531219240809,3368336,0.02467800,0.04100000,0
1531219241814,1531219241806,3368337,0.02467800,0.04100000,0
1531219242821,1531219242816,3368338,0.02467800,0.04100000,0
1531219243812,1531219243809,3368339,0.02467800,0.04100000,0
1531219244820,1531219244815,3368340,0.02467800,0.04100000,0
1531219245724,1531219245721,3368341,0.02461600,0.05200000,1
1531219245724,1531219245721,3368342,0.02460500,0.16100000,1
1531219245810,1531219245804,3368343,0.02467800,0.04100000,0
1531219253830,1531219253823,3368344,0.02460600,0.42100000,1
1531219253830,1531219253823,3368345,0.02460500,0.25400000,1
1531219253830,1531219253823,3368346,0.02460400,3.88100000,1
1531219253830,1531219253823,3368347,0.02457500,1.90300000,1
1531219253830,1531219253823,3368348,0.02457400,2.98000000,1
1531219253830,1531219253823,3368349,0.02456500,0.32500000,1
1531219253830,1531219253823,3368350,0.02454400,0.20400000,1
1531219253830,1531219253823,3368351,0.02454000,10.01200000,1
1531219260330,1531219260325,3368352,0.02457300,0.00600000,1
1531219297879,1531219297875,3368353,0.02457700,0.22700000,1
1531219309565,1531219309560,3368354,0.02462300,0.45000000,0
1531219309565,1531219309560,3368355,0.02462400,0.25400000,0
1531219323316,1531219323310,3368356,0.02459100,0.15000000,1
1531219323316,1531219323310,3368357,0.02459000,0.69200000,1
1531219323316,1531219323310,3368358,0.02458000,4.88300000,1
1531219323316,1531219323310,3368359,0.02457900,2.98000000,1
1531219323316,1531219323310,3368360,0.02454900,0.33000000,1
1531219323334,1531219323329,3368361,0.02454900,3.32400000,0
1531219323412,1531219323407,3368362,0.02454900,3.66600000,0
1531219323427,1531219323423,3368363,0.02454900,0.40700000,0
1531219323455,1531219323451,3368364,0.02454900,1.50000000,0
1531219323554,1531219323552,3368365,0.02454900,2.31000000,0
1531219323555,1531219323552,3368366,0.02454900,1.89700000,0
1531219323562,1531219323557,3368367,0.02454900,1.70600000,0
1531219323654,1531219323649,3368368,0.02454900,31.15500000,0
1531219339341,1531219339337,3368369,0.02465700,1.24000000,0
1531219339341,1531219339337,3368370,0.02465900,0.24300000,0
1531219339726,1531219339721,3368371,0.02465900,1.70600000,0
1531219340041,1531219340036,3368372,0.02465900,0.07200000,0
1531219340041,1531219340036,3368373,0.02466000,0.85300000,0
1531219340077,1531219340074,3368374,0.02466000,0.28700000,1
1531219340084,1531219340081,3368375,0.02466000,0.27100000,1
1531219340084,1531219340081,3368376,0.02462100,0.28700000,1
1531219340305,1531219340300,3368377,0.02466100,1.70600000,0
1531219340776,1531219340772,3368378,0.02466100,0.03400000,0
1531219340777,1531219340772,3368379,0.02466800,0.32300000,0
1531219340809,1531219340805,3368380,0.02466800,1.12600000,1
1531219341455,1531219341450,3368381,0.02462900,0.91000000,0
1531219341455,1531219341450,3368382,0.02466700,0.05200000,0
1531219345063,1531219345059,3368383,0.02467800,0.13500000,0
1531219345063,1531219345059,3368384,0.02468000,0.04500000,0
1531219345085,1531219345082,3368385,0.02468000,0.02200000,1
1531219345299,1531219345295,3368386,0.02468000,0.02300000,1
1531219345389,1531219345385,3368387,0.02468000,0.02000000,1
1531219345440,1531219345434,3368388,0.02468000,0.02300000,1
1531219345457,1531219345453,3368389,0.02468000,0.02300000,1
1531219345538,1531219345532,3368390,0.02468000,0.02200000,1
1531219345553,1531219345545,3368391,0.02468000,0.02200000,1
1531219351702,1531219351697,3368392,0.02468000,0.02200000,1
1531219362062,1531219362056,3368393,0.02468100,0.30000000,0
1531219362062,1531219362056,3368394,0.02468200,0.05500000,0
1531219362062,1531219362056,3368395,0.02468500,0.16500000,0
1531219362908,1531219362903,3368396,0.02469100,0.15000000,0
1531219365656,1531219365650,3368397,0.02469100,0.00100000,0
1531219366974,1531219366970,3368398,0.02469100,0.41000000,0
1531219366974,1531219366970,3368399,0.02469600,0.34200000,0
1531219367555,1531219367550,3368400,0.02469600,0.74400000,1
1531219368807,1531219368801,3368401,0.02468500,0.11100000,1
1531219379646,1531219379641,3368402,0.02469600,0.04100000,0
1531219382157,1531219382150,3368403,0.02469500,0.30000000,0
1531219382157,1531219382150,3368404,0.02469600,0.06400000,0
1531219382917,1531219382912,3368405,0.02470600,0.08200000,0
1531219382941,1531219382935,3368406,0.02470600,0.08200000,0
1531219382957,1531219382951,3368407,0.02470600,0.09300000,0
1531219382957,1531219382951,3368408,0.02472500,0.04300000,0
1531219383257,1531219383253,3368409,0.02469600,0.02200000,1
1531219383321,1531219383315,3368410,0.02469600,0.02300000,1
1531219383343,1531219383338,3368411,0.02469600,0.02000000,1
1531219392550,1531219392546,3368412,0.02469600,2.22100000,1
1531219392759,1531219392754,3368413,0.02469600,0.29900000,1
1531219408673,1531219408666,3368414,0.02469600,0.01900000,1
1531219410216,1531219410212,3368415,0.02469600,0.38700000,1
1531219412075,1531219412070,3368416,0.02469600,0.02200000,1
1531219417439,1531219417432,3368417,0.02469600,0.00500000,1
1531219472214,1531219472210,3368418,0.02465600,0.45000000,1
1531219472214,1531219472210,3368419,0.02465500,0.82200000,1
1531219472243,1531219472238,3368420,0.02465500,0.22400000,1
1531219472243,1531219472238,3368421,0.02464900,0.22600000,1
1531219472760,1531219472755,3368422,0.02464900,0.30100000,1
1531219475147,1531219475141,3368423,0.02460900,0.00700000,1
1531219476118,1531219476114,3368424,0.02460900,0.00900000,1
1531219477175,1531219477171,3368425,0.02460900,0.04500000,1
1531219498135,1531219498133,3368426,0.02461000,0.08200000,1
1531219498162,1531219498158,3368427,0.02461000,0.08200000,1
1531219498173,1531219498169,3368428,0.02461000,0.08200000,1
1531219498205,1531219498200,3368429,0.02461000,0.08200000,1
1531219498225,1531219498221,3368430,0.02461000,0.08200000,1
1531219498248,1531219498243,3368431,0.02461000,0.10100000,1
1531219499866,1531219499860,3368432,0.02462000,0.25200000,0
1531219522219,1531219522213,3368433,0.02461800,0.00100000,1
1531219527206,1531219527201,3368434,0.02464600,0.40600000,0
1531219557047,1531219557042,3368435,0.02464600,0.41300000,0
1531219570150,1531219570144,3368436,0.02467600,0.45000000,0
1531219570150,1531219570144,3368437,0.02467700,0.05000000,0
1531219570522,1531219570515,3368438,0.02467700,0.08200000,0
1531219570545,1531219570541,3368439,0.02467700,0.08200000,0
1531219570576,1531219570571,3368440,0.02467700,0.08200000,0
1531219570595,1531219570589,3368441,0.02467700,0.02700000,0
1531219570595,1531219570589,3368442,0.02468100,0.05500000,0
1531219570605,1531219570599,3368443,0.02468100,0.12200000,0
1531219588064,1531219588059,3368444,0.02462300,0.00600000,1
1531219637476,1531219637471,3368445,0.02462700,0.73100000,1
1531219739285,1531219739279,3368446,0.02469200,0.40400000,0
1531219766761,1531219766756,3368447,0.02469200,2.31000000,0
1531219766777,1531219766772,3368448,0.02469200,0.13300000,0
1531219766781,1531219766777,3368449,0.02469200,0.00500000,0
1531219766781,1531219766777,3368450,0.02469300,0.12800000,0
1531219766790,1531219766785,3368451,0.02469300,0.19900000,0
1531219766795,1531219766791,3368452,0.02469300,0.08200000,0
1531219766810,1531219766805,3368453,0.02469300,0.08200000,0
1531219766816,1531219766810,3368454,0.02469300,0.19900000,0
1531219766827,1531219766823,3368455,0.02469300,0.13300000,0
1531219766830,1531219766824,3368456,0.02469300,0.04600000,0
1531219766830,1531219766824,3368457,0.02471400,0.03600000,0
1531219766831,1531219766826,3368458,0.02471400,0.13300000,0
1531219766833,1531219766827,3368459,0.02471400,0.13300000,0
1531219766838,1531219766835,3368460,0.02471400,0.02800000,0
1531219766850,1531219766845,3368461,0.02472000,0.13300000,0
1531219766850,1531219766846,3368462,0.02472000,0.08200000,0
1531219766857,1531219766852,3368463,0.02472000,0.10600000,0
1531219766878,1531219766873,3368464,0.02472200,0.08200000,0
1531219766900,1531219766895,3368465,0.02472200,0.08200000,0
1531219766921,1531219766918,3368466,0.02472200,0.08200000,0
1531219766945,1531219766940,3368467,0.02472200,0.08200000,0
1531219766967,1531219766960,3368468,0.02472200,0.24400000,0
1531219766992,1531219766986,3368469,0.02472200,0.13300000,0
1531219767111,1531219767107,3368470,0.02472200,0.16600000,0
1531219767144,1531219767139,3368471,0.02472200,0.13300000,0
1531219767151,1531219767143,3368472,0.02472200,0.19900000,0
1531219767163,1531219767158,3368473,0.02472200,0.03700000,0
1531219767163,1531219767158,3368474,0.02472500,0.11600000,0
1531219767163,1531219767158,3368475,0.02472600,0.04600000,0
1531219767208,1531219767202,3368476,0.02472000,0.29900000,1
1531219767239,1531219767235,3368477,0.02472600,0.13300000,0
1531219767247,1531219767241,3368478,0.02472600,0.13300000,0
1531219767269,1531219767264,3368479,0.02472600,0.13300000,0
1531219767281,1531219767276,3368480,0.02472600,0.13300000,0
1531219767433,1531219767428,3368481,0.02472600,0.13300000,0
1531219767435,1531219767431,3368482,0.02472600,0.00800000,0
1531219767435,1531219767431,3368483,0.02472700,0.12500000,0
1531219767448,1531219767443,3368484,0.02472700,0.19900000,0
1531219767469,1531219767465,3368485,0.02472700,0.19900000,0
1531219767471,1531219767468,3368486,0.02472700,0.16600000,0
1531219767481,1531219767478,3368487,0.02472700,0.13300000,0
1531219767517,1531219767512,3368488,0.02472700,0.13300000,0
1531219767609,1531219767603,3368489,0.02472700,0.78500000,0
1531219767609,1531219767603,3368490,0.02473000,0.15400000,0
1531219768070,1531219768066,3368491,0.02472900,0.15100000,1
1531219769415,1531219769409,3368492,0.02472900,0.14800000,1
1531219773322,1531219773317,3368493,0.02472900,0.06000000,0
1531219773452,1531219773447,3368494,0.02472900,0.06000000,0
1531219773812,1531219773807,3368495,0.02472900,0.12000000,0
1531219774806,1531219774801,3368496,0.02472900,0.12000000,0
1531219775810,1531219775804,3368497,0.02472900,0.12000000,0
1531219776810,1531219776804,3368498,0.02472900,0.12000000,0
1531219777812,1531219777808,3368499,0.02472900,0.12000000,0
1531219778821,1531219778816,3368500,0.02472900,0.12000000,0
1531219779819,1531219779814,3368501,0.02472900,0.06000000,0
1531219779819,1531219779814,3368502,0.02473000,0.06000000,0
1531219780838,1531219780833,3368503,0.02473000,0.06000000,0
1531219804473,1531219804471,3368504,0.02472800,0.06000000,0
1531219804497,1531219804491,3368505,0.02472800,0.06000000,0
1531219804513,1531219804509,3368506,0.02472800,0.18000000,0
1531219804513,1531219804509,3368507,0.02472900,1.36300000,0
1531219804513,1531219804509,3368508,0.02473000,0.34600000,0
1531219804513,1531219804509,3368509,0.02474200,0.19800000,0
1531219804513,1531219804509,3368510,0.02476000,0.22300000,0
1531219805509,1531219805504,3368511,0.02476000,0.08200000,0
1531219805519,1531219805515,3368512,0.02476000,0.08200000,0
1531219805543,1531219805538,3368513,0.02476000,0.08200000,0
1531219805558,1531219805553,3368514,0.02476000,0.14400000,0
1531219809361,1531219809357,3368515,0.02468700,0.04200000,1
1531219842485,1531219842481,3368516,0.02469000,0.08100000,0
1531219842485,1531219842481,3368517,0.02476000,0.02900000,0
1531219842521,1531219842516,3368518,0.02476000,0.11000000,0
1531219842691,1531219842683,3368519,0.02476000,1.24500000,0
1531219842691,1531219842683,3368520,0.02476300,0.36900000,0
1531219842691,1531219842683,3368521,0.02476600,0.04400000,0
1531219842691,1531219842683,3368522,0.02476900,0.07100000,0
1531219842691,1531219842683,3368523,0.02477100,0.04100000,0
1531219842691,1531219842683,3368524,0.02477300,0.31800000,0
1531219842691,1531219842683,3368525,0.02477900,0.22200000,0
1531219842720,1531219842715,3368526,0.02477900,1.72400000,0
1531219842808,1531219842802,3368527,0.02478000,0.05000000,0
1531219842808,1531219842802,3368528,0.02478400,0.04500000,0
1531219849057,1531219849052,3368529,0.02479200,0.00800000,1
1531219849057,1531219849052,3368530,0.02473200,0.01400000,1
1531219849088,1531219849077,3368531,0.02473200,0.02200000,1
1531219849129,1531219849124,3368532,0.02473200,0.02200000,1
1531219853092,1531219853088,3368533,0.02473200,0.14300000,1
1531219858300,1531219858296,3368534,0.02473200,0.12100000,1
1531219860245,1531219860241,3368535,0.02473200,0.00100000,1
1531219860245,1531219860241,3368536,0.02472900,0.06800000,1
1531219877078,1531219877074,3368537,0.02478500,0.49200000,0
1531219877078,1531219877074,3368538,0.02478800,11.39700000,0
1531219877078,1531219877074,3368539,0.02478900,7.36100000,0
1531219877387,1531219877382,3368540,0.02479200,0.08200000,0
1531219877399,1531219877393,3368541,0.02479200,0.08200000,0
1531219877430,1531219877423,3368542,0.02479200,0.08200000,0
1531219877440,1531219877435,3368543,0.02479200,0.08200000,0
1531219877470,1531219877465,3368544,0.02479200,0.12200000,0
1531219879418,1531219879412,3368545,0.02479100,0.15000000,0
1531219879418,1531219879412,3368546,0.02479200,13.48300000,0
1531219880392,1531219880388,3368547,0.02479200,0.15000000,0
1531219888456,1531219888450,3368548,0.02473900,0.02200000,1
1531219890150,1531219890146,3368549,0.02473900,0.01800000,1
1531219905605,1531219905599,3368550,0.02479200,0.00100000,0
1531219935647,1531219935643,3368551,0.02479100,1.21000000,0
1531219940885,1531219940881,3368552,0.02479100,0.95700000,0
1531219940916,1531219940911,3368553,0.02479100,0.92500000,0
1531219941078,1531219941073,3368554,0.02479100,0.28500000,0
1531219941078,1531219941073,3368555,0.02479200,0.86000000,0
1531219941097,1531219941092,3368556,0.02479200,0.10000000,0
1531219941175,1531219941171,3368557,0.02479200,17.94900000,0
1531219941286,1531219941280,3368558,0.02479600,0.08600000,0
1531219941286,1531219941280,3368559,0.02480000,0.06800000,0
1531219941286,1531219941280,3368560,0.02481000,0.09900000,0
1531219941286,1531219941280,3368561,0.02481100,0.04700000,0
1531219941286,1531219941280,3368562,0.02481300,0.20200000,0
1531219941286,1531219941280,3368563,0.02481700,0.25700000,0
1531219941286,1531219941280,3368564,0.02482300,0.06100000,0
1531219941286,1531219941280,3368565,0.02482400,0.00300000,0
1531219941286,1531219941280,3368566,0.02483900,0.32200000,0
1531219941341,1531219941335,3368567,0.02483900,0.08100000,0
1531219941341,1531219941335,3368568,0.02484400,0.04900000,0
1531219941341,1531219941335,3368569,0.02484700,0.68000000,0
1531219941341,1531219941335,3368570,0.02484800,0.08000000,0
1531219941341,1531219941335,3368571,0.02485000,0.03500000,0
1531219941692,1531219941687,3368572,0.02485000,0.22700000,0
1531219941692,1531219941687,3368573,0.02487300,0.04100000,0
1531219941723,1531219941718,3368574,0.02479200,0.42800000,1
1531219941798,1531219941793,3368575,0.02487300,0.04800000,0
1531219942103,1531219942099,3368576,0.02487300,0.26800000,0
1531219942202,1531219942197,3368577,0.02487300,0.04800000,0
1531219942507,1531219942502,3368578,0.02487300,0.26800000,0
1531219942663,1531219942659,3368579,0.02487200,0.04800000,0
1531219942913,1531219942907,3368580,0.02487200,0.10200000,0
1531219942913,1531219942907,3368581,0.02487300,0.15300000,0
1531219943207,1531219943197,3368582,0.02487300,0.10000000,0
1531219943341,1531219943336,3368583,0.02487300,0.04400000,0
1531219943341,1531219943336,3368584,0.02488300,0.21100000,0
1531219943583,1531219943579,3368585,0.02487300,0.15000000,0
1531219943725,1531219943720,3368586,0.02487300,0.19500000,0
1531219943978,1531219943975,3368587,0.02487300,0.22400000,0
1531219944170,1531219944165,3368588,0.02487300,0.22400000,0
1531219944348,1531219944344,3368589,0.02487300,0.19500000,0
1531219944501,1531219944496,3368590,0.02487300,3.89500000,0
1531219944501,1531219944496,3368591,0.02488300,0.89500000,0
1531219944517,1531219944512,3368592,0.02488300,0.19500000,0
1531219944794,1531219944789,3368593,0.02488200,0.60000000,0
1531219944794,1531219944789,3368594,0.02488300,1.67900000,0
1531219944794,1531219944789,3368595,0.02488400,2.16700000,0
1531219944794,1531219944789,3368596,0.02488500,0.31700000,0
1531219944794,1531219944789,3368597,0.02488700,0.02700000,0
1531219945007,1531219945004,3368598,0.02487300,1.69100000,1
1531219945046,1531219945044,3368599,0.02488700,0.32800000,0
1531219945046,1531219945044,3368600,0.02488900,0.05200000,0
1531219945159,1531219945155,3368601,0.02488400,0.29700000,1
1531219945459,1531219945454,3368602,0.02488900,0.08200000,0
1531219945459,1531219945454,3368603,0.02489200,0.29800000,0
1531219945486,1531219945479,3368604,0.02489200,0.03600000,0
1531219945486,1531219945479,3368605,0.02491800,0.04100000,0
1531219945486,1531219945479,3368606,0.02493800,0.38700000,0
1531219945486,1531219945479,3368607,0.02495200,0.33000000,0
1531219945486,1531219945479,3368608,0.02496700,0.79200000,0
1531219945486,1531219945479,3368609,0.02496800,0.04100000,0
1531219945486,1531219945479,3368610,0.02496900,3.16300000,0
1531219945580,1531219945575,3368611,0.02496900,0.08200000,0
1531219945590,1531219945584,3368612,0.02496900,0.08200000,0
1531219945632,1531219945628,3368613,0.02496900,0.08200000,0
1531219945650,1531219945646,3368614,0.02490700,0.08200000,0
1531219945664,1531219945659,3368615,0.02490700,0.08200000,0
1531219945684,1531219945680,3368616,0.02490700,0.08200000,0
1531219945709,1531219945704,3368617,0.02490700,0.10800000,0
1531219946050,1531219946046,3368618,0.02488400,0.61600000,1
1531219946313,1531219946309,3368619,0.02490100,0.26500000,0
1531219946313,1531219946309,3368620,0.02496800,4.52500000,0
1531219947630,1531219947624,3368621,0.02496700,4.79000000,0
1531219948313,1531219948309,3368622,0.02488400,0.56600000,1
1531219949774,1531219949768,3368623,0.02488400,0.05800000,1
1531219950433,1531219950427,3368624,0.02488500,0.01800000,1
1531219950568,1531219950564,3368625,0.02488500,0.01700000,1
1531219950583,1531219950579,3368626,0.02488500,0.02200000,1
1531219950607,1531219950601,3368627,0.02488500,0.02200000,1
1531219950645,1531219950641,3368628,0.02488500,0.02200000,1
1531219953802,1531219953797,3368629,0.02488500,0.95600000,1
1531219954167,1531219954164,3368630,0.02488400,0.02200000,1
1531219954514,1531219954510,3368631,0.02488500,0.18500000,0
1531219956516,1531219956511,3368632,0.02491200,1.20400000,0
1531219957019,1531219957014,3368633,0.02488400,0.75400000,1
1531219957019,1531219957014,3368634,0.02487300,0.79200000,1
1531219957314,1531219957309,3368635,0.02487300,0.06100000,1
1531219963995,1531219963989,3368636,0.02487300,0.05300000,1
1531219990551,1531219990545,3368637,0.02488000,0.13500000,1
1531219993050,1531219993045,3368638,0.02487300,0.00400000,1
1531220006700,1531220006696,3368639,0.02487300,0.02800000,1
1531220009339,1531220009333,3368640,0.02487300,0.05700000,1
1531220029205,1531220029200,3368641,0.02488900,0.77600000,1
1531220032090,1531220032086,3368642,0.02489000,0.10100000,1
1531220032733,1531220032726,3368643,0.02489000,0.20100000,1
