event_time,trade_time,trade_id,price,quantity,maker
1531210576045,1531210576040,1494119,0.00000702,156.00000000,0
1531210576241,1531210576235,1494120,0.00000702,4274.00000000,0
1531210576312,1531210576306,1494121,0.00000702,8308.00000000,0
1531210894352,1531210894347,1494122,0.00000704,155.00000000,0
1531211294205,1531211294200,1494123,0.00000701,1787.00000000,1
1531211294232,1531211294227,1494124,0.00000700,1429.00000000,1
1531211294257,1531211294248,1494125,0.00000700,9895.00000000,1
1531211294257,1531211294248,1494126,0.00000698,1158.00000000,1
1531211294257,1531211294248,1494127,0.00000697,7259.00000000,1
1531211294257,1531211294248,1494128,0.00000696,22286.00000000,1
1531211294257,1531211294248,1494129,0.00000695,8566.00000000,1
1531211294257,1531211294248,1494130,0.00000694,1429.00000000,1
1531211294324,1531211294319,1494131,0.00000694,2000.00000000,1
1531211295010,1531211295005,1494132,0.00000696,5000.00000000,0
1531211295010,1531211295005,1494133,0.00000697,3065.00000000,0
1531211295010,1531211295005,1494134,0.00000699,1175.00000000,0
1531211295133,1531211295127,1494135,0.00000695,940.00000000,0
1531211295148,1531211295144,1494136,0.00000695,398.00000000,0
1531211295183,1531211295178,1494137,0.00000695,394.00000000,0
1531211295227,1531211295222,1494138,0.00000695,399.00000000,0
1531211296817,1531211296818,1494139,0.00000695,5450.00000000,0
1531211301310,1531211301306,1494140,0.00000695,7100.00000000,0
1531211301890,1531211301885,1494141,0.00000694,8308.00000000,1
1531211303076,1531211303076,1494142,0.00000695,5330.00000000,0
1531211304687,1531211304681,1494143,0.00000695,630.00000000,0
1531211304687,1531211304681,1494144,0.00000696,4123.00000000,0
1531211304687,1531211304681,1494145,0.00000698,577.00000000,0
1531211306161,1531211306156,1494146,0.00000698,103.00000000,0
1531211306270,1531211306265,1494147,0.00000698,35.00000000,0
1531211306354,1531211306349,1494148,0.00000698,85.00000000,0
1531211313600,1531211313596,1494149,0.00000697,44.00000000,0
1531211313663,1531211313659,1494150,0.00000697,40.00000000,0
1531211313720,1531211313715,1494151,0.00000697,132.00000000,0
1531211313772,1531211313766,1494152,0.00000697,45.00000000,0
1531211314002,1531211313997,1494153,0.00000695,36.00000000,0
1531211314164,1531211314157,1494154,0.00000695,151.00000000,0
1531211314215,1531211314212,1494155,0.00000695,36.00000000,0
1531211314261,1531211314256,1494156,0.00000695,45.00000000,0
1531211314315,1531211314310,1494157,0.00000695,53.00000000,0
1531211314380,1531211314375,1494158,0.00000695,43.00000000,0
1531211314449,1531211314444,1494159,0.00000695,55.00000000,0
1531211314573,1531211314568,1494160,0.00000695,40.00000000,0
1531211314666,1531211314662,1494161,0.00000695,45.00000000,0
1531211314786,1531211314781,1494162,0.00000695,40.00000000,0
1531211314839,1531211314834,1494163,0.00000695,43.00000000,0
1531211314895,1531211314890,1494164,0.00000695,39.00000000,0
1531211314895,1531211314890,1494165,0.00000697,6.00000000,0
1531211314955,1531211314951,1494166,0.00000697,97.00000000,0
1531211315008,1531211315003,1494167,0.00000697,51.00000000,0
1531211315130,1531211315127,1494168,0.00000697,93.00000000,0
1531211315182,1531211315176,1494169,0.00000697,87.00000000,0
1531211315230,1531211315224,1494170,0.00000697,21.00000000,0
1531211315230,1531211315224,1494171,0.00000698,30.00000000,0
1531211315318,1531211315313,1494172,0.00000698,91.00000000,0
1531211315382,1531211315377,1494173,0.00000698,31.00000000,0
1531211315434,1531211315429,1494174,0.00000698,52.00000000,0
1531211315653,1531211315649,1494175,0.00000698,97.00000000,0
1531211315816,1531211315812,1494176,0.00000698,99.00000000,0
1531211315893,1531211315889,1494177,0.00000698,40.00000000,0
1531211315947,1531211315942,1494178,0.00000698,44.00000000,0
1531211315983,1531211315978,1494179,0.00000698,48.00000000,0
1531211316016,1531211316010,1494180,0.00000698,53.00000000,0
1531211316043,1531211316038,1494181,0.00000698,40.00000000,0
1531211316080,1531211316074,1494182,0.00000698,43.00000000,0
1531211316148,1531211316142,1494183,0.00000698,36.00000000,0
1531211316170,1531211316165,1494184,0.00000698,50.00000000,0
1531211316291,1531211316286,1494185,0.00000698,35.00000000,0
1531211316413,1531211316409,1494186,0.00000698,45.00000000,0
1531211344489,1531211344484,1494187,0.00000694,146.00000000,1
1531211344731,1531211344728,1494188,0.00000694,367.00000000,1
1531211352755,1531211352751,1494189,0.00000697,144.00000000,0
1531211381543,1531211381538,1494190,0.00000695,41.00000000,0
1531211383631,1531211383627,1494191,0.00000694,518.00000000,1
1531211384499,1531211384499,1494192,0.00000694,845.00000000,1
1531211425539,1531211425534,1494193,0.00000693,572.00000000,1
1531211425594,1531211425592,1494194,0.00000693,586.00000000,1
1531211431271,1531211431265,1494195,0.00000696,157.00000000,0
1531211444836,1531211444831,1494196,0.00000693,277.00000000,1
1531211517197,1531211517193,1494197,0.00000696,157.00000000,0
1531211520207,1531211520202,1494198,0.00000696,157.00000000,0
1531211530938,1531211530933,1494199,0.00000696,940.00000000,0
1531211580967,1531211580961,1494200,0.00000697,1609.00000000,0
1531211910504,1531211910499,1494201,0.00000697,1434.00000000,0
1531212253458,1531212253452,1494202,0.00000693,1858.00000000,1
1531212430951,1531212430945,1494203,0.00000693,160.00000000,1
1531212691426,1531212691422,1494204,0.00000697,717.00000000,0
1531212702350,1531212702344,1494205,0.00000697,5455.00000000,0
1531212702350,1531212702344,1494206,0.00000698,35.00000000,0
1531212822169,1531212822164,1494207,0.00000698,8.00000000,0
1531212978215,1531212978211,1494208,0.00000700,962.00000000,0
1531213128179,1531213128174,1494209,0.00000698,125.00000000,1
1531213147121,1531213147116,1494210,0.00000696,157.00000000,1
1531213336429,1531213336425,1494211,0.00000701,7.00000000,0
1531213710803,1531213710799,1494212,0.00000698,9710.00000000,1
1531213727477,1531213727473,1494213,0.00000697,10000.00000000,1
1531213732700,1531213732697,1494214,0.00000695,40.00000000,1
1531213733149,1531213733145,1494215,0.00000695,50.00000000,1
1531213733651,1531213733647,1494216,0.00000695,35.00000000,1
1531213734738,1531213734733,1494217,0.00000695,32.00000000,1
1531213735233,1531213735227,1494218,0.00000695,38.00000000,1
1531213735319,1531213735316,1494219,0.00000695,43.00000000,1
1531213735966,1531213735960,1494220,0.00000695,43.00000000,1
1531213736529,1531213736524,1494221,0.00000695,52.00000000,1
1531213736997,1531213736992,1494222,0.00000695,45.00000000,1
1531213737673,1531213737669,1494223,0.00000695,53.00000000,1
1531213738236,1531213738231,1494224,0.00000695,45.00000000,1
1531213738671,1531213738667,1494225,0.00000695,45.00000000,1
1531213739349,1531213739344,1494226,0.00000695,48.00000000,1
1531213739895,1531213739891,1494227,0.00000695,53.00000000,1
1531213740425,1531213740420,1494228,0.00000695,36.00000000,1
1531213741241,1531213741236,1494229,0.00000695,47.00000000,1
1531213741574,1531213741570,1494230,0.00000695,52.00000000,1
1531213742372,1531213742368,1494231,0.00000695,51.00000000,1
1531213742849,1531213742844,1494232,0.00000695,55.00000000,1
1531213743479,1531213743473,1494233,0.00000695,38.00000000,1
1531213744203,1531213744199,1494234,0.00000695,45.00000000,1
1531213744868,1531213744865,1494235,0.00000695,53.00000000,1
1531213745507,1531213745501,1494236,0.00000695,93.00000000,1
1531213745996,1531213745992,1494237,0.00000695,50.00000000,1
1531213746503,1531213746499,1494238,0.00000695,44.00000000,1
1531213746503,1531213746499,1494239,0.00000694,1.00000000,1
1531213747081,1531213747076,1494240,0.00000694,40.00000000,1
1531213747493,1531213747489,1494241,0.00000694,35.00000000,1
1531213748071,1531213748066,1494242,0.00000694,91.00000000,1
1531213749087,1531213749081,1494243,0.00000694,99.00000000,1
1531213749665,1531213749662,1494244,0.00000694,35.00000000,1
1531213749878,1531213749872,1494245,0.00000694,50.00000000,1
1531213749878,1531213749872,1494246,0.00000693,145.00000000,1
1531213749878,1531213749872,1494247,0.00000692,43.00000000,1
1531213749916,1531213749913,1494248,0.00000693,45.00000000,1
1531213750464,1531213750457,1494249,0.00000692,102.00000000,1
1531213750464,1531213750457,1494250,0.00000691,1.00000000,1
1531213750465,1531213750457,1494251,0.00000691,10249.00000000,1
1531213750909,1531213750904,1494252,0.00000692,45.00000000,1
1531213751356,1531213751351,1494253,0.00000692,40.00000000,1
1531213751739,1531213751734,1494254,0.00000692,35.00000000,1
1531213751741,1531213751736,1494255,0.00000692,6.00000000,1
1531213752225,1531213752221,1494256,0.00000692,50.00000000,1
1531213752718,1531213752714,1494257,0.00000692,36.00000000,1
1531213753199,1531213753195,1494258,0.00000692,43.00000000,1
1531213756695,1531213756689,1494259,0.00000693,1105.00000000,0
1531213759577,1531213759571,1494260,0.00000692,184.00000000,0
1531213760542,1531213760537,1494261,0.00000690,456.00000000,1
1531213760543,1531213760537,1494262,0.00000689,1160.00000000,1
1531213760543,1531213760537,1494263,0.00000688,1885.00000000,1
1531213760544,1531213760537,1494264,0.00000688,1000.00000000,1
1531213760544,1531213760537,1494265,0.00000688,650.00000000,1
1531213760546,1531213760537,1494266,0.00000688,1555.00000000,1
1531213760546,1531213760537,1494267,0.00000687,713.00000000,1
1531213760557,1531213760552,1494268,0.00000687,2095.00000000,0
1531213760557,1531213760552,1494269,0.00000687,292.00000000,0
1531213760557,1531213760552,1494270,0.00000690,1803.00000000,0
1531213760560,1531213760556,1494271,0.00000690,292.00000000,0
1531213760579,1531213760574,1494272,0.00000692,1854.00000000,1
1531213760579,1531213760574,1494273,0.00000690,533.00000000,1
1531213763308,1531213763303,1494274,0.00000693,2.00000000,0
1531213763308,1531213763303,1494275,0.00000694,610.00000000,0
1531213768678,1531213768673,1494276,0.00000694,344.00000000,0
1531213782387,1531213782384,1494277,0.00000692,1302.00000000,1
1531213797745,1531213797739,1494278,0.00000690,151.00000000,1
1531213798265,1531213798260,1494279,0.00000690,36.00000000,1
1531213798752,1531213798748,1494280,0.00000690,97.00000000,1
1531213799245,1531213799241,1494281,0.00000690,47.00000000,1
1531213799881,1531213799877,1494282,0.00000690,93.00000000,1
1531213800274,1531213800269,1494283,0.00000690,40.00000000,1
1531213800552,1531213800548,1494284,0.00000690,87.00000000,1
1531213800975,1531213800970,1494285,0.00000690,140.00000000,1
1531213801474,1531213801468,1494286,0.00000690,40.00000000,1
1531213802246,1531213802242,1494287,0.00000690,51.00000000,1
1531213802534,1531213802530,1494288,0.00000691,30.00000000,1
1531213803321,1531213803315,1494289,0.00000691,78.00000000,1
1531213803644,1531213803640,1494290,0.00000691,52.00000000,1
1531213804158,1531213804153,1494291,0.00000691,51.00000000,1
1531213804679,1531213804674,1494292,0.00000691,110.00000000,1
1531213805137,1531213805133,1494293,0.00000691,31.00000000,1
1531213805586,1531213805583,1494294,0.00000691,45.00000000,1
1531213806046,1531213806041,1494295,0.00000691,85.00000000,1
1531213806460,1531213806456,1494296,0.00000691,44.00000000,1
1531213806986,1531213806982,1494297,0.00000691,44.00000000,1
1531213807402,1531213807398,1494298,0.00000691,45.00000000,1
1531213807742,1531213807737,1494299,0.00000691,42.00000000,1
1531213808325,1531213808320,1494300,0.00000691,103.00000000,1
1531213808804,1531213808800,1494301,0.00000691,134.00000000,1
1531213809321,1531213809316,1494302,0.00000691,45.00000000,1
1531213809796,1531213809792,1494303,0.00000691,147.00000000,1
1531213809803,1531213809800,1494304,0.00000691,369.00000000,1
1531213809937,1531213809933,1494305,0.00000691,97.00000000,1
1531213810162,1531213810159,1494306,0.00000691,51.00000000,1
1531213821590,1531213821584,1494307,0.00000694,5.00000000,0
1531213865681,1531213865677,1494308,0.00000693,1024.00000000,0
1531213867060,1531213867055,1494309,0.00000693,1.00000000,0
1531213867060,1531213867055,1494310,0.00000694,21.00000000,0
1531213925427,1531213925422,1494311,0.00000694,472.00000000,0
1531213925427,1531213925422,1494312,0.00000696,8208.00000000,0
1531213949904,1531213949894,1494313,0.00000693,167.00000000,0
1531213949904,1531213949894,1494314,0.00000694,524.00000000,0
1531213955057,1531213955053,1494315,0.00000694,1231.00000000,0
1531213999051,1531213999047,1494316,0.00000694,197.00000000,0
1531213999051,1531213999047,1494317,0.00000695,621.00000000,0
1531214003509,1531214003505,1494318,0.00000695,460.00000000,0
1531214014055,1531214014052,1494319,0.00000695,671.00000000,0
1531214033395,1531214033391,1494320,0.00000695,247.00000000,1
1531214036725,1531214036722,1494321,0.00000695,82.00000000,1
1531214036725,1531214036722,1494322,0.00000693,4090.00000000,1
1531214089779,1531214089775,1494323,0.00000692,722.00000000,1
1531214125191,1531214125187,1494324,0.00000696,4000.00000000,0
1531214137231,1531214137226,1494325,0.00000696,90.00000000,0
1531214137231,1531214137226,1494326,0.00000697,7910.00000000,0
1531214177416,1531214177412,1494327,0.00000697,460.00000000,0
1531214362951,1531214362946,1494328,0.00000697,459.00000000,0
1531214400409,1531214400404,1494329,0.00000693,644.00000000,1
1531214475348,1531214475345,1494330,0.00000693,9864.00000000,1
1531214475363,1531214475358,1494331,0.00000693,5266.00000000,0
1531214479632,1531214479627,1494332,0.00000697,10500.00000000,0
1531214795528,1531214795525,1494333,0.00000694,1186.00000000,1
1531214795864,1531214795858,1494334,0.00000697,8.00000000,0
1531214795864,1531214795858,1494335,0.00000698,316.00000000,0
1531214795864,1531214795858,1494336,0.00000700,2265.00000000,0
1531214799719,1531214799716,1494337,0.00000700,2589.00000000,0
1531214803510,1531214803505,1494338,0.00000700,1092.00000000,0
1531214816192,1531214816188,1494339,0.00000695,5000.00000000,1
1531214992822,1531214992818,1494340,0.00000698,1939.00000000,0
1531214996981,1531214996978,1494341,0.00000698,1454.00000000,0
1531215016351,1531215016347,1494342,0.00000698,613.00000000,0
1531215020815,1531215020810,1494343,0.00000698,460.00000000,0
1531215133844,1531215133839,1494344,0.00000698,534.00000000,0
1531215133844,1531215133839,1494345,0.00000700,385.00000000,0
1531215138320,1531215138316,1494346,0.00000700,517.00000000,0
1531215144261,1531215144256,1494347,0.00000700,343.00000000,0
1531215208119,1531215208116,1494348,0.00000695,2500.00000000,1
1531215239552,1531215239549,1494349,0.00000700,1447.00000000,0
1531215244549,1531215244546,1494350,0.00000700,611.00000000,0
1531215247988,1531215247983,1494351,0.00000700,343.00000000,0
1531215256393,1531215256388,1494352,0.00000699,9842.00000000,0
1531215256393,1531215256388,1494353,0.00000700,528.00000000,0
1531215616711,1531215616707,1494354,0.00000702,693.00000000,0
1531215620989,1531215620984,1494355,0.00000702,520.00000000,0
1531215636742,1531215636739,1494356,0.00000702,925.00000000,0
1531215641265,1531215641260,1494357,0.00000702,1644.00000000,0
1531215646409,1531215646405,1494358,0.00000702,925.00000000,0
1531215663675,1531215663670,1494359,0.00000695,11770.00000000,1
1531215666873,1531215666867,1494360,0.00000694,8208.00000000,1
1531215666983,1531215666979,1494361,0.00000694,7840.00000000,0
1531215668416,1531215668411,1494362,0.00000694,10.00000000,0
1531215668416,1531215668411,1494363,0.00000697,304.00000000,0
1531215677145,1531215677140,1494364,0.00000695,157.00000000,0
1531215686325,1531215686321,1494365,0.00000695,463.00000000,0
1531215701080,1531215701074,1494366,0.00000695,214.00000000,0
1531215701080,1531215701074,1494367,0.00000696,256.00000000,0
1531215701080,1531215701074,1494368,0.00000700,4755.00000000,0
1531215705154,1531215705150,1494369,0.00000700,2939.00000000,0
1531215709730,1531215709727,1494370,0.00000700,1653.00000000,0
1531215740439,1531215740435,1494371,0.00000696,8202.00000000,1
1531215751959,1531215751954,1494372,0.00000695,1380.00000000,1
1531215751959,1531215751954,1494373,0.00000693,4370.00000000,1
1531215752546,1531215752543,1494374,0.00000696,157.00000000,0
1531215761649,1531215761645,1494375,0.00000695,3666.00000000,0
1531215763550,1531215763547,1494376,0.00000697,1380.00000000,0
1531215978969,1531215978964,1494377,0.00000698,1476.00000000,0
1531216011562,1531216011555,1494378,0.00000697,575.00000000,1
1531216240694,1531216240689,1494379,0.00000697,157.00000000,0
1531216246819,1531216246815,1494380,0.00000691,5.00000000,1
1531216256769,1531216256766,1494381,0.00000697,157.00000000,0
1531216281165,1531216281162,1494382,0.00000697,157.00000000,0
1531216305205,1531216305200,1494383,0.00000697,157.00000000,0
1531216344087,1531216344083,1494384,0.00000697,157.00000000,0
1531216353190,1531216353184,1494385,0.00000697,157.00000000,0
1531216438068,1531216438065,1494386,0.00000697,314.00000000,0
1531216458512,1531216458506,1494387,0.00000697,157.00000000,0
1531216478074,1531216478067,1494388,0.00000697,157.00000000,0
1531216584199,1531216584192,1494389,0.00000691,849.00000000,1
1531216584199,1531216584192,1494390,0.00000690,2149.00000000,1
1531216584199,1531216584192,1494391,0.00000689,3521.00000000,1
1531216584199,1531216584192,1494392,0.00000688,23415.00000000,1
1531216584199,1531216584192,1494393,0.00000687,14138.00000000,1
1531216584639,1531216584634,1494394,0.00000690,5686.00000000,1
1531216584723,1531216584718,1494395,0.00000690,7925.00000000,1
1531216586369,1531216586365,1494396,0.00000692,854.00000000,0
1531216586864,1531216586860,1494397,0.00000693,314.00000000,0
1531216587072,1531216587066,1494398,0.00000693,250.00000000,0
1531216587072,1531216587066,1494399,0.00000696,1274.00000000,0
1531216587072,1531216587066,1494400,0.00000697,2008.00000000,0
1531216588247,1531216588243,1494401,0.00000695,614.00000000,0
1531216590089,1531216590084,1494402,0.00000694,157.00000000,0
1531216608588,1531216608584,1494403,0.00000694,752.00000000,0
1531216610081,1531216610077,1494404,0.00000694,157.00000000,0
1531216614142,1531216614138,1494405,0.00000694,653.00000000,0
1531216618677,1531216618673,1494406,0.00000694,6240.00000000,0
1531216623991,1531216623987,1494407,0.00000693,159.00000000,0
1531216627888,1531216627885,1494408,0.00000693,755.00000000,0
1531216633153,1531216633149,1494409,0.00000693,157.00000000,0
1531216634143,1531216634138,1494410,0.00000694,3990.00000000,0
1531216638035,1531216638031,1494411,0.00000691,147.00000000,1
1531216656090,1531216656086,1494412,0.00000693,157.00000000,0
1531216659162,1531216659159,1494413,0.00000691,369.00000000,1
1531216661245,1531216661242,1494414,0.00000693,3510.00000000,0
1531216666685,1531216666680,1494415,0.00000692,2892.00000000,0
1531216669689,1531216669684,1494416,0.00000692,369.00000000,0
1531216671127,1531216671123,1494417,0.00000693,2632.00000000,0
1531216692067,1531216692063,1494418,0.00000693,578.00000000,0
1531216695453,1531216695448,1494419,0.00000693,778.00000000,0
1531216700103,1531216700097,1494420,0.00000693,158.00000000,0
1531216701073,1531216701069,1494421,0.00000694,3010.00000000,0
1531216816053,1531216816050,1494422,0.00000692,3550.00000000,1
1531216821051,1531216821047,1494423,0.00000696,1481.00000000,0
1531217004453,1531217004448,1494424,0.00000696,2.00000000,0
1531217058407,1531217058403,1494425,0.00000696,316.00000000,0
1531217113697,1531217113692,1494426,0.00000696,178.00000000,0
1531217118382,1531217118378,1494427,0.00000696,1321.00000000,0
1531217132231,1531217132225,1494428,0.00000696,252.00000000,0
1531217140945,1531217140941,1494429,0.00000697,250.00000000,0
1531217141009,1531217141005,1494430,0.00000697,250.00000000,0
1531217518781,1531217518776,1494431,0.00000692,1.00000000,1
1531217608630,1531217608626,1494432,0.00000694,6152.00000000,0
1531217609169,1531217609163,1494433,0.00000694,1538.00000000,0
1531217609169,1531217609163,1494434,0.00000695,11459.00000000,0
1531217610057,1531217610053,1494435,0.00000695,356.00000000,0
1531217800863,1531217800858,1494436,0.00000690,4719.00000000,1
1531217902110,1531217902102,1494437,0.00000690,6136.00000000,1
1531217902110,1531217902102,1494438,0.00000688,1117.00000000,1
1531217902110,1531217902102,1494439,0.00000687,1698.00000000,1
1531217902110,1531217902102,1494440,0.00000686,2499.00000000,1
1531217902110,1531217902102,1494441,0.00000685,10491.00000000,1
1531217902110,1531217902102,1494442,0.00000684,8543.00000000,1
1531217902110,1531217902102,1494443,0.00000683,277.00000000,1
1531217902703,1531217902700,1494444,0.00000685,807.00000000,1
1531217902727,1531217902724,1494445,0.00000687,4589.00000000,0
1531217902928,1531217902923,1494446,0.00000687,2750.00000000,0
1531217902995,1531217902991,1494447,0.00000687,688.00000000,0
1531217903180,1531217903175,1494448,0.00000690,856.00000000,0
1531217903180,1531217903175,1494449,0.00000691,440.00000000,0
1531217903256,1531217903250,1494450,0.00000691,126.00000000,0
1531217903256,1531217903250,1494451,0.00000692,1702.00000000,0
1531217903256,1531217903250,1494452,0.00000693,10604.00000000,0
1531217903256,1531217903250,1494453,0.00000694,159.00000000,0
1531217903256,1531217903250,1494454,0.00000696,1137.00000000,0
1531217903377,1531217903372,1494455,0.00000688,9.00000000,0
1531217903739,1531217903735,1494456,0.00000688,718.00000000,0
1531217903739,1531217903735,1494457,0.00000692,320.00000000,0
1531217904918,1531217904914,1494458,0.00000693,305.00000000,1
1531217911616,1531217911611,1494459,0.00000693,851.00000000,1
1531217911616,1531217911611,1494460,0.00000692,740.00000000,1
1531217911616,1531217911611,1494461,0.00000690,1266.00000000,1
1531217952029,1531217952024,1494462,0.00000691,369.00000000,1
1531217952442,1531217952438,1494463,0.00000691,147.00000000,1
1531217960036,1531217960032,1494464,0.00000695,144.00000000,0
1531217987728,1531217987723,1494465,0.00000694,784.00000000,0
1531217996842,1531217996838,1494466,0.00000694,1559.00000000,0
1531218029193,1531218029188,1494467,0.00000691,220.00000000,1
1531218034325,1531218034320,1494468,0.00000693,220.00000000,0
1531218075497,1531218075492,1494469,0.00000693,388.00000000,0
1531218076145,1531218076139,1494470,0.00000693,27055.00000000,0
1531218076145,1531218076139,1494471,0.00000695,388.00000000,0
1531218274082,1531218274077,1494472,0.00000695,117.00000000,0
1531218428194,1531218428190,1494473,0.00000695,157.00000000,0
1531218457205,1531218457199,1494474,0.00000695,158.00000000,0
1531218478173,1531218478168,1494475,0.00000695,157.00000000,0
1531218505074,1531218505069,1494476,0.00000695,158.00000000,0
1531218528220,1531218528217,1494477,0.00000695,158.00000000,0
1531218549195,1531218549191,1494478,0.00000695,157.00000000,0
1531218561575,1531218561572,1494479,0.00000695,5000.00000000,0
1531218570180,1531218570174,1494480,0.00000695,158.00000000,0
1531218665965,1531218665960,1494481,0.00000695,1199.00000000,0
1531218665996,1531218665992,1494482,0.00000695,157.00000000,0
1531218666241,1531218666236,1494483,0.00000695,569.00000000,0
1531218692399,1531218692394,1494484,0.00000695,769.00000000,0
1531218692399,1531218692394,1494485,0.00000696,149.00000000,0
1531218719588,1531218719583,1494486,0.00000696,1.00000000,0
1531218786810,1531218786804,1494487,0.00000696,98.00000000,0
1531218786810,1531218786804,1494488,0.00000698,2583.00000000,0
1531218891904,1531218891899,1494489,0.00000698,568.00000000,1
1531219383153,1531219383148,1494490,0.00000700,156.00000000,0
1531219461706,1531219461700,1494491,0.00000700,660.00000000,0
1531219461706,1531219461700,1494492,0.00000701,768.00000000,0
1531219552696,1531219552691,1494493,0.00000698,2042.00000000,1
1531219552696,1531219552691,1494494,0.00000696,17657.00000000,1
1531219552696,1531219552691,1494495,0.00000694,4037.00000000,1
1531219585124,1531219585118,1494496,0.00000701,82.00000000,0
1531219585124,1531219585118,1494497,0.00000702,74.00000000,0
1531219710858,1531219710853,1494498,0.00000700,5000.00000000,1
1531220025267,1531220025261,1494499,0.00000701,153.00000000,0
1531220176919,1531220176913,1494500,0.00000694,275.00000000,1
1531220242196,1531220242190,1494501,0.00000694,2639.00000000,1
1531220242196,1531220242190,1494502,0.00000693,7361.00000000,1
1531220246981,1531220246977,1494503,0.00000696,816.00000000,0
1531220293777,1531220293772,1494504,0.00000692,1168.00000000,1
1531220293777,1531220293772,1494505,0.00000691,8444.00000000,1
1531220293793,1531220293788,1494506,0.00000691,388.00000000,0
1531220293817,1531220293816,1494507,0.00000696,388.00000000,0
1531220294695,1531220294690,1494508,0.00000695,8250.00000000,0
1531220317181,1531220317175,1494509,0.00000694,930.00000000,0
1531220317224,1531220317220,1494510,0.00000694,5400.00000000,0
1531220319050,1531220319045,1494511,0.00000694,145.00000000,0
1531220324832,1531220324826,1494512,0.00000694,477.00000000,1
1531220346481,1531220346474,1494513,0.00000693,159.00000000,0
1531220346481,1531220346474,1494514,0.00000694,84.00000000,0
1531220357492,1531220357489,1494515,0.00000692,146.00000000,0
1531220358383,1531220358377,1494516,0.00000695,300.00000000,0
1531220361140,1531220361134,1494517,0.00000695,157.00000000,0
1531220384475,1531220384470,1494518,0.00000695,123.00000000,0
1531220386698,1531220386693,1494519,0.00000700,612.00000000,0
1531220406622,1531220406617,1494520,0.00000696,8788.00000000,1
1531220406622,1531220406617,1494521,0.00000695,579.00000000,1
1531220406622,1531220406617,1494522,0.00000694,30633.00000000,1
1531220434127,1531220434122,1494523,0.00000699,156.00000000,0
1531220456860,1531220456851,1494524,0.00000696,158.00000000,0
1531220494447,1531220494440,1494525,0.00000694,711.00000000,1
1531220494447,1531220494440,1494526,0.00000693,19131.00000000,1
1531220555803,1531220555795,1494527,0.00000694,5000.00000000,1
1531220555803,1531220555795,1494528,0.00000693,17547.00000000,1
1531220555803,1531220555795,1494529,0.00000692,9242.00000000,1
1531220555823,1531220555819,1494530,0.00000692,7547.00000000,0
1531220555835,1531220555831,1494531,0.00000692,664.00000000,0
1531220555846,1531220555841,1494532,0.00000699,8211.00000000,0
1531220555949,1531220555946,1494533,0.00000694,3932.00000000,1
1531220555951,1531220555948,1494534,0.00000692,3932.00000000,1
1531220573096,1531220573091,1494535,0.00000695,157.00000000,0
1531220573814,1531220573807,1494536,0.00000694,579.00000000,0
1531220573814,1531220573807,1494537,0.00000695,525.00000000,0
1531220585073,1531220585066,1494538,0.00000695,5000.00000000,0
1531220588126,1531220588121,1494539,0.00000695,2.00000000,0
1531220595524,1531220595516,1494540,0.00000695,739.00000000,0
1531220595524,1531220595516,1494541,0.00000696,89.00000000,0
1531220599170,1531220599165,1494542,0.00000696,157.00000000,0
1531220600988,1531220600983,1494543,0.00000696,3496.00000000,0
1531220605364,1531220605356,1494544,0.00000696,2622.00000000,0
1531220610879,1531220610874,1494545,0.00000694,702.00000000,1
1531220612596,1531220612593,1494546,0.00000694,300.00000000,1
1531220613318,1531220613313,1494547,0.00000694,612.00000000,1
1531220617894,1531220617889,1494548,0.00000696,144.00000000,0
1531220638903,1531220638898,1494549,0.00000692,146.00000000,1
1531220678176,1531220678171,1494550,0.00000695,146.00000000,0
1531220678176,1531220678171,1494551,0.00000696,11.00000000,0
1531220704930,1531220704924,1494552,0.00000696,2622.00000000,0
1531220708975,1531220708970,1494553,0.00000696,1474.00000000,0
1531220713017,1531220713013,1494554,0.00000696,1106.00000000,0
1531220732542,1531220732538,1494555,0.00000695,622.00000000,0
1531220739467,1531220739462,1494556,0.00000695,1966.00000000,0
1531220745421,1531220745416,1494557,0.00000695,2.00000000,0
1531220746141,1531220746135,1494558,0.00000695,4653.00000000,0
1531220746141,1531220746135,1494559,0.00000696,7.00000000,0
1531220768654,1531220768650,1494560,0.00000696,2621.00000000,0
1531220772032,1531220772026,1494561,0.00000696,1106.00000000,0
1531220773318,1531220773314,1494562,0.00000696,1538.00000000,0
1531220820046,1531220820042,1494563,0.00000699,449.00000000,0
1531220848943,1531220848938,1494564,0.00000700,1067.00000000,0
1531220875863,1531220875859,1494565,0.00000701,274.00000000,0
1531220889937,1531220889932,1494566,0.00000701,857.00000000,1
1531220904919,1531220904913,1494567,0.00000702,565.00000000,0
1531221123925,1531221123919,1494568,0.00000700,1114.00000000,0
1531221193254,1531221193249,1494569,0.00000699,540.00000000,1
1531221193254,1531221193249,1494570,0.00000698,4130.00000000,1
1531221233124,1531221233118,1494571,0.00000700,156.00000000,0
1531221241207,1531221241203,1494572,0.00000700,575.00000000,0
1531221286630,1531221286625,1494573,0.00000702,5473.00000000,0
1531221319153,1531221319149,1494574,0.00000702,3545.00000000,0
1531221373559,1531221373554,1494575,0.00000702,1424.00000000,0
1531221396626,1531221396621,1494576,0.00000698,11621.00000000,1
1531221524211,1531221524206,1494577,0.00000699,156.00000000,0
1531221545102,1531221545097,1494578,0.00000699,156.00000000,0
1531221567071,1531221567065,1494579,0.00000702,156.00000000,0
1531221580360,1531221580355,1494580,0.00000701,2516.00000000,0
1531221612056,1531221612054,1494581,0.00000701,1004.00000000,0
1531221722165,1531221722161,1494582,0.00000699,156.00000000,0
1531221745095,1531221745091,1494583,0.00000699,156.00000000,0
1531221766066,1531221766061,1494584,0.00000698,157.00000000,0
1531221790189,1531221790185,1494585,0.00000698,1005.00000000,0
1531221790215,1531221790210,1494586,0.00000698,5445.00000000,0
1531221790215,1531221790210,1494587,0.00000699,1005.00000000,0
1531221791111,1531221791106,1494588,0.00000699,2938.00000000,0
1531221791111,1531221791106,1494589,0.00000700,2507.00000000,0
1531221822668,1531221822663,1494590,0.00000700,1428.00000000,0
1531221859447,1531221859443,1494591,0.00000700,8251.00000000,0
1531221863417,1531221863413,1494592,0.00000700,4641.00000000,0
1531221867408,1531221867404,1494593,0.00000700,1958.00000000,0
1531221868196,1531221868191,1494594,0.00000700,3062.00000000,0
1531221868233,1531221868228,1494595,0.00000700,1169.00000000,1
1531221953674,1531221953670,1494596,0.00000698,5000.00000000,1
1531222164898,1531222164894,1494597,0.00000698,998.00000000,1
1531222291399,1531222291394,1494598,0.00000700,2858.00000000,1
1531222291411,1531222291406,1494599,0.00000698,2858.00000000,1
1531222398156,1531222398151,1494600,0.00000703,155.00000000,0
1531222420669,1531222420664,1494601,0.00000703,8304.00000000,0
1531222420669,1531222420664,1494602,0.00000704,865.00000000,0
1531222420669,1531222420664,1494603,0.00000705,441.00000000,0
1531222420669,1531222420664,1494604,0.00000707,3428.00000000,0
1531222548965,1531222548961,1494605,0.00000702,2848.00000000,1
1531222549277,1531222549273,1494606,0.00000703,10750.00000000,1
1531222549277,1531222549273,1494607,0.00000702,15.00000000,1
1531222561360,1531222561356,1494608,0.00000702,2000.00000000,1
1531222730600,1531222730596,1494609,0.00000700,521.00000000,1
1531222734673,1531222734669,1494610,0.00000700,190.00000000,1
1531222735581,1531222735578,1494611,0.00000700,520.00000000,0
1531222735965,1531222735962,1494612,0.00000700,520.00000000,0
1531222755174,1531222755173,1494613,0.00000700,519.00000000,0
1531222756175,1531222756172,1494614,0.00000700,519.00000000,0
1531222800489,1531222800486,1494615,0.00000700,285.00000000,0
1531222833379,1531222833375,1494616,0.00000698,117.00000000,1
1531222839062,1531222839061,1494617,0.00000700,635.00000000,0
1531222839945,1531222839942,1494618,0.00000700,635.00000000,0
1531222877759,1531222877755,1494619,0.00000698,4088.00000000,1
1531222894888,1531222894884,1494620,0.00000696,287.00000000,1
1531222916815,1531222916811,1494621,0.00000696,241.00000000,0
1531222919154,1531222919150,1494622,0.00000695,4345.00000000,1
1531222932202,1531222932199,1494623,0.00000696,464.00000000,0
1531222932916,1531222932913,1494624,0.00000696,464.00000000,0
1531222963881,1531222963877,1494625,0.00000695,5652.00000000,1
1531222964247,1531222964243,1494626,0.00000694,198.00000000,1
1531222964247,1531222964243,1494627,0.00000693,907.00000000,1
1531222964247,1531222964243,1494628,0.00000692,304.00000000,1
1531222964247,1531222964243,1494629,0.00000691,228.00000000,1
1531223024010,1531223024008,1494630,0.00000692,146.00000000,1
1531223030919,1531223030916,1494631,0.00000692,1000.00000000,1
1531223108165,1531223108161,1494632,0.00000692,1184.00000000,1
1531223108195,1531223108191,1494633,0.00000692,8213.00000000,0
1531223279421,1531223279417,1494634,0.00000697,330.00000000,0
1531223285177,1531223285174,1494635,0.00000697,318.00000000,0
1531223286901,1531223286896,1494636,0.00000697,317.00000000,0
1531223289584,1531223289579,1494637,0.00000693,1605.00000000,1
1531223344450,1531223344447,1494638,0.00000693,294.00000000,1
1531223344849,1531223344845,1494639,0.00000697,204.00000000,0
1531223346183,1531223346180,1494640,0.00000697,156.00000000,0
1531223351141,1531223351136,1494641,0.00000693,386.00000000,1
1531223351141,1531223351136,1494642,0.00000691,1746.00000000,1
1531223366535,1531223366532,1494643,0.00000697,157.00000000,0
1531223385219,1531223385216,1494644,0.00000696,157.00000000,0
1531223407626,1531223407622,1494645,0.00000693,4259.00000000,0
1531223408072,1531223408067,1494646,0.00000690,369.00000000,1
1531223429585,1531223429584,1494647,0.00000693,320.00000000,0
1531223433163,1531223433158,1494648,0.00000693,157.00000000,0
1531223467623,1531223467617,1494649,0.00000692,556.00000000,0
1531223469629,1531223469625,1494650,0.00000692,1225.00000000,0
1531223471431,1531223471426,1494651,0.00000689,583.00000000,1
1531223473622,1531223473618,1494652,0.00000692,828.00000000,0
1531223475632,1531223475629,1494653,0.00000692,493.00000000,0
1531223485095,1531223485093,1494654,0.00000692,144.00000000,0
1531223497152,1531223497148,1494655,0.00000689,1829.00000000,1
1531223498231,1531223498229,1494656,0.00000692,327.00000000,0
1531223514650,1531223514646,1494657,0.00000692,2240.00000000,0
1531223522112,1531223522107,1494658,0.00000692,2919.00000000,0
1531223524307,1531223524306,1494659,0.00000695,453.00000000,0
1531223524923,1531223524919,1494660,0.00000695,454.00000000,0
1531223524949,1531223524944,1494661,0.00000695,453.00000000,1
1531223548991,1531223548987,1494662,0.00000695,453.00000000,0
1531223549006,1531223549002,1494663,0.00000695,2195.00000000,1
1531223549011,1531223549006,1494664,0.00000695,2195.00000000,1
1531223549019,1531223549015,1494665,0.00000695,1541.00000000,1
1531223549019,1531223549015,1494666,0.00000691,654.00000000,1
1531223578736,1531223578733,1494667,0.00000693,156.00000000,0
1531223605105,1531223605101,1494668,0.00000693,3.00000000,0
1531223605105,1531223605101,1494669,0.00000696,154.00000000,0
1531223628094,1531223628090,1494670,0.00000696,156.00000000,0
1531223648119,1531223648116,1494671,0.00000696,156.00000000,0
1531223669081,1531223669079,1494672,0.00000695,156.00000000,0
1531223689437,1531223689432,1494673,0.00000696,181.00000000,0
1531223713924,1531223713920,1494674,0.00000697,497.00000000,0
1531223713924,1531223713920,1494675,0.00000699,869.00000000,0
1531223716099,1531223716096,1494676,0.00000697,268.00000000,1
1531223717256,1531223717256,1494677,0.00000697,709.00000000,1
1531223761166,1531223761161,1494678,0.00000697,488.00000000,0
1531223761201,1531223761198,1494679,0.00000697,489.00000000,0
1531223788016,1531223788011,1494680,0.00000697,1663.00000000,0
1531223788022,1531223788019,1494681,0.00000697,831.00000000,0
1531223789028,1531223789026,1494682,0.00000697,831.00000000,0
1531223795867,1531223795863,1494683,0.00000697,5975.00000000,0
1531223948400,1531223948397,1494684,0.00000697,7267.00000000,0
1531223977412,1531223977409,1494685,0.00000697,712.00000000,0
1531223984308,1531223984304,1494686,0.00000697,1417.00000000,0
1531223984308,1531223984304,1494687,0.00000698,1612.00000000,0
1531224116249,1531224116246,1494688,0.00000698,1790.00000000,1
1531224267529,1531224267529,1494689,0.00000696,14.00000000,1
1531224290777,1531224290774,1494690,0.00000696,10697.00000000,1
1531224302430,1531224302427,1494691,0.00000695,831.00000000,1
1531224557664,1531224557660,1494692,0.00000696,10.00000000,1
1531224586504,1531224586500,1494693,0.00000699,1430.00000000,0
1531224652162,1531224652158,1494694,0.00000695,157.00000000,1
1531224679185,1531224679182,1494695,0.00000699,2024.00000000,0
1531224679517,1531224679514,1494696,0.00000695,2373.00000000,1
1531224762074,1531224762069,1494697,0.00000696,156.00000000,1
1531225044837,1531225044833,1494698,0.00000698,7163.00000000,0
1531225052506,1531225052504,1494699,0.00000696,23355.00000000,1
1531225425206,1531225425203,1494700,0.00000696,65.00000000,1
1531225425206,1531225425203,1494701,0.00000695,2275.00000000,1
1531226098255,1531226098250,1494702,0.00000695,7564.00000000,1
1531226098284,1531226098279,1494703,0.00000695,7596.00000000,1
1531226098335,1531226098335,1494704,0.00000693,1740.00000000,0
1531226113701,1531226113700,1494705,0.00000693,2276.00000000,0
1531226113701,1531226113700,1494706,0.00000694,2467.00000000,0
1531226121593,1531226121589,1494707,0.00000694,2001.00000000,0
1531226437822,1531226437820,1494708,0.00000700,2916.00000000,0
1531226458959,1531226458955,1494709,0.00000700,5370.00000000,0
1531226551247,1531226551244,1494710,0.00000700,156.00000000,0
1531226621116,1531226621114,1494711,0.00000700,155.00000000,0
1531226707370,1531226707367,1494712,0.00000700,156.00000000,0
1531226729190,1531226729186,1494713,0.00000700,156.00000000,0
1531226797940,1531226797936,1494714,0.00000700,156.00000000,0
1531226867381,1531226867377,1494715,0.00000696,934.00000000,1
1531226868425,1531226868422,1494716,0.00000699,156.00000000,0
1531226869427,1531226869427,1494717,0.00000699,156.00000000,0
1531226944166,1531226944162,1494718,0.00000699,156.00000000,0
1531226947097,1531226947092,1494719,0.00000699,156.00000000,0
1531226991128,1531226991124,1494720,0.00000699,156.00000000,0
1531227014092,1531227014089,1494721,0.00000699,156.00000000,0
1531227036067,1531227036063,1494722,0.00000700,155.00000000,0
1531227102939,1531227102935,1494723,0.00000700,2828.00000000,0
1531227102976,1531227102973,1494724,0.00000700,2828.00000000,0
1531227103110,1531227103107,1494725,0.00000700,2828.00000000,0
1531227103447,1531227103444,1494726,0.00000700,2263.00000000,0
1531227207963,1531227207960,1494727,0.00000698,313.00000000,0
1531227208180,1531227208175,1494728,0.00000698,313.00000000,0
1531227236583,1531227236583,1494729,0.00000698,3926.00000000,0
1531227238173,1531227238169,1494730,0.00000698,156.00000000,0
1531227256108,1531227256103,1494731,0.00000698,355.00000000,0
1531227266221,1531227266217,1494732,0.00000699,157.00000000,0
1531227309789,1531227309786,1494733,0.00000698,156.00000000,0
1531227331881,1531227331877,1494734,0.00000697,2660.00000000,0
1531227334957,1531227334956,1494735,0.00000696,2828.00000000,1
1531227338540,1531227338536,1494736,0.00000697,1995.00000000,0
1531227346735,1531227346731,1494737,0.00000697,1122.00000000,0
1531227361210,1531227361205,1494738,0.00000697,156.00000000,0
1531227373016,1531227373013,1494739,0.00000697,473.00000000,0
1531227385141,1531227385137,1494740,0.00000697,157.00000000,0
1531227407339,1531227407338,1494741,0.00000697,156.00000000,0
1531227427233,1531227427228,1494742,0.00000697,156.00000000,0
1531227452085,1531227452081,1494743,0.00000697,119.00000000,0
1531227452085,1531227452081,1494744,0.00000699,37.00000000,0
1531227470121,1531227470117,1494745,0.00000699,157.00000000,0
1531227490090,1531227490086,1494746,0.00000699,156.00000000,0
1531227512205,1531227512201,1494747,0.00000699,157.00000000,0
1531227529136,1531227529133,1494748,0.00000699,156.00000000,0
1531227600769,1531227600766,1494749,0.00000700,156.00000000,0
1531227649160,1531227649156,1494750,0.00000700,156.00000000,0
1531227687292,1531227687291,1494751,0.00000700,156.00000000,0
1531227712258,1531227712254,1494752,0.00000700,156.00000000,0
1531227730171,1531227730166,1494753,0.00000700,157.00000000,0
1531227738092,1531227738088,1494754,0.00000700,6361.00000000,0
1531227740668,1531227740664,1494755,0.00000700,286.00000000,0
1531227791057,1531227791053,1494756,0.00000700,156.00000000,0
1531227794666,1531227794662,1494757,0.00000700,156.00000000,0
1531227841144,1531227841140,1494758,0.00000700,5000.00000000,0
1531227848245,1531227848241,1494759,0.00000700,3.00000000,0
1531227916294,1531227916289,1494760,0.00000700,156.00000000,0
1531227939191,1531227939190,1494761,0.00000700,156.00000000,0
1531228167096,1531228167092,1494762,0.00000700,1.00000000,0
1531228167185,1531228167182,1494763,0.00000700,156.00000000,0
1531228249150,1531228249146,1494764,0.00000700,3478.00000000,0
1531228253806,1531228253805,1494765,0.00000700,1263.00000000,1
1531228414871,1531228414867,1494766,0.00000702,9120.00000000,0
1531228469988,1531228469984,1494767,0.00000700,4733.00000000,1
1531228470740,1531228470736,1494768,0.00000700,2810.00000000,1
1531228470863,1531228470859,1494769,0.00000700,5750.00000000,1
1531228470941,1531228470936,1494770,0.00000700,1188.00000000,1
1531228471109,1531228471105,1494771,0.00000700,2366.00000000,1
1531228472166,1531228472162,1494772,0.00000700,3312.00000000,1
1531228472359,1531228472354,1494773,0.00000700,422.00000000,1
1531228472359,1531228472354,1494774,0.00000696,2381.00000000,1
1531228510810,1531228510806,1494775,0.00000696,2257.00000000,1
1531228537350,1531228537346,1494776,0.00000696,54.00000000,1
1531228594162,1531228594157,1494777,0.00000700,156.00000000,0
1531228625170,1531228625163,1494778,0.00000696,10600.00000000,1
1531228625170,1531228625163,1494779,0.00000695,1447.00000000,1
1531228625170,1531228625163,1494780,0.00000694,5166.00000000,1
1531228625170,1531228625163,1494781,0.00000693,6842.00000000,1
1531228625184,1531228625180,1494782,0.00000693,5099.00000000,0
1531228625218,1531228625214,1494783,0.00000700,3576.00000000,0
1531228625218,1531228625214,1494784,0.00000702,1523.00000000,0
1531228626204,1531228626199,1494785,0.00000696,156.00000000,0
1531228627179,1531228627174,1494786,0.00000695,229.00000000,0
1531228663499,1531228663495,1494787,0.00000695,355.00000000,0
1531228670871,1531228670866,1494788,0.00000695,4725.00000000,0
1531228686990,1531228686986,1494789,0.00000695,2166.00000000,0
1531228715421,1531228715417,1494790,0.00000692,4625.00000000,1
1531228721305,1531228721300,1494791,0.00000691,39.00000000,0
1531228722218,1531228722213,1494792,0.00000691,157.00000000,0
1531228724048,1531228724043,1494793,0.00000690,654.00000000,1
1531228724110,1531228724105,1494794,0.00000690,562.00000000,1
1531228746140,1531228746136,1494795,0.00000692,157.00000000,0
1531228782670,1531228782666,1494796,0.00000691,147.00000000,1
1531228785073,1531228785068,1494797,0.00000692,1904.00000000,0
1531228800157,1531228800152,1494798,0.00000696,157.00000000,0
1531228825233,1531228825228,1494799,0.00000696,2067.00000000,0
1531228840177,1531228840173,1494800,0.00000696,157.00000000,0
1531228854234,1531228854230,1494801,0.00000696,157.00000000,0
1531228871917,1531228871916,1494802,0.00000696,157.00000000,0
1531228896159,1531228896158,1494803,0.00000696,156.00000000,0
1531228927240,1531228927235,1494804,0.00000696,156.00000000,0
1531228931149,1531228931144,1494805,0.00000694,157.00000000,0
1531228931473,1531228931468,1494806,0.00000693,720.00000000,1
1531228932048,1531228932044,1494807,0.00000693,720.00000000,1
1531228932145,1531228932140,1494808,0.00000693,720.00000000,1
1531228933056,1531228933050,1494809,0.00000694,3514.00000000,0
1531228954158,1531228954153,1494810,0.00000697,156.00000000,0
1531228969386,1531228969382,1494811,0.00000697,156.00000000,0
1531229016090,1531229016087,1494812,0.00000697,157.00000000,0
1531229028000,1531229027995,1494813,0.00000694,340.00000000,1
1531229039077,1531229039071,1494814,0.00000697,156.00000000,0
1531229088133,1531229088126,1494815,0.00000695,157.00000000,0
1531229089193,1531229089189,1494816,0.00000695,1438.00000000,0
1531229089211,1531229089209,1494817,0.00000695,1860.00000000,0
1531229091692,1531229091687,1494818,0.00000695,1438.00000000,0
1531229131124,1531229131120,1494819,0.00000695,157.00000000,0
1531229145039,1531229145035,1494820,0.00000695,157.00000000,0
1531229155419,1531229155414,1494821,0.00000695,157.00000000,0
1531229170004,1531229170000,1494822,0.00000695,157.00000000,0
1531229171001,1531229170995,1494823,0.00000695,157.00000000,0
1531229191132,1531229191127,1494824,0.00000695,103.00000000,0
1531229191132,1531229191127,1494825,0.00000696,53.00000000,0
1531229205172,1531229205168,1494826,0.00000696,300.00000000,0
1531229214193,1531229214188,1494827,0.00000696,156.00000000,0
1531229238157,1531229238153,1494828,0.00000696,156.00000000,0
1531229252279,1531229252274,1494829,0.00000696,156.00000000,0
1531229262177,1531229262172,1494830,0.00000696,156.00000000,0
1531229282974,1531229282970,1494831,0.00000694,202.00000000,1
1531229286188,1531229286184,1494832,0.00000696,156.00000000,0
1531229288764,1531229288760,1494833,0.00000696,1000.00000000,0
1531229301524,1531229301520,1494834,0.00000696,332.00000000,0
1531229322132,1531229322128,1494835,0.00000696,157.00000000,0
1531229403776,1531229403769,1494836,0.00000696,5000.00000000,1
1531229439162,1531229439158,1494837,0.00000696,156.00000000,0
1531229441036,1531229441031,1494838,0.00000696,900.00000000,0
1531229455396,1531229455391,1494839,0.00000696,156.00000000,0
1531229477660,1531229477656,1494840,0.00000696,157.00000000,0
1531229478658,1531229478653,1494841,0.00000696,157.00000000,0
1531229489217,1531229489213,1494842,0.00000696,157.00000000,0
1531229503894,1531229503889,1494843,0.00000696,157.00000000,0
1531229509426,1531229509422,1494844,0.00000696,2639.00000000,0
1531229520721,1531229520716,1494845,0.00000696,157.00000000,0
1531229575114,1531229575109,1494846,0.00000696,157.00000000,0
1531229592110,1531229592108,1494847,0.00000696,157.00000000,0
1531229596745,1531229596741,1494848,0.00000696,3530.00000000,0
1531229606639,1531229606635,1494849,0.00000696,1985.00000000,0
1531229614333,1531229614328,1494850,0.00000696,1489.00000000,0
1531229647434,1531229647430,1494851,0.00000696,838.00000000,0
1531229649170,1531229649166,1494852,0.00000696,157.00000000,0
1531229653498,1531229653493,1494853,0.00000696,354.00000000,0
1531229748179,1531229748174,1494854,0.00000696,157.00000000,0
1531229794548,1531229794542,1494855,0.00000696,313.00000000,0
1531229794548,1531229794542,1494856,0.00000697,276.00000000,0
1531229794548,1531229794542,1494857,0.00000698,247.00000000,0
1531229800846,1531229800841,1494858,0.00000698,470.00000000,0
1531229814425,1531229814420,1494859,0.00000694,7300.00000000,1
1531229814425,1531229814420,1494860,0.00000693,2700.00000000,1
1531229844849,1531229844844,1494861,0.00000698,1486.00000000,0
1531229853872,1531229853867,1494862,0.00000698,353.00000000,0
1531229869865,1531229869863,1494863,0.00000698,2642.00000000,0
1531229898125,1531229898121,1494864,0.00000698,1481.00000000,0
1531229907101,1531229907097,1494865,0.00000698,1481.00000000,0
1531229915299,1531229915294,1494866,0.00000698,392.00000000,0
1531229915299,1531229915294,1494867,0.00000699,441.00000000,0
1531230021069,1531230021065,1494868,0.00000699,1111.00000000,0
1531230036430,1531230036426,1494869,0.00000699,625.00000000,0
1531230043182,1531230043178,1494870,0.00000699,352.00000000,0
1531230081896,1531230081890,1494871,0.00000698,352.00000000,0
1531230083657,1531230083651,1494872,0.00000698,8972.00000000,0
1531230090043,1531230090038,1494873,0.00000695,7117.00000000,1
1531230099227,1531230099222,1494874,0.00000698,156.00000000,0
1531230109496,1531230109492,1494875,0.00000698,833.00000000,0
1531230119858,1531230119854,1494876,0.00000698,469.00000000,0
1531230140042,1531230140035,1494877,0.00000694,4866.00000000,1
1531230140058,1531230140054,1494878,0.00000693,2000.00000000,1
1531230146039,1531230146035,1494879,0.00000693,3687.00000000,1
1531230165607,1531230165603,1494880,0.00000698,469.00000000,0
1531230180033,1531230180029,1494881,0.00000698,1111.00000000,0
1531230188872,1531230188867,1494882,0.00000698,257.00000000,0
1531230195470,1531230195465,1494883,0.00000698,3511.00000000,0
1531230229487,1531230229482,1494884,0.00000694,5379.00000000,1
1531230229570,1531230229567,1494885,0.00000694,157.00000000,0
1531230232121,1531230232116,1494886,0.00000694,157.00000000,0
1531230232927,1531230232923,1494887,0.00000694,6242.00000000,0
1531230236891,1531230236889,1494888,0.00000694,234.00000000,0
1531230238720,1531230238713,1494889,0.00000694,234.00000000,0
1531230240821,1531230240817,1494890,0.00000694,234.00000000,0
1531230245109,1531230245104,1494891,0.00000694,157.00000000,0
1531230254235,1531230254231,1494892,0.00000694,211.00000000,0
1531230254235,1531230254231,1494893,0.00000698,4470.00000000,0
1531230265753,1531230265748,1494894,0.00000698,2633.00000000,0
1531230302165,1531230302161,1494895,0.00000698,1481.00000000,0
1531230309029,1531230309011,1494896,0.00000698,833.00000000,0
1531230320829,1531230320824,1494897,0.00000698,1481.00000000,0
1531230351112,1531230351109,1494898,0.00000698,156.00000000,0
1531230351841,1531230351837,1494899,0.00000698,833.00000000,0
1531230355476,1531230355471,1494900,0.00000695,671.00000000,1
1531230357235,1531230357233,1494901,0.00000698,352.00000000,0
1531230368406,1531230368401,1494902,0.00000698,833.00000000,0
1531230439271,1531230439267,1494903,0.00000698,423.00000000,0
1531230439271,1531230439267,1494904,0.00000700,46.00000000,0
1531230553726,1531230553722,1494905,0.00000700,8322.00000000,0
1531230561410,1531230561406,1494906,0.00000700,3511.00000000,0
1531230572859,1531230572855,1494907,0.00000700,2633.00000000,0
1531230684423,1531230684418,1494908,0.00000700,1481.00000000,0
1531230689667,1531230689663,1494909,0.00000700,1111.00000000,0
1531230702258,1531230702254,1494910,0.00000700,625.00000000,0
1531230773922,1531230773918,1494911,0.00000700,4273.00000000,0
1531230795700,1531230795696,1494912,0.00000700,835.00000000,1
1531230795740,1531230795736,1494913,0.00000698,790.00000000,1
1531230796421,1531230796417,1494914,0.00000697,45.00000000,0
1531230924134,1531230924129,1494915,0.00000699,3163.00000000,1
1531230924465,1531230924463,1494916,0.00000699,300.00000000,1
1531230925171,1531230925167,1494917,0.00000699,1505.00000000,1
1531230925210,1531230925205,1494918,0.00000699,82.00000000,1
1531230950442,1531230950438,1494919,0.00000698,156.00000000,0
1531231004548,1531231004544,1494920,0.00000698,29.00000000,0
1531231004548,1531231004544,1494921,0.00000699,1077.00000000,0
1531231005948,1531231005945,1494922,0.00000701,300.00000000,0
1531231062735,1531231062730,1494923,0.00000701,267.00000000,0
1531231105248,1531231105243,1494924,0.00000701,156.00000000,0
1531231120120,1531231120115,1494925,0.00000701,156.00000000,0
1531231131251,1531231131247,1494926,0.00000701,95.00000000,0
1531231172108,1531231172103,1494927,0.00000698,1079.00000000,1
1531231172857,1531231172852,1494928,0.00000697,300.00000000,1
1531231179437,1531231179434,1494929,0.00000697,780.00000000,1
1531231210885,1531231210880,1494930,0.00000699,467.00000000,0
1531231234173,1531231234169,1494931,0.00000700,156.00000000,0
1531231242006,1531231241997,1494932,0.00000700,350.00000000,0
1531231246160,1531231246154,1494933,0.00000700,156.00000000,0
1531231255021,1531231255018,1494934,0.00000700,100.00000000,0
1531231259216,1531231259211,1494935,0.00000700,156.00000000,0
1531231271187,1531231271182,1494936,0.00000700,156.00000000,0
1531231418240,1531231418236,1494937,0.00000700,2.00000000,0
1531231418241,1531231418236,1494938,0.00000702,153.00000000,0
1531231430199,1531231430193,1494939,0.00000701,156.00000000,0
1531231506127,1531231506123,1494940,0.00000701,156.00000000,0
1531231524863,1531231524859,1494941,0.00000698,1079.00000000,1
1531231524863,1531231524859,1494942,0.00000695,1.00000000,1
1531231544069,1531231544064,1494943,0.00000700,156.00000000,0
1531231630660,1531231630655,1494944,0.00000700,100.00000000,0
1531231653661,1531231653657,1494945,0.00000700,352.00000000,0
1531231680097,1531231680093,1494946,0.00000700,6.00000000,0
1531232048188,1531232048183,1494947,0.00000700,6.00000000,0
1531232214198,1531232214194,1494948,0.00000701,156.00000000,0
1531232410146,1531232410140,1494949,0.00000701,353.00000000,0
1531232620218,1531232620215,1494950,0.00000698,702.00000000,1
1531232621152,1531232621148,1494951,0.00000698,377.00000000,1
1531232859746,1531232859742,1494952,0.00000700,1221.00000000,0
1531232859746,1531232859742,1494953,0.00000702,39725.00000000,0
1531232877818,1531232877815,1494954,0.00000702,311.00000000,1
1531232878763,1531232878756,1494955,0.00000702,311.00000000,1
1531232965521,1531232965517,1494956,0.00000702,717.00000000,1
1531232969116,1531232969112,1494957,0.00000702,214.00000000,1
1531232969934,1531232969931,1494958,0.00000702,214.00000000,1
1531233006656,1531233006652,1494959,0.00000703,718.00000000,0
1531233007284,1531233007281,1494960,0.00000703,238.00000000,1
1531233245168,1531233245164,1494961,0.00000702,34129.00000000,1
1531233245407,1531233245403,1494962,0.00000701,2000.00000000,1
1531233247041,1531233247039,1494963,0.00000702,1591.00000000,1
1531233251136,1531233251132,1494964,0.00000702,2000.00000000,1
1531233252144,1531233252141,1494965,0.00000702,1868.00000000,1
1531233253156,1531233253152,1494966,0.00000702,1280.00000000,1
1531233271186,1531233271182,1494967,0.00000701,1430.00000000,1
1531233272304,1531233272300,1494968,0.00000701,455.00000000,1
1531233531565,1531233531562,1494969,0.00000701,5000.00000000,1
1531233574355,1531233574350,1494970,0.00000701,299.00000000,1
1531233636496,1531233636493,1494971,0.00000701,10000.00000000,1
1531233690799,1531233690796,1494972,0.00000701,10844.00000000,1
1531233702453,1531233702450,1494973,0.00000701,5000.00000000,1
1531233723938,1531233723934,1494974,0.00000701,5000.00000000,1
1531233738769,1531233738765,1494975,0.00000701,3620.00000000,1
1531233739238,1531233739233,1494976,0.00000701,70.00000000,1
1531233956448,1531233956445,1494977,0.00000701,1151.00000000,1
1531233957053,1531233957048,1494978,0.00000701,300.00000000,1
1531233967436,1531233967427,1494979,0.00000701,332.00000000,1
1531233968074,1531233968070,1494980,0.00000701,421.00000000,1
1531233968884,1531233968880,1494981,0.00000701,358.00000000,1
1531233968892,1531233968888,1494982,0.00000701,315.00000000,1
1531234467360,1531234467357,1494983,0.00000701,1000.00000000,1
1531234488835,1531234488832,1494984,0.00000697,1080.00000000,1
1531234488835,1531234488832,1494985,0.00000696,545.00000000,1
1531234488835,1531234488832,1494986,0.00000696,1333.00000000,0
1531234496632,1531234496627,1494987,0.00000695,2790.00000000,1
1531234538807,1531234538805,1494988,0.00000694,1500.00000000,1
1531234544249,1531234544245,1494989,0.00000693,299.00000000,0
1531234572640,1531234572634,1494990,0.00000693,4651.00000000,0
1531234632854,1531234632852,1494991,0.00000695,4651.00000000,1
1531234645361,1531234645359,1494992,0.00000695,7120.00000000,1
1531234645818,1531234645815,1494993,0.00000695,110.00000000,1
1531234646534,1531234646533,1494994,0.00000695,2507.00000000,1
1531234745794,1531234745791,1494995,0.00000695,1556.00000000,0
1531234746190,1531234746188,1494996,0.00000695,694.00000000,0
1531234828908,1531234828905,1494997,0.00000699,283.00000000,0
1531234839023,1531234839021,1494998,0.00000700,2508.00000000,0
1531234839023,1531234839021,1494999,0.00000701,690.00000000,0
1531234932084,1531234932081,1495000,0.00000701,1.00000000,0
1531235159063,1531235159062,1495001,0.00000697,544.00000000,1
1531235159063,1531235159062,1495002,0.00000696,2581.00000000,1
1531235190206,1531235190204,1495003,0.00000700,1482.00000000,0
1531235190346,1531235190335,1495004,0.00000700,460.00000000,0
1531235190346,1531235190335,1495005,0.00000701,639.00000000,0
1531235215161,1531235215160,1495006,0.00000696,2199.00000000,1
1531235215325,1531235215326,1495007,0.00000696,400.00000000,1
1531235215418,1531235215416,1495008,0.00000696,1759.00000000,1
1531235287245,1531235287245,1495009,0.00000701,901.00000000,0
1531235420836,1531235420837,1495010,0.00000701,1.00000000,0
1531235477581,1531235477580,1495011,0.00000701,1073.00000000,0
1531235478928,1531235478927,1495012,0.00000701,336.00000000,1
1531235484499,1531235484497,1495013,0.00000702,2424.00000000,0
1531235500289,1531235500285,1495014,0.00000702,1029.00000000,1
1531235554070,1531235554069,1495015,0.00000702,631.00000000,1
1531235556857,1531235556855,1495016,0.00000702,624.00000000,1
1531235556857,1531235556855,1495017,0.00000701,736.00000000,1
1531235573399,1531235573398,1495018,0.00000701,470.00000000,1
1531235615261,1531235615260,1495019,0.00000701,1074.00000000,1
1531235624165,1531235624163,1495020,0.00000700,2150.00000000,0
1531235688170,1531235688169,1495021,0.00000700,1117.00000000,1
1531235688201,1531235688201,1495022,0.00000700,2235.00000000,1
1531235688966,1531235688963,1495023,0.00000700,1117.00000000,1
1531235757100,1531235757098,1495024,0.00000700,1097.00000000,1
1531235757638,1531235757637,1495025,0.00000700,300.00000000,1
1531235816368,1531235816368,1495026,0.00000704,1226.00000000,0
1531235872936,1531235872935,1495027,0.00000701,958.00000000,1
1531235873083,1531235873082,1495028,0.00000701,116.00000000,1
1531235873083,1531235873082,1495029,0.00000700,893.00000000,1
1531235873115,1531235873115,1495030,0.00000700,51.00000000,1
1531235873204,1531235873203,1495031,0.00000700,1806.00000000,1
1531235873336,1531235873334,1495032,0.00000700,328.00000000,1
1531235873400,1531235873400,1495033,0.00000700,1445.00000000,1
1531235874908,1531235874908,1495034,0.00000700,1806.00000000,1
1531235882498,1531235882498,1495035,0.00000704,400.00000000,0
1531235888168,1531235888167,1495036,0.00000704,669.00000000,0
1531235933418,1531235933418,1495037,0.00000705,328.00000000,0
1531235988326,1531235988326,1495038,0.00000701,631.00000000,1
1531235996141,1531235996140,1495039,0.00000701,355.00000000,1
1531236039635,1531236039635,1495040,0.00000705,5027.00000000,0
1531236040560,1531236040560,1495041,0.00000705,10730.00000000,1
1531236040998,1531236040998,1495042,0.00000705,150.00000000,1
1531236042176,1531236042178,1495043,0.00000705,10730.00000000,1
1531236042440,1531236042439,1495044,0.00000705,150.00000000,1
1531236057879,1531236057879,1495045,0.00000705,19740.00000000,1
1531236066947,1531236066947,1495046,0.00000705,6244.00000000,1
1531236072882,1531236072883,1495047,0.00000705,2634.00000000,1
1531236073872,1531236073871,1495048,0.00000707,1445.00000000,0
1531236084311,1531236084309,1495049,0.00000707,3773.00000000,0
1531236137136,1531236137136,1495050,0.00000705,548.00000000,1
1531236137965,1531236137963,1495051,0.00000705,548.00000000,1
1531236197504,1531236197503,1495052,0.00000705,622.00000000,1
1531236205724,1531236205722,1495053,0.00000705,358.00000000,1
1531236224236,1531236224236,1495054,0.00000705,704.00000000,1
1531236252217,1531236252218,1495055,0.00000705,300.00000000,1
1531236301441,1531236301440,1495056,0.00000705,5000.00000000,1
1531236326172,1531236326172,1495057,0.00000705,5560.00000000,1
1531236326602,1531236326603,1495058,0.00000705,70.00000000,1
1531236335841,1531236335842,1495059,0.00000705,835.00000000,1
1531236407860,1531236407860,1495060,0.00000705,471.00000000,1
1531236515274,1531236515273,1495061,0.00000705,500.00000000,1
1531236515274,1531236515273,1495062,0.00000704,36.00000000,1
1531236579211,1531236579211,1495063,0.00000704,1033.00000000,1
1531236598111,1531236598112,1495064,0.00000701,1732.00000000,1
1531236598187,1531236598187,1495065,0.00000701,433.00000000,1
1531236598187,1531236598187,1495066,0.00000700,1754.00000000,1
1531236598298,1531236598299,1495067,0.00000700,393.00000000,1
1531236598773,1531236598770,1495068,0.00000700,300.00000000,1
1531236601402,1531236601400,1495069,0.00000700,5000.00000000,1
1531236637029,1531236637030,1495070,0.00000700,4028.00000000,1
1531236694184,1531236694185,1495071,0.00000700,1531.00000000,1
1531236697204,1531236697203,1495072,0.00000700,3007.00000000,1
1531236698219,1531236698219,1495073,0.00000700,1532.00000000,1
1531236778222,1531236778223,1495074,0.00000700,378.00000000,1
1531236779873,1531236779874,1495075,0.00000700,378.00000000,1
1531236861925,1531236861925,1495076,0.00000703,361.00000000,0
1531236940102,1531236940102,1495077,0.00000700,2141.00000000,1
1531237013208,1531237013209,1495078,0.00000697,590.00000000,1
1531237051172,1531237051170,1495079,0.00000697,1072.00000000,1
1531237052010,1531237052009,1495080,0.00000697,300.00000000,1
1531237052137,1531237052137,1495081,0.00000697,1072.00000000,1
1531237052997,1531237052997,1495082,0.00000697,263.00000000,1
1531237052997,1531237052997,1495083,0.00000696,37.00000000,1
1531237053859,1531237053860,1495084,0.00000696,500.00000000,1
1531237056859,1531237056859,1495085,0.00000696,1072.00000000,1
1531237065253,1531237065254,1495086,0.00000696,569.00000000,1
1531237080199,1531237080200,1495087,0.00000697,612.00000000,1
1531237104101,1531237104101,1495088,0.00000697,468.00000000,1
1531237112327,1531237112327,1495089,0.00000700,51378.00000000,0
1531237126110,1531237126111,1495090,0.00000696,701.00000000,1
1531237127426,1531237127426,1495091,0.00000696,179.00000000,1
1531237173149,1531237173146,1495092,0.00000696,300.00000000,1
1531237173186,1531237173185,1495093,0.00000696,397.00000000,1
1531237174209,1531237174208,1495094,0.00000696,628.00000000,1
1531237175247,1531237175246,1495095,0.00000696,300.00000000,1
1531237187143,1531237187143,1495096,0.00000696,455.00000000,1
1531237189171,1531237189170,1495097,0.00000695,3364.00000000,1
1531237189312,1531237189311,1495098,0.00000695,300.00000000,1
1531237190110,1531237190111,1495099,0.00000695,3064.00000000,1
1531237191140,1531237191139,1495100,0.00000695,162.00000000,1
1531237198160,1531237198159,1495101,0.00000695,2783.00000000,1
1531237199157,1531237199156,1495102,0.00000695,593.00000000,1
1531237200015,1531237200018,1495103,0.00000696,149.00000000,1
1531237200015,1531237200018,1495104,0.00000695,444.00000000,1
1531237217436,1531237217435,1495105,0.00000699,1228.00000000,0
1531237271171,1531237271172,1495106,0.00000696,511.00000000,1
1531237413225,1531237413224,1495107,0.00000695,481.00000000,1
1531237436089,1531237436089,1495108,0.00000695,252.00000000,1
1531237436089,1531237436089,1495109,0.00000694,373.00000000,1
1531237437155,1531237437154,1495110,0.00000693,300.00000000,1
1531237534893,1531237534892,1495111,0.00000692,493.00000000,1
1531237534928,1531237534927,1495112,0.00000692,96.00000000,1
1531237534928,1531237534927,1495113,0.00000691,397.00000000,1
1531237583392,1531237583394,1495114,0.00000694,180.00000000,0
1531237605105,1531237605098,1495115,0.00000694,168.00000000,1
1531237605105,1531237605098,1495116,0.00000693,286.00000000,1
1531237634194,1531237634194,1495117,0.00000693,690.00000000,1
1531237634843,1531237634843,1495118,0.00000693,690.00000000,1
1531237693086,1531237693085,1495119,0.00000691,666.00000000,1
1531237746140,1531237746140,1495120,0.00000691,363.00000000,1
1531237750784,1531237750783,1495121,0.00000691,397.00000000,1
1531237753179,1531237753175,1495122,0.00000691,374.00000000,1
1531237753455,1531237753455,1495123,0.00000691,571.00000000,1
1531237776544,1531237776545,1495124,0.00000691,602.00000000,1
1531237841532,1531237841532,1495125,0.00000692,538.00000000,1
1531237849163,1531237849161,1495126,0.00000692,540.00000000,1
1531237874154,1531237874153,1495127,0.00000692,148.00000000,1
1531237896126,1531237896123,1495128,0.00000691,627.00000000,1
1531237942101,1531237942096,1495129,0.00000691,672.00000000,1
1531237942965,1531237942965,1495130,0.00000691,672.00000000,1
1531238013956,1531238013955,1495131,0.00000691,188.00000000,1
1531238013958,1531238013957,1495132,0.00000691,5793.00000000,1
1531238014546,1531238014545,1495133,0.00000691,188.00000000,1
1531238087512,1531238087511,1495134,0.00000694,5251.00000000,1
1531238102713,1531238102711,1495135,0.00000694,3.00000000,0
1531238103197,1531238103197,1495136,0.00000694,1012.00000000,1
1531238103230,1531238103229,1495137,0.00000693,295.00000000,1
1531238126824,1531238126822,1495138,0.00000693,167.00000000,1
1531238127833,1531238127833,1495139,0.00000693,167.00000000,1
1531238145419,1531238145419,1495140,0.00000693,6440.00000000,1
1531238154135,1531238154134,1495141,0.00000696,38545.00000000,0
1531238154185,1531238154183,1495142,0.00000696,6798.00000000,0
1531238154185,1531238154183,1495143,0.00000697,3915.00000000,0
1531238154185,1531238154183,1495144,0.00000698,3650.00000000,0
1531238154185,1531238154183,1495145,0.00000700,2513.00000000,0
1531238154207,1531238154206,1495146,0.00000701,2161.00000000,1
1531238154227,1531238154226,1495147,0.00000701,940.00000000,1
1531238156173,1531238156173,1495148,0.00000701,8566.00000000,1
1531238156211,1531238156210,1495149,0.00000701,582.00000000,1
1531238156272,1531238156272,1495150,0.00000701,1625.00000000,1
1531238168513,1531238168511,1495151,0.00000700,4008.00000000,0
1531238168513,1531238168511,1495152,0.00000702,1226.00000000,0
1531238168513,1531238168511,1495153,0.00000703,1880.00000000,0
1531238168513,1531238168511,1495154,0.00000704,4493.00000000,0
1531238181133,1531238181133,1495155,0.00000698,572.00000000,1
1531238181934,1531238181933,1495156,0.00000698,572.00000000,1
1531238188670,1531238188668,1495157,0.00000699,940.00000000,0
1531238206132,1531238206130,1495158,0.00000698,647.00000000,1
1531238206260,1531238206261,1495159,0.00000698,300.00000000,1
1531238207486,1531238207485,1495160,0.00000699,3221.00000000,1
1531238228159,1531238228158,1495161,0.00000697,543.00000000,1
1531238252204,1531238252203,1495162,0.00000697,597.00000000,1
1531238252938,1531238252937,1495163,0.00000697,597.00000000,1
1531238252983,1531238252981,1495164,0.00000700,190.00000000,0
1531238303898,1531238303899,1495165,0.00000697,261.00000000,1
1531238314954,1531238314953,1495166,0.00000697,375.00000000,1
1531238447220,1531238447218,1495167,0.00000696,386.00000000,1
1531238478182,1531238478180,1495168,0.00000696,361.00000000,1
1531238560801,1531238560798,1495169,0.00000700,10.00000000,0
1531238578189,1531238578187,1495170,0.00000696,1485.00000000,1
1531238578189,1531238578187,1495171,0.00000695,2530.00000000,1
1531238578189,1531238578187,1495172,0.00000694,6123.00000000,1
1531238578227,1531238578225,1495173,0.00000694,1188.00000000,1
1531238578413,1531238578412,1495174,0.00000694,1846.00000000,1
1531238578978,1531238578977,1495175,0.00000695,583.00000000,1
1531238602955,1531238602952,1495176,0.00000695,3372.00000000,0
1531238641720,1531238641717,1495177,0.00000695,1392.00000000,0
1531238643135,1531238643134,1495178,0.00000695,257.00000000,1
1531238654738,1531238654738,1495179,0.00000696,1485.00000000,0
1531238664312,1531238664309,1495180,0.00000698,583.00000000,0
1531238673294,1531238673292,1495181,0.00000698,6960.00000000,1
1531238727136,1531238727135,1495182,0.00000695,2445.00000000,1
1531238727995,1531238727992,1495183,0.00000695,300.00000000,1
1531238752072,1531238752071,1495184,0.00000695,2025.00000000,1
1531238753373,1531238753373,1495185,0.00000695,356.00000000,1
1531238754550,1531238754548,1495186,0.00000695,300.00000000,1
1531238814119,1531238814116,1495187,0.00000696,1238.00000000,0
1531238822118,1531238822118,1495188,0.00000696,158.00000000,1
1531238847076,1531238847075,1495189,0.00000695,1114.00000000,1
1531238847304,1531238847303,1495190,0.00000695,300.00000000,1
1531238925493,1531238925490,1495191,0.00000699,6.00000000,0
1531238984975,1531238984974,1495192,0.00000699,6954.00000000,0
1531238987418,1531238987416,1495193,0.00000696,4148.00000000,1
1531238993155,1531238993154,1495194,0.00000696,654.00000000,1
1531238993558,1531238993553,1495195,0.00000696,282.00000000,1
1531238993937,1531238993934,1495196,0.00000696,654.00000000,1
1531239020168,1531239020166,1495197,0.00000696,158.00000000,1
1531239049837,1531239049832,1495198,0.00000696,158.00000000,1
1531239055233,1531239055230,1495199,0.00000696,158.00000000,1
1531239063369,1531239063367,1495200,0.00000699,145.00000000,0
1531239085215,1531239085212,1495201,0.00000696,2000.00000000,1
1531239085252,1531239085249,1495202,0.00000696,17661.00000000,1
1531239085504,1531239085502,1495203,0.00000696,4732.00000000,1
1531239086020,1531239086017,1495204,0.00000696,1183.00000000,1
1531239086020,1531239086017,1495205,0.00000695,16478.00000000,1
1531239086193,1531239086189,1495206,0.00000695,5000.00000000,1
1531239103029,1531239103027,1495207,0.00000695,2662.00000000,1
1531239108205,1531239108203,1495208,0.00000694,343.00000000,1
1531239138700,1531239138698,1495209,0.00000692,1750.00000000,1
1531239261457,1531239261455,1495210,0.00000694,3002.00000000,0
1531239264594,1531239264592,1495211,0.00000692,940.00000000,1
1531239275025,1531239275024,1495212,0.00000694,511.00000000,0
1531239306392,1531239306390,1495213,0.00000692,294.00000000,1
1531239346913,1531239346909,1495214,0.00000694,3174.00000000,0
1531239393333,1531239393330,1495215,0.00000696,2557.00000000,0
1531239393480,1531239393478,1495216,0.00000696,158.00000000,1
1531239509116,1531239509113,1495217,0.00000696,158.00000000,1
1531239534006,1531239534003,1495218,0.00000696,925.00000000,1
1531239549358,1531239549355,1495219,0.00000696,2444.00000000,0
1531239726125,1531239726122,1495220,0.00000695,25.00000000,1
1531239773222,1531239773218,1495221,0.00000695,375.00000000,1
1531239773222,1531239773218,1495222,0.00000694,246.00000000,1
1531239825505,1531239825501,1495223,0.00000695,1085.00000000,1
1531239825505,1531239825501,1495224,0.00000694,1193.00000000,1
1531239825537,1531239825534,1495225,0.00000694,570.00000000,1
1531239825537,1531239825534,1495226,0.00000693,2440.00000000,1
1531239826001,1531239825997,1495227,0.00000693,570.00000000,1
1531240243987,1531240243984,1495228,0.00000694,99.00000000,1
1531240350363,1531240350358,1495229,0.00000698,1000.00000000,0
1531240386300,1531240386295,1495230,0.00000694,831.00000000,1
1531240386959,1531240386955,1495231,0.00000694,831.00000000,1
1531240587142,1531240587135,1495232,0.00000694,584.00000000,1
1531240684892,1531240684888,1495233,0.00000694,13054.00000000,1
1531240768204,1531240768199,1495234,0.00000693,888.00000000,1
1531240776801,1531240776797,1495235,0.00000693,961.00000000,1
1531240784202,1531240784195,1495236,0.00000693,457.00000000,1
1531240786307,1531240786301,1495237,0.00000693,229.00000000,1
1531240839120,1531240839113,1495238,0.00000693,551.00000000,1
1531240860060,1531240860053,1495239,0.00000693,564.00000000,1
1531240896211,1531240896205,1495240,0.00000693,356.00000000,1
1531240917176,1531240917172,1495241,0.00000693,186.00000000,1
1531240918217,1531240918212,1495242,0.00000693,186.00000000,1
1531240918246,1531240918240,1495243,0.00000693,186.00000000,1
1531240919246,1531240919240,1495244,0.00000693,186.00000000,1
1531240919275,1531240919269,1495245,0.00000693,186.00000000,1
1531240922076,1531240922071,1495246,0.00000694,1454.00000000,0
1531240959136,1531240959132,1495247,0.00000694,202.00000000,0
1531240970251,1531240970247,1495248,0.00000694,20000.00000000,0
1531240982288,1531240982281,1495249,0.00000694,7248.00000000,0
1531241053308,1531241053304,1495250,0.00000694,391.00000000,1
1531241074186,1531241074182,1495251,0.00000694,499.00000000,1
1531241075892,1531241075888,1495252,0.00000694,498.00000000,1
1531241128070,1531241128064,1495253,0.00000694,505.00000000,1
1531241129057,1531241129051,1495254,0.00000694,505.00000000,1
1531241199188,1531241199184,1495255,0.00000694,542.00000000,1
1531241200866,1531241200848,1495256,0.00000694,542.00000000,1
1531241201183,1531241201177,1495257,0.00000694,271.00000000,1
1531241224158,1531241224152,1495258,0.00000694,173.00000000,1
1531241252908,1531241252902,1495259,0.00000694,611.00000000,1
1531241252943,1531241252938,1495260,0.00000694,611.00000000,1
1531241253229,1531241253223,1495261,0.00000694,751.00000000,1
1531241272236,1531241272230,1495262,0.00000694,154.00000000,1
1531241272277,1531241272272,1495263,0.00000694,308.00000000,1
1531241273886,1531241273881,1495264,0.00000694,308.00000000,1
1531241327602,1531241327595,1495265,0.00000694,410.00000000,1
1531241445706,1531241445699,1495266,0.00000698,1432.00000000,0
1531241466187,1531241466183,1495267,0.00000694,415.00000000,1
1531241496002,1531241495996,1495268,0.00000694,612.00000000,1
1531241496029,1531241496023,1495269,0.00000694,613.00000000,1
1531241510990,1531241510983,1495270,0.00000698,657.00000000,0
1531241510990,1531241510983,1495271,0.00000699,170.00000000,0
1531241542074,1531241542068,1495272,0.00000696,190.00000000,1
1531241569620,1531241569616,1495273,0.00000696,948.00000000,1
1531241606130,1531241606124,1495274,0.00000696,537.00000000,1
1531241607026,1531241607021,1495275,0.00000696,537.00000000,1
1531241631748,1531241631743,1495276,0.00000696,2083.00000000,1
1531241637161,1531241637156,1495277,0.00000694,847.00000000,1
1531241637443,1531241637437,1495278,0.00000694,847.00000000,1
1531241638553,1531241638549,1495279,0.00000694,810.00000000,1
1531241638706,1531241638702,1495280,0.00000694,246.00000000,1
1531241638865,1531241638859,1495281,0.00000693,847.00000000,1
1531241639942,1531241639937,1495282,0.00000694,564.00000000,0
1531241640103,1531241640098,1495283,0.00000694,246.00000000,1
1531241706835,1531241706830,1495284,0.00000693,590.00000000,1
1531241714304,1531241714300,1495285,0.00000697,1082.00000000,0
1531241714330,1531241714325,1495286,0.00000693,669.00000000,1
1531241714922,1531241714917,1495287,0.00000693,669.00000000,1
1531241717188,1531241717183,1495288,0.00000694,1086.00000000,1
1531241738519,1531241738512,1495289,0.00000698,1080.00000000,0
1531241803172,1531241803167,1495290,0.00000693,615.00000000,1
1531241803893,1531241803888,1495291,0.00000692,300.00000000,1
1531241806339,1531241806334,1495292,0.00000692,464.00000000,1
1531241833629,1531241833624,1495293,0.00000692,10435.00000000,1
1531241836780,1531241836774,1495294,0.00000691,11990.00000000,1
1531241837368,1531241837362,1495295,0.00000691,190.00000000,1
1531241838529,1531241838525,1495296,0.00000691,8980.00000000,1
1531241838875,1531241838871,1495297,0.00000691,140.00000000,1
1531241843495,1531241843491,1495298,0.00000695,1085.00000000,0
1531241849180,1531241849175,1495299,0.00000691,1108.00000000,1
1531241850278,1531241850274,1495300,0.00000691,554.00000000,1
1531241896139,1531241896134,1495301,0.00000691,986.00000000,1
1531241906239,1531241906235,1495302,0.00000691,10108.00000000,1
1531241924964,1531241924959,1495303,0.00000690,800.00000000,1
1531241924991,1531241924983,1495304,0.00000690,800.00000000,1
1531241952113,1531241952108,1495305,0.00000690,981.00000000,1
1531241952430,1531241952426,1495306,0.00000690,981.00000000,1
1531241952961,1531241952957,1495307,0.00000690,981.00000000,1
1531241954495,1531241954490,1495308,0.00000690,491.00000000,1
1531241967038,1531241967034,1495309,0.00000690,52462.00000000,1
1531241977142,1531241977135,1495310,0.00000691,1028.00000000,1
1531241995987,1531241995983,1495311,0.00000691,27.00000000,1
1531241995987,1531241995983,1495312,0.00000690,4.00000000,1
1531242005145,1531242005140,1495313,0.00000690,990.00000000,1
1531242006899,1531242006893,1495314,0.00000690,990.00000000,1
1531242032506,1531242032504,1495315,0.00000690,369.00000000,1
1531242038121,1531242038116,1495316,0.00000690,827.00000000,1
1531242062070,1531242062066,1495317,0.00000690,1175.00000000,1
1531242063853,1531242063847,1495318,0.00000690,1174.00000000,1
1531242085403,1531242085398,1495319,0.00000690,1880.00000000,1
1531242086162,1531242086158,1495320,0.00000690,873.00000000,1
1531242117280,1531242117275,1495321,0.00000690,436.00000000,1
1531242117307,1531242117302,1495322,0.00000690,873.00000000,1
1531242126347,1531242126341,1495323,0.00000693,1086.00000000,0
1531242147070,1531242147064,1495324,0.00000690,963.00000000,1
1531242147938,1531242147933,1495325,0.00000690,963.00000000,1
1531242167650,1531242167648,1495326,0.00000693,11.00000000,0
1531242176069,1531242176063,1495327,0.00000690,821.00000000,1
1531242178177,1531242178172,1495328,0.00000690,414.00000000,1
1531242212411,1531242212404,1495329,0.00000690,918.00000000,1
1531242216629,1531242216625,1495330,0.00000690,459.00000000,1
1531242222498,1531242222491,1495331,0.00000690,4803.00000000,1
1531242244678,1531242244673,1495332,0.00000690,526.00000000,1
1531242245074,1531242245067,1495333,0.00000690,526.00000000,1
1531242269136,1531242269134,1495334,0.00000690,898.00000000,1
1531242270855,1531242270849,1495335,0.00000690,898.00000000,1
1531242271992,1531242271987,1495336,0.00000690,450.00000000,1
1531242272034,1531242272030,1495337,0.00000690,450.00000000,1
1531242292077,1531242292072,1495338,0.00000690,769.00000000,1
1531242323174,1531242323169,1495339,0.00000690,356.00000000,1
1531242323210,1531242323204,1495340,0.00000690,898.00000000,1
1531242323939,1531242323931,1495341,0.00000690,898.00000000,1
1531242324009,1531242324005,1495342,0.00000690,356.00000000,1
1531242349146,1531242349140,1495343,0.00000690,657.00000000,1
1531242350920,1531242350909,1495344,0.00000690,657.00000000,1
1531242478238,1531242478233,1495345,0.00000690,781.00000000,1
1531242479085,1531242479081,1495346,0.00000690,781.00000000,1
1531242506202,1531242506201,1495347,0.00000690,589.00000000,1
1531242531174,1531242531169,1495348,0.00000690,673.00000000,1
1531242532892,1531242532890,1495349,0.00000690,673.00000000,1
1531242558859,1531242558855,1495350,0.00000690,569.00000000,1
1531242593116,1531242593110,1495351,0.00000690,689.00000000,1
1531242596355,1531242596354,1495352,0.00000693,4.00000000,0
1531242611298,1531242611293,1495353,0.00000690,784.00000000,1
1531242611330,1531242611329,1495354,0.00000690,784.00000000,1
1531242611933,1531242611928,1495355,0.00000690,784.00000000,1
1531242613171,1531242613166,1495356,0.00000690,393.00000000,1
1531242639110,1531242639105,1495357,0.00000690,640.00000000,1
1531242640188,1531242640182,1495358,0.00000690,320.00000000,1
1531242641058,1531242641053,1495359,0.00000690,320.00000000,1
1531242647189,1531242647184,1495360,0.00000693,645.00000000,0
1531242647214,1531242647209,1495361,0.00000693,993.00000000,0
1531242647662,1531242647656,1495362,0.00000693,645.00000000,1
1531242665005,1531242664999,1495363,0.00000690,616.00000000,1
1531242665035,1531242665031,1495364,0.00000690,616.00000000,1
1531242692142,1531242692137,1495365,0.00000690,648.00000000,1
1531242692939,1531242692936,1495366,0.00000690,648.00000000,1
1531242693192,1531242693189,1495367,0.00000690,324.00000000,1
1531242717141,1531242717136,1495368,0.00000690,598.00000000,1
1531242745993,1531242745989,1495369,0.00000690,639.00000000,1
1531242746006,1531242746000,1495370,0.00000690,300.00000000,1
1531242746028,1531242746022,1495371,0.00000690,639.00000000,1
1531242747046,1531242747042,1495372,0.00000690,339.00000000,1
1531242800105,1531242800101,1495373,0.00000690,661.00000000,1
1531242800846,1531242800840,1495374,0.00000690,661.00000000,1
1531242828211,1531242828203,1495375,0.00000690,10550.00000000,1
1531242831088,1531242831082,1495376,0.00000693,347.00000000,0
1531242853022,1531242853017,1495377,0.00000690,648.00000000,1
1531242883974,1531242883970,1495378,0.00000690,284.00000000,1
1531242899895,1531242899889,1495379,0.00000690,327.00000000,1
1531242900837,1531242900834,1495380,0.00000690,667.00000000,1
1531242902564,1531242902561,1495381,0.00000690,964.00000000,1
1531242903631,1531242903628,1495382,0.00000690,995.00000000,1
1531242909328,1531242909319,1495383,0.00000690,327.00000000,1
1531242910899,1531242910893,1495384,0.00000690,667.00000000,1
1531242944045,1531242944040,1495385,0.00000690,1125.00000000,1
1531242945265,1531242945260,1495386,0.00000690,951.00000000,1
1531242960879,1531242960874,1495387,0.00000690,330.00000000,1
1531242985961,1531242985955,1495388,0.00000690,324.00000000,1
1531242986018,1531242986004,1495389,0.00000690,648.00000000,1
1531242988994,1531242988988,1495390,0.00000690,325.00000000,1
1531243020852,1531243020847,1495391,0.00000690,642.00000000,1
1531243100999,1531243100994,1495392,0.00000690,707.00000000,1
1531243119966,1531243119965,1495393,0.00000690,300.00000000,1
1531243120876,1531243120869,1495394,0.00000690,460.00000000,1
1531243122156,1531243122150,1495395,0.00000690,630.00000000,1
1531243123233,1531243123232,1495396,0.00000690,383.00000000,1
1531243124122,1531243124116,1495397,0.00000690,300.00000000,1
1531243188247,1531243188240,1495398,0.00000690,491.00000000,1
1531243216444,1531243216438,1495399,0.00000689,645.00000000,1
1531243248045,1531243248038,1495400,0.00000690,340.00000000,1
1531243248045,1531243248038,1495401,0.00000689,268.00000000,1
1531243272775,1531243272769,1495402,0.00000691,6417.00000000,1
1531243279169,1531243279163,1495403,0.00000690,36.00000000,0
1531243279223,1531243279218,1495404,0.00000690,45.00000000,0
1531243279282,1531243279275,1495405,0.00000690,50.00000000,0
1531243280015,1531243280006,1495406,0.00000690,93.00000000,0
1531243280158,1531243280152,1495407,0.00000690,53.00000000,0
1531243280255,1531243280246,1495408,0.00000690,45.00000000,0
1531243280311,1531243280304,1495409,0.00000690,38.00000000,0
1531243280364,1531243280357,1495410,0.00000690,55.00000000,0
1531243280432,1531243280424,1495411,0.00000690,51.00000000,0
1531243280571,1531243280566,1495412,0.00000690,52.00000000,0
1531243280642,1531243280636,1495413,0.00000692,47.00000000,0
1531243280683,1531243280677,1495414,0.00000692,53.00000000,0
1531243280737,1531243280730,1495415,0.00000692,48.00000000,0
1531243280790,1531243280784,1495416,0.00000692,45.00000000,0
1531243280873,1531243280872,1495417,0.00000692,45.00000000,0
1531243280906,1531243280900,1495418,0.00000692,53.00000000,0
1531243280953,1531243280944,1495419,0.00000692,45.00000000,0
1531243281013,1531243281004,1495420,0.00000692,52.00000000,0
1531243281174,1531243281168,1495421,0.00000693,43.00000000,0
1531243281219,1531243281212,1495422,0.00000693,32.00000000,0
1531243282109,1531243282108,1495423,0.00000693,43.00000000,0
1531243348880,1531243348874,1495424,0.00000690,38.00000000,0
1531243348909,1531243348903,1495425,0.00000690,35.00000000,0
1531243348945,1531243348938,1495426,0.00000690,50.00000000,0
1531243348967,1531243348960,1495427,0.00000690,40.00000000,0
1531243406929,1531243406923,1495428,0.00000689,427.00000000,1
1531243406956,1531243406950,1495429,0.00000688,681.00000000,1
1531243407966,1531243407959,1495430,0.00000688,681.00000000,1
1531243408059,1531243408052,1495431,0.00000688,254.00000000,1
1531243421258,1531243421252,1495432,0.00000688,691.00000000,1
1531243424766,1531243424760,1495433,0.00000688,31.00000000,0
1531243428845,1531243428840,1495434,0.00000688,363.00000000,0
1531243443129,1531243443123,1495435,0.00000687,1308.00000000,1
1531243467398,1531243467392,1495436,0.00000687,221.00000000,1
1531243471926,1531243471920,1495437,0.00000688,340.00000000,0
1531243562625,1531243562615,1495438,0.00000688,861.00000000,1
1531243667369,1531243667362,1495439,0.00000687,340.00000000,1
1531243681181,1531243681175,1495440,0.00000687,679.00000000,1
1531243696252,1531243696245,1495441,0.00000687,2061.00000000,1
1531243744499,1531243744494,1495442,0.00000688,344.00000000,0
1531243744542,1531243744536,1495443,0.00000688,1836.00000000,1
1531243744561,1531243744555,1495444,0.00000687,330.00000000,1
1531243825221,1531243825216,1495445,0.00000690,724.00000000,0
1531243898118,1531243898110,1495446,0.00000687,2730.00000000,1
1531243898240,1531243898232,1495447,0.00000687,1174.00000000,1
1531243900170,1531243900162,1495448,0.00000687,3990.00000000,1
1531243900278,1531243900273,1495449,0.00000687,718.00000000,1
1531244019139,1531244019130,1495450,0.00000687,500.00000000,1
1531244759172,1531244759162,1495451,0.00000687,224.00000000,1
1531244905161,1531244905156,1495452,0.00000687,204.00000000,1
1531244976069,1531244976059,1495453,0.00000690,217.00000000,0
1531245231294,1531245231287,1495454,0.00000688,348.00000000,1
1531245232748,1531245232740,1495455,0.00000688,2180.00000000,1
1531245254353,1531245254351,1495456,0.00000688,199.00000000,1
1531245262449,1531245262443,1495457,0.00000688,398.00000000,1
1531245281653,1531245281651,1495458,0.00000688,26000.00000000,1
1531245833023,1531245833021,1495459,0.00000690,4.00000000,0
1531245863029,1531245863022,1495460,0.00000688,118.00000000,1
1531245863387,1531245863388,1495461,0.00000688,139.00000000,1
1531245863917,1531245863910,1495462,0.00000688,112.00000000,1
1531245864151,1531245864143,1495463,0.00000688,43.00000000,1
1531245864151,1531245864143,1495464,0.00000687,101.00000000,1
1531245864631,1531245864625,1495465,0.00000687,130.00000000,1
1531245865065,1531245865057,1495466,0.00000687,133.00000000,1
1531245866015,1531245866010,1495467,0.00000686,243.00000000,1
1531245866457,1531245866454,1495468,0.00000686,101.00000000,1
1531245866463,1531245866463,1495469,0.00000686,119.00000000,1
1531245867312,1531245867308,1495470,0.00000686,139.00000000,1
1531245867652,1531245867655,1495471,0.00000686,105.00000000,1
1531245868009,1531245868002,1495472,0.00000686,118.00000000,1
1531245868455,1531245868449,1495473,0.00000686,91.00000000,1
1531245868782,1531245868775,1495474,0.00000686,126.00000000,1
1531245869608,1531245869604,1495475,0.00000686,82.00000000,1
1531245869726,1531245869721,1495476,0.00000686,93.00000000,1
1531245870194,1531245870189,1495477,0.00000686,136.00000000,1
1531245870265,1531245870260,1495478,0.00000686,112.00000000,1
1531245870618,1531245870614,1495479,0.00000686,119.00000000,1
1531245870968,1531245870967,1495480,0.00000686,143.00000000,1
1531245871487,1531245871482,1495481,0.00000686,118.00000000,1
1531245871993,1531245871986,1495482,0.00000686,130.00000000,1
1531245872427,1531245872419,1495483,0.00000686,139.00000000,1
1531245872712,1531245872705,1495484,0.00000686,122.00000000,1
1531246175748,1531246175739,1495485,0.00000686,5459.00000000,1
1531246175748,1531246175739,1495486,0.00000685,37219.00000000,1
1531246176143,1531246176136,1495487,0.00000685,4468.00000000,0
1531246176315,1531246176309,1495488,0.00000685,555.00000000,0
1531246176324,1531246176318,1495489,0.00000685,318.00000000,0
1531246177004,1531246176987,1495490,0.00000685,1163.00000000,0
1531246178528,1531246178530,1495491,0.00000685,23.00000000,0
1531246178794,1531246178788,1495492,0.00000685,476.00000000,0
1531246197621,1531246197614,1495493,0.00000684,6809.00000000,0
1531246197627,1531246197620,1495494,0.00000684,2000.00000000,0
1531246198655,1531246198647,1495495,0.00000684,1274.00000000,0
1531246200217,1531246200210,1495496,0.00000684,28007.00000000,0
1531246201681,1531246201673,1495497,0.00000684,42.00000000,0
1531246205338,1531246205330,1495498,0.00000683,369.00000000,1
1531246205338,1531246205330,1495499,0.00000682,4260.00000000,1
1531246205338,1531246205330,1495500,0.00000681,22978.00000000,1
1531246205338,1531246205330,1495501,0.00000681,4995.00000000,1
1531246205339,1531246205330,1495502,0.00000681,799.00000000,1
1531246205390,1531246205382,1495503,0.00000681,400.00000000,1
1531246236672,1531246236664,1495504,0.00000684,4.00000000,0
1531246265428,1531246265425,1495505,0.00000683,375.00000000,1
1531246388655,1531246388647,1495506,0.00000683,1839.00000000,1
1531246422261,1531246422265,1495507,0.00000685,159.00000000,0
1531246461088,1531246461080,1495508,0.00000685,159.00000000,0
1531246503086,1531246503080,1495509,0.00000685,159.00000000,0
1531246528742,1531246528736,1495510,0.00000685,146.00000000,0
1531246570074,1531246570066,1495511,0.00000685,159.00000000,0
1531246733169,1531246733160,1495512,0.00000685,160.00000000,0
1531246767967,1531246767960,1495513,0.00000685,18.00000000,0
1531247041783,1531247041775,1495514,0.00000685,28175.00000000,0
1531247041783,1531247041775,1495515,0.00000686,1729.00000000,0
1531247041783,1531247041776,1495516,0.00000686,29.00000000,0
1531247043410,1531247043403,1495517,0.00000688,45.00000000,0
1531247043453,1531247043450,1495518,0.00000688,35.00000000,0
1531247043675,1531247043671,1495519,0.00000688,99.00000000,0
1531247043885,1531247043881,1495520,0.00000688,91.00000000,0
1531247043927,1531247043919,1495521,0.00000688,35.00000000,0
1531247043940,1531247043931,1495522,0.00000688,70.00000000,0
1531247043940,1531247043931,1495523,0.00000689,168.00000000,0
1531247044116,1531247044109,1495524,0.00000689,40.00000000,0
1531247061504,1531247061498,1495525,0.00000688,252.00000000,0
1531247349269,1531247349263,1495526,0.00000688,159.00000000,0
1531247556158,1531247556152,1495527,0.00000685,4543.00000000,1
1531247556237,1531247556234,1495528,0.00000684,817.00000000,1
1531247557128,1531247557128,1495529,0.00000684,285.00000000,1
1531247557248,1531247557245,1495530,0.00000684,116.00000000,0
1531247839674,1531247839668,1495531,0.00000688,1030.00000000,0
1531247839725,1531247839719,1495532,0.00000688,1030.00000000,0
1531247840917,1531247840915,1495533,0.00000688,2081.00000000,0
1531247842048,1531247842042,1495534,0.00000688,1096.00000000,0
1531247842048,1531247842042,1495535,0.00000689,836.00000000,0
1531247900626,1531247900620,1495536,0.00000689,1000.00000000,0
1531248032551,1531248032555,1495537,0.00000689,1500.00000000,0
1531248073797,1531248073794,1495538,0.00000685,1030.00000000,1
1531248169604,1531248169598,1495539,0.00000689,6904.00000000,0
1531248429045,1531248429042,1495540,0.00000686,393.00000000,1
1531248723770,1531248723762,1495541,0.00000688,1417.00000000,0
1531248862672,1531248862665,1495542,0.00000689,6566.00000000,0
1531248875854,1531248875846,1495543,0.00000689,5451.00000000,0
1531248902730,1531248902721,1495544,0.00000689,1056.00000000,0
1531249217147,1531249217138,1495545,0.00000689,174.00000000,0
1531249232503,1531249232501,1495546,0.00000689,174.00000000,0
1531249320054,1531249320046,1495547,0.00000689,1451.00000000,0
1531249428275,1531249428272,1495548,0.00000689,3.00000000,0
1531249514370,1531249514361,1495549,0.00000689,174.00000000,0
1531249527905,1531249527896,1495550,0.00000689,174.00000000,0
1531249770464,1531249770469,1495551,0.00000689,2.00000000,0
1531249832909,1531249832901,1495552,0.00000689,1.00000000,0
1531249914066,1531249914064,1495553,0.00000689,158.00000000,0
1531250025188,1531250025178,1495554,0.00000689,158.00000000,0
1531250626101,1531250626094,1495555,0.00000689,2895.00000000,0
1531250785830,1531250785821,1495556,0.00000689,997.00000000,0
1531251133030,1531251133021,1495557,0.00000689,158.00000000,0
1531251147110,1531251147103,1495558,0.00000689,159.00000000,0
1531251170073,1531251170062,1495559,0.00000689,159.00000000,0
1531251202413,1531251202404,1495560,0.00000689,159.00000000,0
1531251220161,1531251220151,1495561,0.00000689,159.00000000,0
1531251270437,1531251270436,1495562,0.00000689,318.00000000,0
1531251750097,1531251750099,1495563,0.00000689,150.00000000,0
1531251794758,1531251794749,1495564,0.00000687,311.00000000,1
1531251881616,1531251881607,1495565,0.00000689,5761.00000000,0
1531252244263,1531252244253,1495566,0.00000689,148.00000000,0
1531252622566,1531252622558,1495567,0.00000689,172.00000000,0
1531252653337,1531252653327,1495568,0.00000687,1260.00000000,1
1531252665837,1531252665828,1495569,0.00000690,1536.00000000,0
1531252677564,1531252677553,1495570,0.00000690,490.00000000,1
1531252677564,1531252677553,1495571,0.00000689,127.00000000,1
1531252677924,1531252677917,1495572,0.00000689,119.00000000,1
1531252678263,1531252678255,1495573,0.00000689,238.00000000,1
1531252678519,1531252678509,1495574,0.00000689,91.00000000,1
1531252679531,1531252679527,1495575,0.00000687,104.00000000,1
1531252679625,1531252679617,1495576,0.00000687,91.00000000,1
1531252679889,1531252679878,1495577,0.00000687,258.00000000,1
1531253077497,1531253077488,1495578,0.00000690,411.00000000,0
1531253105288,1531253105278,1495579,0.00000690,3.00000000,0
1531253254605,1531253254597,1495580,0.00000691,1.00000000,0
1531253456474,1531253456465,1495581,0.00000691,10.00000000,0
1531253709416,1531253709407,1495582,0.00000691,442.00000000,0
1531253709416,1531253709407,1495583,0.00000692,958.00000000,0
1531253729287,1531253729277,1495584,0.00000693,2000.00000000,0
1531253825501,1531253825491,1495585,0.00000693,4.00000000,0
1531253984708,1531253984699,1495586,0.00000690,8000.00000000,1
1531254364292,1531254364282,1495587,0.00000691,158.00000000,1
1531254364511,1531254364502,1495588,0.00000691,158.00000000,1
1531254366145,1531254366139,1495589,0.00000692,159.00000000,1
1531254455104,1531254455099,1495590,0.00000692,158.00000000,1
1531254544173,1531254544164,1495591,0.00000693,1224.00000000,0
1531254597303,1531254597301,1495592,0.00000693,8659.00000000,0
1531254632140,1531254632132,1495593,0.00000693,158.00000000,1
1531254689772,1531254689765,1495594,0.00000693,724.00000000,1
1531254720082,1531254720080,1495595,0.00000693,158.00000000,1
1531254722485,1531254722479,1495596,0.00000694,190.00000000,0
1531254736660,1531254736654,1495597,0.00000694,934.00000000,1
1531254745992,1531254745989,1495598,0.00000693,4.00000000,1
1531254805980,1531254805972,1495599,0.00000693,2010.00000000,1
1531254809826,1531254809828,1495600,0.00000693,1131.00000000,1
1531254813609,1531254813601,1495601,0.00000693,636.00000000,1
1531254827705,1531254827704,1495602,0.00000693,358.00000000,1
1531254848135,1531254848128,1495603,0.00000693,158.00000000,1
1531254941138,1531254941130,1495604,0.00000693,158.00000000,1
1531254971185,1531254971190,1495605,0.00000693,133.00000000,1
1531254971185,1531254971190,1495606,0.00000692,26.00000000,1
1531254973234,1531254973230,1495607,0.00000692,159.00000000,1
1531255062118,1531255062111,1495608,0.00000692,159.00000000,1
1531255062895,1531255062887,1495609,0.00000692,158.00000000,1
1531255117897,1531255117892,1495610,0.00000692,159.00000000,1
1531255118797,1531255118792,1495611,0.00000692,159.00000000,1
1531255118934,1531255118927,1495612,0.00000692,159.00000000,1
1531255131129,1531255131125,1495613,0.00000692,111.00000000,1
1531255131129,1531255131125,1495614,0.00000691,48.00000000,1
1531255157076,1531255157072,1495615,0.00000691,159.00000000,1
1531255158853,1531255158858,1495616,0.00000691,159.00000000,1
1531255159120,1531255159114,1495617,0.00000691,159.00000000,1
1531255230140,1531255230132,1495618,0.00000691,159.00000000,1
1531255307156,1531255307151,1495619,0.00000691,159.00000000,1
1531255397132,1531255397126,1495620,0.00000691,158.00000000,1
1531255446097,1531255446093,1495621,0.00000691,122.00000000,1
1531255488429,1531255488425,1495622,0.00000691,3220.00000000,1
1531255542107,1531255542107,1495623,0.00000691,158.00000000,1
1531255566838,1531255566835,1495624,0.00000692,1.00000000,0
1531255591205,1531255591200,1495625,0.00000691,1438.00000000,1
1531255611197,1531255611194,1495626,0.00000691,159.00000000,1
1531255669099,1531255669095,1495627,0.00000691,484.00000000,1
1531255696202,1531255696200,1495628,0.00000691,258.00000000,1
1531255696234,1531255696229,1495629,0.00000691,516.00000000,1
1531255725094,1531255725091,1495630,0.00000691,126.00000000,1
1531255735975,1531255735973,1495631,0.00000691,223.00000000,1
1531255785064,1531255785060,1495632,0.00000691,126.00000000,1
1531255785650,1531255785648,1495633,0.00000691,252.00000000,1
1531255811082,1531255811081,1495634,0.00000691,184.00000000,1
1531255881160,1531255881159,1495635,0.00000691,274.00000000,1
1531255906170,1531255906167,1495636,0.00000691,186.00000000,1
1531255953162,1531255953158,1495637,0.00000691,164.00000000,1
1531256000356,1531256000354,1495638,0.00000691,158.00000000,1
1531256049165,1531256049162,1495639,0.00000692,150.00000000,0
1531256072272,1531256072268,1495640,0.00000691,150.00000000,1
1531256192305,1531256192304,1495641,0.00000691,10.00000000,1
1531256192305,1531256192304,1495642,0.00000690,12023.00000000,1
1531256386494,1531256386491,1495643,0.00000689,161.00000000,1
1531256614656,1531256614659,1495644,0.00000692,1.00000000,0
1531256645313,1531256645312,1495645,0.00000689,29.00000000,1
1531256645313,1531256645312,1495646,0.00000687,2458.00000000,1
1531256645313,1531256645312,1495647,0.00000686,7877.00000000,1
1531256645313,1531256645312,1495648,0.00000685,766.00000000,1
1531256645313,1531256645312,1495649,0.00000684,3143.00000000,1
1531256649405,1531256649406,1495650,0.00000686,43.00000000,0
1531256649476,1531256649472,1495651,0.00000686,36.00000000,0
1531256649542,1531256649543,1495652,0.00000686,50.00000000,0
1531256649589,1531256649586,1495653,0.00000686,35.00000000,0
1531256649748,1531256649747,1495654,0.00000686,40.00000000,0
1531256649861,1531256649865,1495655,0.00000686,103.00000000,0
1531256650356,1531256650356,1495656,0.00000686,478.00000000,0
1531256728903,1531256728900,1495657,0.00000684,568.00000000,0
1531256805460,1531256805457,1495658,0.00000683,162.00000000,1
1531256830447,1531256830445,1495659,0.00000685,4151.00000000,0
1531256846218,1531256846215,1495660,0.00000686,53.00000000,0
1531256846218,1531256846215,1495661,0.00000689,1346.00000000,0
1531256854355,1531256854355,1495662,0.00000689,23.00000000,0
1531256865035,1531256865032,1495663,0.00000691,380.00000000,0
1531256875052,1531256875051,1495664,0.00000691,849.00000000,0
1531256875052,1531256875051,1495665,0.00000692,430.00000000,0
1531256924673,1531256924671,1495666,0.00000692,20.00000000,0
1531256956380,1531256956377,1495667,0.00000689,1.00000000,1
1531256962542,1531256962541,1495668,0.00000692,5.00000000,0
1531257784576,1531257784574,1495669,0.00000692,495.00000000,0
1531257787042,1531257787041,1495670,0.00000692,2891.00000000,0
1531257965448,1531257965443,1495671,0.00000689,12319.00000000,1
1531258028168,1531258028164,1495672,0.00000685,3843.00000000,1
1531258028168,1531258028164,1495673,0.00000684,1729.00000000,1
1531258028168,1531258028164,1495674,0.00000683,1179.00000000,1
1531258052767,1531258052765,1495675,0.00000687,146.00000000,0
1531258074087,1531258074086,1495676,0.00000687,175.00000000,0
1531258074088,1531258074086,1495677,0.00000688,955.00000000,0
1531258131187,1531258131185,1495678,0.00000688,159.00000000,0
1531258140149,1531258140149,1495679,0.00000688,538.00000000,0
1531258314139,1531258314137,1495680,0.00000688,159.00000000,0
1531258328546,1531258328544,1495681,0.00000688,3.00000000,0
1531258339103,1531258339099,1495682,0.00000688,159.00000000,0
1531258385162,1531258385161,1495683,0.00000688,159.00000000,0
1531258436166,1531258436160,1495684,0.00000687,159.00000000,0
1531258451129,1531258451125,1495685,0.00000687,359.00000000,0
1531258501942,1531258501938,1495686,0.00000686,390.00000000,0
1531258501942,1531258501938,1495687,0.00000687,248.00000000,0
1531258503965,1531258503963,1495688,0.00000688,174.00000000,0
1531258536035,1531258536031,1495689,0.00000688,174.00000000,0
1531258550443,1531258550438,1495690,0.00000688,359.00000000,0
1531258560213,1531258560210,1495691,0.00000688,159.00000000,0
1531258639598,1531258639593,1495692,0.00000684,2164.00000000,1
1531258805023,1531258805018,1495693,0.00000688,174.00000000,0
1531258829073,1531258829070,1495694,0.00000688,2015.00000000,0
1531258832831,1531258832825,1495695,0.00000688,850.00000000,0
1531258836701,1531258836702,1495696,0.00000688,637.00000000,0
1531258865472,1531258865467,1495697,0.00000688,290.00000000,0
1531258871861,1531258871854,1495698,0.00000688,30.00000000,0
1531258951293,1531258951288,1495699,0.00000689,257.00000000,0
1531258969905,1531258969902,1495700,0.00000685,287.00000000,1
1531258969966,1531258969960,1495701,0.00000688,637.00000000,0
1531259034159,1531259034154,1495702,0.00000686,10295.00000000,1
1531259047103,1531259047096,1495703,0.00000685,10582.00000000,0
1531259047103,1531259047096,1495704,0.00000686,4541.00000000,0
1531259050926,1531259050921,1495705,0.00000686,6380.00000000,0
1531259054602,1531259054598,1495706,0.00000686,8507.00000000,0
1531259058779,1531259058777,1495707,0.00000686,145.00000000,0
1531259071322,1531259071315,1495708,0.00000686,4785.00000000,0
1531259075226,1531259075219,1495709,0.00000686,3589.00000000,0
1531259080341,1531259080341,1495710,0.00000686,2019.00000000,0
1531259093962,1531259093960,1495711,0.00000686,479.00000000,0
1531259097406,1531259097402,1495712,0.00000686,530.00000000,0
1531259105585,1531259105579,1495713,0.00000689,174.00000000,0
1531259152211,1531259152204,1495714,0.00000689,36.00000000,0
1531259152211,1531259152204,1495715,0.00000690,122.00000000,0
1531259386324,1531259386318,1495716,0.00000690,1326.00000000,0
1531259592217,1531259592211,1495717,0.00000690,158.00000000,0
1531259691175,1531259691172,1495718,0.00000689,158.00000000,1
1531259924388,1531259924382,1495719,0.00000691,730.00000000,0
1531260041790,1531260041783,1495720,0.00000691,358.00000000,0
1531260095451,1531260095442,1495721,0.00000691,5.00000000,1
1531260110178,1531260110170,1495722,0.00000691,159.00000000,1
1531260162284,1531260162276,1495723,0.00000691,158.00000000,1
1531260252145,1531260252139,1495724,0.00000691,158.00000000,1
1531260344493,1531260344488,1495725,0.00000692,478.00000000,0
