event_time,trade_time,trade_id,price,quantity,maker
1531210387676,1531210387672,1705999,0.00001383,828.00000000,1
1531210394110,1531210394105,1706000,0.00001384,226.00000000,1
1531210612853,1531210612850,1706001,0.00001389,56.00000000,0
1531210618469,1531210618465,1706002,0.00001390,218.00000000,0
1531210635491,1531210635486,1706003,0.00001389,83.00000000,1
1531210653355,1531210653351,1706004,0.00001389,28.00000000,1
1531210808965,1531210808961,1706005,0.00001390,503.00000000,0
1531210875746,1531210875743,1706006,0.00001390,333.00000000,0
1531210976680,1531210976676,1706007,0.00001392,1501.00000000,0
1531210984193,1531210984188,1706008,0.00001391,1204.00000000,1
1531210984244,1531210984239,1706009,0.00001391,3781.00000000,1
1531211093622,1531211093618,1706010,0.00001391,641.00000000,1
1531211093622,1531211093618,1706011,0.00001390,8923.00000000,1
1531211149906,1531211149900,1706012,0.00001390,433.00000000,1
1531211179475,1531211179470,1706013,0.00001390,2643.00000000,1
1531211410907,1531211410903,1706014,0.00001390,161.00000000,1
1531211411436,1531211411431,1706015,0.00001390,25.00000000,1
1531211412008,1531211412003,1706016,0.00001390,161.00000000,1
1531211412910,1531211412906,1706017,0.00001390,161.00000000,1
1531211413816,1531211413811,1706018,0.00001390,161.00000000,1
1531211414723,1531211414716,1706019,0.00001390,161.00000000,1
1531211415624,1531211415619,1706020,0.00001390,161.00000000,1
1531211416536,1531211416530,1706021,0.00001390,161.00000000,1
1531211417435,1531211417430,1706022,0.00001390,161.00000000,1
1531211418336,1531211418331,1706023,0.00001390,161.00000000,1
1531211419240,1531211419234,1706024,0.00001390,161.00000000,1
1531211434338,1531211434334,1706025,0.00001390,659.00000000,1
1531211438135,1531211438129,1706026,0.00001390,1743.00000000,1
1531211576895,1531211576891,1706027,0.00001390,1001.00000000,1
1531211781844,1531211781839,1706028,0.00001390,99.00000000,1
1531212077280,1531212077276,1706029,0.00001390,108.00000000,1
1531212077280,1531212077276,1706030,0.00001389,2270.00000000,1
1531212203442,1531212203439,1706031,0.00001389,3.00000000,1
1531212281593,1531212281588,1706032,0.00001389,89.00000000,1
1531212642187,1531212642183,1706033,0.00001389,4844.00000000,1
1531212642274,1531212642269,1706034,0.00001389,2155.00000000,1
1531212676533,1531212676528,1706035,0.00001381,1.00000000,1
1531213345871,1531213345868,1706036,0.00001391,80.00000000,0
1531213454840,1531213454835,1706037,0.00001391,146.00000000,0
1531213608782,1531213608776,1706038,0.00001384,204.00000000,1
1531213745415,1531213745411,1706039,0.00001381,217.00000000,1
1531213745432,1531213745427,1706040,0.00001381,165.00000000,0
1531213745436,1531213745433,1706041,0.00001381,165.00000000,0
1531213745444,1531213745440,1706042,0.00001381,142.00000000,0
1531213746592,1531213746587,1706043,0.00001381,24.00000000,1
1531214198816,1531214198811,1706044,0.00001384,190.00000000,0
1531214434958,1531214434955,1706045,0.00001385,367.00000000,0
1531214462387,1531214462384,1706046,0.00001385,382.00000000,1
1531214549006,1531214548999,1706047,0.00001390,180.00000000,0
1531214549006,1531214548999,1706048,0.00001391,436.00000000,0
1531214549006,1531214548999,1706049,0.00001392,947.00000000,0
1531214549006,1531214548999,1706050,0.00001395,2576.00000000,0
1531214549006,1531214548999,1706051,0.00001398,2241.00000000,0
1531214552108,1531214552104,1706052,0.00001381,2.00000000,1
1531214572561,1531214572555,1706053,0.00001390,13.00000000,0
1531214893080,1531214893075,1706054,0.00001381,274.00000000,1
1531214954084,1531214954080,1706055,0.00001381,200.00000000,0
1531215114907,1531215114902,1706056,0.00001381,724.00000000,0
1531215580136,1531215580132,1706057,0.00001379,102.00000000,1
1531215607012,1531215607007,1706058,0.00001381,2.00000000,0
1531215630010,1531215630006,1706059,0.00001381,1.00000000,0
1531216053885,1531216053882,1706060,0.00001380,2607.00000000,1
1531216054187,1531216054184,1706061,0.00001380,171.00000000,1
1531216057172,1531216057168,1706062,0.00001379,3263.00000000,1
1531216059176,1531216059172,1706063,0.00001376,109.00000000,1
1531216601447,1531216601444,1706064,0.00001368,167.00000000,1
1531216750840,1531216750836,1706065,0.00001371,450.00000000,1
1531216750840,1531216750836,1706066,0.00001368,410.00000000,1
1531216790333,1531216790329,1706067,0.00001368,1788.00000000,1
1531217010191,1531217010187,1706068,0.00001368,330.00000000,1
1531217140425,1531217140419,1706069,0.00001368,749.00000000,1
1531217342761,1531217342757,1706070,0.00001368,340.00000000,1
1531217578311,1531217578308,1706071,0.00001368,355.00000000,1
1531217775036,1531217775031,1706072,0.00001368,10.00000000,1
1531218341986,1531218341981,1706073,0.00001379,450.00000000,0
1531218341986,1531218341981,1706074,0.00001380,275.00000000,0
1531218367887,1531218367881,1706075,0.00001368,66.00000000,1
1531218396162,1531218396157,1706076,0.00001368,230.00000000,1
1531218514454,1531218514450,1706077,0.00001369,480.00000000,1
1531218516950,1531218516945,1706078,0.00001368,17.00000000,1
1531218516950,1531218516945,1706079,0.00001367,77.00000000,1
1531218516951,1531218516946,1706080,0.00001367,180.00000000,1
1531218516971,1531218516966,1706081,0.00001367,1496.00000000,1
1531218516971,1531218516966,1706082,0.00001366,180.00000000,1
1531218518251,1531218518246,1706083,0.00001380,2.00000000,0
1531218519426,1531218519423,1706084,0.00001366,2.00000000,1
1531218521949,1531218521944,1706085,0.00001366,275.00000000,1
1531218553100,1531218553094,1706086,0.00001365,556.00000000,1
1531218553100,1531218553094,1706087,0.00001360,108.00000000,1
1531218553100,1531218553094,1706088,0.00001359,117.00000000,1
1531218553100,1531218553094,1706089,0.00001358,3281.00000000,1
1531218553100,1531218553094,1706090,0.00001354,653.00000000,1
1531218553100,1531218553094,1706091,0.00001352,3491.00000000,1
1531218553100,1531218553094,1706092,0.00001351,2979.00000000,1
1531218553770,1531218553765,1706093,0.00001365,101.00000000,0
1531218553934,1531218553929,1706094,0.00001365,3.00000000,0
1531218554533,1531218554527,1706095,0.00001356,7.00000000,1
1531218647406,1531218647403,1706096,0.00001357,348.00000000,1
1531218669995,1531218669989,1706097,0.00001354,3.00000000,1
1531218672903,1531218672896,1706098,0.00001361,2965.00000000,0
1531218724413,1531218724408,1706099,0.00001361,246.00000000,0
1531218724974,1531218724968,1706100,0.00001366,26.00000000,0
1531218725021,1531218725015,1706101,0.00001366,92.00000000,0
1531218725065,1531218725060,1706102,0.00001366,40.00000000,0
1531218725205,1531218725201,1706103,0.00001366,21.00000000,0
1531218725295,1531218725290,1706104,0.00001366,42.00000000,0
1531218725360,1531218725355,1706105,0.00001366,18.00000000,0
1531218731105,1531218731100,1706106,0.00001361,552.00000000,0
1531218732847,1531218732842,1706107,0.00001356,278.00000000,0
1531218735631,1531218735626,1706108,0.00001361,3.00000000,0
1531218735631,1531218735626,1706109,0.00001367,74.00000000,0
1531218735631,1531218735626,1706110,0.00001374,6965.00000000,0
1531218735631,1531218735626,1706111,0.00001375,336.00000000,0
1531218747594,1531218747588,1706112,0.00001375,71.00000000,0
1531218748792,1531218748788,1706113,0.00001375,71.00000000,0
1531218749584,1531218749581,1706114,0.00001376,71.00000000,0
1531218749874,1531218749868,1706115,0.00001376,109.00000000,0
1531218749874,1531218749868,1706116,0.00001381,296.00000000,0
1531218749874,1531218749868,1706117,0.00001382,926.00000000,0
1531218749874,1531218749868,1706118,0.00001384,50.00000000,0
1531218750830,1531218750826,1706119,0.00001387,71.00000000,0
1531218751459,1531218751455,1706120,0.00001387,170.00000000,0
1531218752457,1531218752452,1706121,0.00001387,71.00000000,0
1531218753577,1531218753572,1706122,0.00001387,415.00000000,0
1531218753631,1531218753626,1706123,0.00001387,22.00000000,0
1531218753671,1531218753665,1706124,0.00001387,22.00000000,0
1531218753859,1531218753854,1706125,0.00001387,22.00000000,0
1531218761379,1531218761374,1706126,0.00001369,4172.00000000,1
1531218762440,1531218762434,1706127,0.00001369,587.00000000,1
1531218767733,1531218767728,1706128,0.00001368,2646.00000000,1
1531218771034,1531218771028,1706129,0.00001368,56.00000000,0
1531218771163,1531218771159,1706130,0.00001368,136.00000000,0
1531218771209,1531218771204,1706131,0.00001368,56.00000000,0
1531218771317,1531218771313,1706132,0.00001368,43.00000000,0
1531218771467,1531218771463,1706133,0.00001368,26.00000000,0
1531218771547,1531218771539,1706134,0.00001367,42.00000000,0
1531218771593,1531218771588,1706135,0.00001367,16.00000000,0
1531218771718,1531218771713,1706136,0.00001367,45.00000000,0
1531218771796,1531218771790,1706137,0.00001367,82.00000000,0
1531218771851,1531218771845,1706138,0.00001367,22.00000000,0
1531218771877,1531218771874,1706139,0.00001367,33.00000000,0
1531218771938,1531218771933,1706140,0.00001367,15.00000000,0
1531218771987,1531218771981,1706141,0.00001367,7.00000000,0
1531218771987,1531218771981,1706142,0.00001368,35.00000000,0
1531218772194,1531218772191,1706143,0.00001368,64.00000000,0
1531218772241,1531218772237,1706144,0.00001368,44.00000000,0
1531218772366,1531218772361,1706145,0.00001368,23.00000000,0
1531218772411,1531218772409,1706146,0.00001368,38.00000000,0
1531218772475,1531218772471,1706147,0.00001368,51.00000000,0
1531218772539,1531218772535,1706148,0.00001368,37.00000000,0
1531218772665,1531218772661,1706149,0.00001368,36.00000000,0
1531218772923,1531218772916,1706150,0.00001368,19.00000000,0
1531218772975,1531218772971,1706151,0.00001368,49.00000000,0
1531218773062,1531218773056,1706152,0.00001368,14.00000000,0
1531218773136,1531218773129,1706153,0.00001368,61.00000000,0
1531218773178,1531218773174,1706154,0.00001368,47.00000000,0
1531218773224,1531218773217,1706155,0.00001368,34.00000000,0
1531218773287,1531218773282,1706156,0.00001368,22.00000000,0
1531218773348,1531218773343,1706157,0.00001368,21.00000000,0
1531218773394,1531218773388,1706158,0.00001368,37.00000000,0
1531218773596,1531218773591,1706159,0.00001368,44.00000000,0
1531218773603,1531218773597,1706160,0.00001368,33.00000000,0
1531218773667,1531218773664,1706161,0.00001368,30.00000000,0
1531218773722,1531218773716,1706162,0.00001368,59.00000000,0
1531218773753,1531218773749,1706163,0.00001368,61.00000000,0
1531218773813,1531218773807,1706164,0.00001368,63.00000000,0
1531218773889,1531218773884,1706165,0.00001368,22.00000000,0
1531218773942,1531218773937,1706166,0.00001368,16.00000000,0
1531218773982,1531218773978,1706167,0.00001368,61.00000000,0
1531218774048,1531218774044,1706168,0.00001368,36.00000000,0
1531218774227,1531218774222,1706169,0.00001368,17.00000000,0
1531218774360,1531218774354,1706170,0.00001368,95.00000000,0
1531218774509,1531218774505,1706171,0.00001368,23.00000000,0
1531218774556,1531218774550,1706172,0.00001368,742.00000000,0
1531218774579,1531218774574,1706173,0.00001368,31.00000000,0
1531218774715,1531218774710,1706174,0.00001368,19.00000000,0
1531218774766,1531218774761,1706175,0.00001368,15.00000000,0
1531218774856,1531218774851,1706176,0.00001368,83.00000000,0
1531218775479,1531218775474,1706177,0.00001368,14.00000000,0
1531218780931,1531218780926,1706178,0.00001363,593.00000000,1
1531218785285,1531218785280,1706179,0.00001364,1358.00000000,1
1531218904114,1531218904110,1706180,0.00001367,15.00000000,0
1531218904153,1531218904149,1706181,0.00001367,46.00000000,0
1531218904263,1531218904259,1706182,0.00001367,99.00000000,0
1531218904461,1531218904455,1706183,0.00001367,25.00000000,0
1531218904784,1531218904778,1706184,0.00001367,32.00000000,0
1531218904822,1531218904817,1706185,0.00001367,22.00000000,0
1531218904871,1531218904867,1706186,0.00001367,43.00000000,0
1531218905312,1531218905307,1706187,0.00001367,20.00000000,0
1531218905412,1531218905407,1706188,0.00001367,32.00000000,0
1531218905525,1531218905519,1706189,0.00001367,19.00000000,0
1531218905682,1531218905676,1706190,0.00001367,20.00000000,0
1531218905979,1531218905973,1706191,0.00001367,44.00000000,0
1531218906251,1531218906245,1706192,0.00001367,18.00000000,0
1531218906307,1531218906303,1706193,0.00001367,31.00000000,0
1531218944702,1531218944695,1706194,0.00001366,21.00000000,0
1531218944852,1531218944848,1706195,0.00001366,17.00000000,0
1531218945047,1531218945042,1706196,0.00001365,18.00000000,0
1531218945116,1531218945111,1706197,0.00001365,20.00000000,0
1531218945284,1531218945279,1706198,0.00001365,21.00000000,0
1531218945293,1531218945287,1706199,0.00001365,31.00000000,0
1531218945429,1531218945424,1706200,0.00001365,39.00000000,0
1531218945529,1531218945524,1706201,0.00001365,21.00000000,0
1531218945642,1531218945638,1706202,0.00001365,43.00000000,0
1531218945700,1531218945694,1706203,0.00001365,44.00000000,0
1531218945821,1531218945815,1706204,0.00001365,16.00000000,0
1531218945884,1531218945879,1706205,0.00001365,25.00000000,0
1531218945949,1531218945943,1706206,0.00001365,63.00000000,0
1531218946034,1531218946029,1706207,0.00001365,20.00000000,0
1531218946128,1531218946123,1706208,0.00001365,17.00000000,0
1531218946178,1531218946170,1706209,0.00001365,20.00000000,0
1531218946206,1531218946202,1706210,0.00001365,63.00000000,0
1531218946385,1531218946380,1706211,0.00001365,45.00000000,0
1531218946504,1531218946500,1706212,0.00001365,67.00000000,0
1531218947754,1531218947751,1706213,0.00001365,25.00000000,0
1531218990731,1531218990727,1706214,0.00001363,221.00000000,0
1531219005445,1531219005441,1706215,0.00001364,1750.00000000,0
1531219006716,1531219006710,1706216,0.00001366,593.00000000,0
1531219042442,1531219042437,1706217,0.00001368,1358.00000000,0
1531219152560,1531219152556,1706218,0.00001372,325.00000000,0
1531219191968,1531219191964,1706219,0.00001369,1559.00000000,1
1531219192931,1531219192927,1706220,0.00001370,392.00000000,1
1531219210733,1531219210728,1706221,0.00001367,1194.00000000,1
1531219249734,1531219249730,1706222,0.00001371,2646.00000000,0
1531219273264,1531219273260,1706223,0.00001372,2753.00000000,0
1531219397443,1531219397436,1706224,0.00001376,1.00000000,0
1531219557345,1531219557340,1706225,0.00001371,13.00000000,1
1531219558402,1531219558398,1706226,0.00001371,13.00000000,1
1531219559459,1531219559454,1706227,0.00001371,13.00000000,1
1531219560517,1531219560515,1706228,0.00001371,6.00000000,1
1531219560517,1531219560515,1706229,0.00001367,7.00000000,1
1531219562031,1531219562027,1706230,0.00001364,13.00000000,1
1531219563084,1531219563078,1706231,0.00001365,13.00000000,1
1531219564143,1531219564139,1706232,0.00001365,13.00000000,1
1531219565198,1531219565193,1706233,0.00001366,13.00000000,1
1531219566256,1531219566251,1706234,0.00001367,13.00000000,1
1531219567781,1531219567776,1706235,0.00001368,13.00000000,1
1531219642683,1531219642678,1706236,0.00001367,2723.00000000,1
1531219839806,1531219839801,1706237,0.00001376,251.00000000,0
1531219894210,1531219894206,1706238,0.00001368,2719.00000000,1
1531220201998,1531220201992,1706239,0.00001368,435.00000000,1
1531220201998,1531220201992,1706240,0.00001363,409.00000000,1
1531220201998,1531220201992,1706241,0.00001362,278.00000000,1
1531220201998,1531220201992,1706242,0.00001360,130.00000000,1
1531220201998,1531220201992,1706243,0.00001358,878.00000000,1
1531220446496,1531220446493,1706244,0.00001364,9.00000000,0
1531220632947,1531220632944,1706245,0.00001352,1796.00000000,1
1531220638014,1531220638009,1706246,0.00001360,302.00000000,0
1531220838601,1531220838595,1706247,0.00001364,920.00000000,1
1531220878501,1531220878496,1706248,0.00001366,2.00000000,0
1531220901699,1531220901694,1706249,0.00001366,2887.00000000,0
1531220901961,1531220901956,1706250,0.00001368,1093.00000000,0
1531220902685,1531220902680,1706251,0.00001366,1451.00000000,1
1531221335628,1531221335623,1706252,0.00001366,756.00000000,1
1531221443745,1531221443739,1706253,0.00001369,107.00000000,0
1531221447814,1531221447809,1706254,0.00001359,473.00000000,1
1531221447814,1531221447809,1706255,0.00001354,912.00000000,1
1531221453088,1531221453082,1706256,0.00001354,642.00000000,1
1531221457920,1531221457918,1706257,0.00001362,471.00000000,0
1531221469479,1531221469474,1706258,0.00001362,2.00000000,0
1531221469479,1531221469474,1706259,0.00001363,280.00000000,0
1531221469479,1531221469474,1706260,0.00001366,479.00000000,0
1531221483259,1531221483257,1706261,0.00001359,1039.00000000,1
1531221494528,1531221494523,1706262,0.00001359,623.00000000,1
1531221494528,1531221494523,1706263,0.00001354,156.00000000,1
1531221499864,1531221499861,1706264,0.00001354,585.00000000,1
1531221506963,1531221506957,1706265,0.00001355,503.00000000,1
1531221506963,1531221506957,1706266,0.00001353,332.00000000,1
1531221506963,1531221506957,1706267,0.00001352,42.00000000,1
1531221508764,1531221508760,1706268,0.00001361,631.00000000,0
1531221508783,1531221508779,1706269,0.00001361,628.00000000,0
1531221513405,1531221513400,1706270,0.00001353,219.00000000,1
1531221556106,1531221556102,1706271,0.00001358,56.00000000,0
1531221556616,1531221556599,1706272,0.00001352,32.00000000,1
1531221556616,1531221556599,1706273,0.00001351,132.00000000,1
1531221569572,1531221569567,1706274,0.00001352,502.00000000,1
1531221594134,1531221594129,1706275,0.00001358,56.00000000,0
1531221594202,1531221594197,1706276,0.00001358,56.00000000,0
1531221610327,1531221610322,1706277,0.00001352,495.00000000,1
1531221640380,1531221640374,1706278,0.00001360,735.00000000,0
1531221675337,1531221675330,1706279,0.00001363,156.00000000,0
1531221675337,1531221675330,1706280,0.00001365,74.00000000,0
1531221675337,1531221675330,1706281,0.00001367,25.00000000,0
1531221675997,1531221675991,1706282,0.00001359,183.00000000,0
1531221694293,1531221694288,1706283,0.00001352,528.00000000,1
1531221721029,1531221721024,1706284,0.00001356,149.00000000,1
1531221887047,1531221887042,1706285,0.00001367,1.00000000,0
1531222024546,1531222024541,1706286,0.00001366,393.00000000,0
1531222024546,1531222024541,1706287,0.00001367,756.00000000,0
1531222024656,1531222024652,1706288,0.00001367,511.00000000,1
1531222025353,1531222025349,1706289,0.00001368,5094.00000000,0
1531222025727,1531222025723,1706290,0.00001369,7973.00000000,0
1531222055329,1531222055325,1706291,0.00001371,80.00000000,0
1531222063313,1531222063309,1706292,0.00001372,2097.00000000,0
1531222063708,1531222063703,1706293,0.00001373,329.00000000,0
1531222074602,1531222074600,1706294,0.00001374,3343.00000000,0
1531222086094,1531222086088,1706295,0.00001374,15.00000000,1
1531222087154,1531222087150,1706296,0.00001374,42.00000000,1
1531222088425,1531222088419,1706297,0.00001374,32.00000000,1
1531222089091,1531222089087,1706298,0.00001374,40.00000000,1
1531222089745,1531222089741,1706299,0.00001374,25.00000000,1
1531222090135,1531222090130,1706300,0.00001374,2990.00000000,1
1531222090649,1531222090644,1706301,0.00001369,83.00000000,1
1531222091798,1531222091793,1706302,0.00001369,15.00000000,1
1531222092432,1531222092428,1706303,0.00001369,16.00000000,1
1531222093132,1531222093128,1706304,0.00001369,34.00000000,1
1531222093946,1531222093942,1706305,0.00001369,99.00000000,1
1531222094593,1531222094590,1706306,0.00001369,23.00000000,1
1531222095300,1531222095295,1706307,0.00001369,46.00000000,1
1531222096309,1531222096305,1706308,0.00001369,21.00000000,1
1531222096912,1531222096909,1706309,0.00001369,20.00000000,1
1531222097050,1531222097045,1706310,0.00001369,18.00000000,1
1531222097701,1531222097697,1706311,0.00001369,42.00000000,1
1531222098012,1531222098007,1706312,0.00001369,22.00000000,1
1531222098619,1531222098614,1706313,0.00001367,23.00000000,1
1531222099372,1531222099367,1706314,0.00001367,32.00000000,1
1531222100365,1531222100360,1706315,0.00001367,21.00000000,1
1531222100978,1531222100975,1706316,0.00001367,16.00000000,1
1531222101539,1531222101535,1706317,0.00001367,44.00000000,1
1531222102258,1531222102253,1706318,0.00001367,39.00000000,1
1531222102854,1531222102851,1706319,0.00001367,36.00000000,1
1531222103173,1531222103168,1706320,0.00001367,61.00000000,1
1531222103685,1531222103680,1706321,0.00001367,63.00000000,1
1531222104402,1531222104397,1706322,0.00001367,36.00000000,1
1531222105083,1531222105079,1706323,0.00001367,26.00000000,1
1531222105833,1531222105830,1706324,0.00001367,45.00000000,1
1531222106650,1531222106645,1706325,0.00001367,25.00000000,1
1531222107339,1531222107335,1706326,0.00001367,18.00000000,1
1531222108029,1531222108026,1706327,0.00001367,43.00000000,1
1531222108453,1531222108449,1706328,0.00001367,16.00000000,1
1531222108908,1531222108904,1706329,0.00001367,19.00000000,1
1531222109362,1531222109356,1706330,0.00001369,94.00000000,0
1531222109392,1531222109387,1706331,0.00001367,45.00000000,1
1531222109926,1531222109923,1706332,0.00001367,19.00000000,1
1531222110773,1531222110768,1706333,0.00001367,20.00000000,1
1531222111203,1531222111199,1706334,0.00001367,30.00000000,1
1531222112180,1531222112175,1706335,0.00001368,61.00000000,1
1531222112877,1531222112871,1706336,0.00001368,17.00000000,1
1531222131381,1531222131376,1706337,0.00001369,78.00000000,0
1531222209070,1531222209065,1706338,0.00001369,458.00000000,1
1531222234350,1531222234347,1706339,0.00001369,6.00000000,1
1531222410015,1531222410010,1706340,0.00001374,94.00000000,0
1531222410015,1531222410010,1706341,0.00001377,292.00000000,0
1531222420369,1531222420365,1706342,0.00001369,61.00000000,1
1531222421211,1531222421207,1706343,0.00001369,37.00000000,1
1531222421941,1531222421939,1706344,0.00001369,59.00000000,1
1531222422519,1531222422517,1706345,0.00001369,33.00000000,1
1531222423521,1531222423517,1706346,0.00001369,82.00000000,1
1531222424474,1531222424471,1706347,0.00001369,44.00000000,1
1531222424869,1531222424864,1706348,0.00001369,44.00000000,1
1531222425472,1531222425469,1706349,0.00001369,51.00000000,1
1531222426073,1531222426070,1706350,0.00001369,25.00000000,1
1531222426797,1531222426793,1706351,0.00001369,21.00000000,1
1531222427922,1531222427919,1706352,0.00001369,42.00000000,1
1531222428393,1531222428388,1706353,0.00001369,21.00000000,1
1531222429065,1531222429060,1706354,0.00001369,33.00000000,1
1531222429721,1531222429718,1706355,0.00001369,19.00000000,1
1531222430398,1531222430394,1706356,0.00001369,49.00000000,1
1531222430834,1531222430833,1706357,0.00001369,742.00000000,1
1531222431680,1531222431676,1706358,0.00001369,17.00000000,1
1531222432274,1531222432269,1706359,0.00001369,20.00000000,1
1531222433022,1531222433018,1706360,0.00001369,95.00000000,1
1531222433771,1531222433767,1706361,0.00001369,67.00000000,1
1531222434919,1531222434914,1706362,0.00001369,63.00000000,1
1531222435900,1531222435897,1706363,0.00001369,18.00000000,1
1531222436559,1531222436555,1706364,0.00001369,22.00000000,1
1531222437697,1531222437690,1706365,0.00001369,22.00000000,1
1531222438612,1531222438608,1706366,0.00001369,38.00000000,1
1531222439526,1531222439522,1706367,0.00001369,92.00000000,1
1531222440733,1531222440728,1706368,0.00001369,43.00000000,1
1531222441486,1531222441482,1706369,0.00001369,64.00000000,1
1531222442569,1531222442564,1706370,0.00001369,22.00000000,1
1531222443368,1531222443364,1706371,0.00001369,20.00000000,1
1531222444181,1531222444178,1706372,0.00001369,37.00000000,1
1531222444282,1531222444277,1706373,0.00001369,690.00000000,1
1531222445325,1531222445321,1706374,0.00001364,43.00000000,1
1531222446165,1531222446163,1706375,0.00001364,26.00000000,1
1531222446249,1531222446244,1706376,0.00001364,26.00000000,1
1531222446406,1531222446401,1706377,0.00001362,26.00000000,1
1531222446588,1531222446584,1706378,0.00001362,21.00000000,1
1531222447422,1531222447418,1706379,0.00001362,20.00000000,1
1531222448202,1531222448197,1706380,0.00001362,63.00000000,1
1531222449104,1531222449098,1706381,0.00001362,47.00000000,1
1531222449688,1531222449684,1706382,0.00001362,31.00000000,1
1531222586300,1531222586295,1706383,0.00001362,821.00000000,1
1531222586684,1531222586680,1706384,0.00001361,660.00000000,1
1531222587133,1531222587056,1706385,0.00001360,1863.00000000,1
1531222587477,1531222587473,1706386,0.00001358,117.00000000,1
1531222587830,1531222587825,1706387,0.00001357,2271.00000000,1
1531222588170,1531222588167,1706388,0.00001356,16109.00000000,1
1531222622909,1531222622905,1706389,0.00001365,82.00000000,0
1531222656425,1531222656421,1706390,0.00001356,11153.00000000,1
1531222668138,1531222668132,1706391,0.00001355,1640.00000000,1
1531222676934,1531222676929,1706392,0.00001354,1134.00000000,1
1531222685998,1531222685994,1706393,0.00001353,472.00000000,1
1531222693734,1531222693731,1706394,0.00001351,1155.00000000,1
1531222717985,1531222717982,1706395,0.00001351,277.00000000,1
1531222785907,1531222785903,1706396,0.00001351,3606.00000000,1
1531222787902,1531222787899,1706397,0.00001350,926.00000000,1
1531222788087,1531222788083,1706398,0.00001350,2716.00000000,0
1531222788467,1531222788464,1706399,0.00001350,2698.00000000,0
1531222799119,1531222799118,1706400,0.00001349,81.00000000,1
1531222799716,1531222799711,1706401,0.00001348,919.00000000,1
1531222800575,1531222800571,1706402,0.00001347,4082.00000000,1
1531222800575,1531222800571,1706403,0.00001343,149.00000000,1
1531222800596,1531222800593,1706404,0.00001342,916.00000000,0
1531222800797,1531222800792,1706405,0.00001342,1399.00000000,0
1531222800998,1531222800994,1706406,0.00001341,103.00000000,1
1531222801372,1531222801370,1706407,0.00001340,142.00000000,1
1531222801372,1531222801370,1706408,0.00001338,137.00000000,1
1531222802721,1531222802717,1706409,0.00001338,1684.00000000,1
1531222802877,1531222802875,1706410,0.00001342,6.00000000,0
1531222803806,1531222803803,1706411,0.00001337,3042.00000000,1
1531222804146,1531222804142,1706412,0.00001333,8.00000000,1
1531222804147,1531222804142,1706413,0.00001333,604.00000000,1
1531222804147,1531222804142,1706414,0.00001332,472.00000000,1
1531222804147,1531222804142,1706415,0.00001330,6498.00000000,1
1531222806355,1531222806352,1706416,0.00001341,8.00000000,0
1531222809046,1531222809043,1706417,0.00001341,604.00000000,0
1531222809046,1531222809043,1706418,0.00001342,6.00000000,0
1531222863741,1531222863738,1706419,0.00001332,774.00000000,1
1531222863741,1531222863738,1706420,0.00001331,497.00000000,1
1531222863741,1531222863738,1706421,0.00001330,532.00000000,1
1531222870808,1531222870804,1706422,0.00001330,351.00000000,1
1531222871994,1531222871991,1706423,0.00001337,69.00000000,0
1531222872053,1531222872049,1706424,0.00001337,69.00000000,0
1531222872071,1531222872066,1706425,0.00001337,69.00000000,0
1531222872299,1531222872296,1706426,0.00001337,69.00000000,0
1531222872344,1531222872341,1706427,0.00001337,165.00000000,0
1531222872455,1531222872452,1706428,0.00001337,69.00000000,0
1531222873302,1531222873298,1706429,0.00001330,4413.00000000,1
1531222873836,1531222873832,1706430,0.00001328,115.00000000,1
1531222874320,1531222874319,1706431,0.00001330,221.00000000,0
1531222875708,1531222875704,1706432,0.00001327,100.00000000,1
1531222877673,1531222877670,1706433,0.00001323,44.00000000,1
1531222877903,1531222877899,1706434,0.00001323,56.00000000,1
1531222878454,1531222878451,1706435,0.00001322,17.00000000,1
1531222879801,1531222879797,1706436,0.00001322,6.00000000,1
1531222879962,1531222879958,1706437,0.00001322,31.00000000,1
1531222880687,1531222880684,1706438,0.00001322,31.00000000,1
1531222882200,1531222882196,1706439,0.00001328,7.00000000,0
1531222883933,1531222883931,1706440,0.00001323,7.00000000,1
1531222886723,1531222886719,1706441,0.00001327,5.00000000,0
1531222886729,1531222886725,1706442,0.00001323,491.00000000,1
1531222891641,1531222891636,1706443,0.00001320,139.00000000,1
1531222905507,1531222905504,1706444,0.00001320,77.00000000,1
1531222905507,1531222905504,1706445,0.00001317,528.00000000,1
1531222905554,1531222905553,1706446,0.00001318,454.00000000,0
1531222905577,1531222905572,1706447,0.00001318,250.00000000,0
1531222905581,1531222905577,1706448,0.00001318,250.00000000,0
1531222905608,1531222905605,1706449,0.00001318,1874.00000000,0
1531222905615,1531222905612,1706450,0.00001318,803.00000000,0
1531222912397,1531222912393,1706451,0.00001318,136.00000000,1
1531222912397,1531222912393,1706452,0.00001317,3668.00000000,1
1531222914150,1531222914146,1706453,0.00001322,250.00000000,0
1531222915429,1531222915427,1706454,0.00001315,128.00000000,1
1531222915429,1531222915427,1706455,0.00001313,818.00000000,1
1531222915430,1531222915427,1706456,0.00001313,638.00000000,1
1531222915430,1531222915427,1706457,0.00001312,388.00000000,1
1531222915430,1531222915427,1706458,0.00001311,561.00000000,1
1531222915973,1531222915968,1706459,0.00001313,91.00000000,1
1531222919556,1531222919553,1706460,0.00001311,12.00000000,1
1531222920161,1531222920156,1706461,0.00001320,250.00000000,0
1531222920826,1531222920822,1706462,0.00001320,138.00000000,0
1531222920826,1531222920822,1706463,0.00001321,113.00000000,0
1531222922898,1531222922896,1706464,0.00001319,259.00000000,0
1531222922997,1531222922994,1706465,0.00001320,100.00000000,0
1531222964299,1531222964294,1706466,0.00001316,84.00000000,0
1531222985452,1531222985449,1706467,0.00001321,5.00000000,0
1531222992278,1531222992274,1706468,0.00001326,143.00000000,0
1531222992706,1531222992703,1706469,0.00001326,33.00000000,0
1531222993066,1531222993063,1706470,0.00001326,36.00000000,0
1531222993190,1531222993186,1706471,0.00001326,19.00000000,0
1531222993256,1531222993255,1706472,0.00001326,46.00000000,0
1531222993313,1531222993309,1706473,0.00001326,22.00000000,0
1531222993354,1531222993350,1706474,0.00001326,21.00000000,0
1531222993395,1531222993391,1706475,0.00001326,25.00000000,0
1531222993861,1531222993857,1706476,0.00001326,21.00000000,0
1531222994030,1531222994027,1706477,0.00001326,22.00000000,0
1531222994086,1531222994082,1706478,0.00001326,16.00000000,0
1531222994146,1531222994144,1706479,0.00001326,21.00000000,0
1531222994196,1531222994191,1706480,0.00001326,42.00000000,0
1531222994238,1531222994233,1706481,0.00001326,12.00000000,0
1531222994238,1531222994233,1706482,0.00001334,19.00000000,0
1531222994285,1531222994280,1706483,0.00001334,47.00000000,0
1531222994513,1531222994509,1706484,0.00001334,19.00000000,0
1531222994513,1531222994509,1706485,0.00001342,44.00000000,0
1531223001058,1531223001054,1706486,0.00001342,20.00000000,0
1531223001172,1531223001169,1706487,0.00001342,21.00000000,0
1531223001260,1531223001257,1706488,0.00001342,26.00000000,0
1531223001313,1531223001310,1706489,0.00001342,43.00000000,0
1531223004290,1531223004287,1706490,0.00001321,493.00000000,1
1531223004755,1531223004751,1706491,0.00001321,119.00000000,0
1531223032038,1531223032033,1706492,0.00001342,7.00000000,0
1531223032038,1531223032033,1706493,0.00001346,30.00000000,0
1531223032095,1531223032093,1706494,0.00001346,20.00000000,0
1531223032234,1531223032230,1706495,0.00001346,64.00000000,0
1531223032590,1531223032587,1706496,0.00001346,43.00000000,0
1531223032647,1531223032642,1706497,0.00001346,38.00000000,0
1531223033464,1531223033460,1706498,0.00001346,22.00000000,0
1531223039657,1531223039654,1706499,0.00001346,34.00000000,0
1531223039657,1531223039654,1706500,0.00001347,58.00000000,0
1531223039719,1531223039714,1706501,0.00001347,22.00000000,0
1531223039770,1531223039768,1706502,0.00001347,18.00000000,0
1531223040046,1531223040045,1706503,0.00001347,63.00000000,0
1531223040139,1531223040134,1706504,0.00001347,67.00000000,0
1531223040164,1531223040159,1706505,0.00001347,95.00000000,0
1531223040295,1531223040291,1706506,0.00001347,20.00000000,0
1531223040354,1531223040350,1706507,0.00001347,17.00000000,0
1531223040497,1531223040496,1706508,0.00001347,742.00000000,0
1531223040541,1531223040536,1706509,0.00001347,49.00000000,0
1531223040977,1531223040973,1706510,0.00001347,42.00000000,0
1531223041068,1531223041065,1706511,0.00001347,19.00000000,0
1531223046445,1531223046441,1706512,0.00001335,21.00000000,0
1531223046496,1531223046492,1706513,0.00001335,25.00000000,0
1531223046533,1531223046530,1706514,0.00001335,51.00000000,0
1531223046583,1531223046579,1706515,0.00001335,44.00000000,0
1531223046795,1531223046791,1706516,0.00001335,44.00000000,0
1531223046895,1531223046893,1706517,0.00001335,82.00000000,0
1531223047032,1531223047027,1706518,0.00001335,33.00000000,0
1531223047135,1531223047131,1706519,0.00001335,59.00000000,0
1531223047204,1531223047200,1706520,0.00001335,37.00000000,0
1531223047268,1531223047263,1706521,0.00001335,61.00000000,0
1531223047356,1531223047352,1706522,0.00001335,61.00000000,0
1531223047459,1531223047458,1706523,0.00001335,17.00000000,0
1531223047736,1531223047733,1706524,0.00001335,30.00000000,0
1531223048021,1531223048017,1706525,0.00001335,20.00000000,0
1531223050777,1531223050773,1706526,0.00001335,15.00000000,0
1531223057510,1531223057507,1706527,0.00001347,19.00000000,0
1531223057609,1531223057605,1706528,0.00001347,45.00000000,0
1531223057661,1531223057657,1706529,0.00001347,16.00000000,0
1531223057783,1531223057779,1706530,0.00001347,18.00000000,0
1531223057845,1531223057841,1706531,0.00001347,28.00000000,0
1531223057845,1531223057841,1706532,0.00001349,17.00000000,0
1531223057884,1531223057880,1706533,0.00001349,1.00000000,0
1531223057884,1531223057880,1706534,0.00001350,42.00000000,0
1531223057890,1531223057887,1706535,0.00001350,26.00000000,0
1531223058219,1531223058216,1706536,0.00001350,63.00000000,0
1531223058257,1531223058256,1706537,0.00001350,61.00000000,0
1531223058326,1531223058325,1706538,0.00001350,36.00000000,0
1531223058369,1531223058366,1706539,0.00001350,39.00000000,0
1531223058564,1531223058560,1706540,0.00001350,16.00000000,0
1531223058578,1531223058578,1706541,0.00001350,44.00000000,0
1531223058632,1531223058630,1706542,0.00001350,32.00000000,0
1531223058855,1531223058852,1706543,0.00001350,23.00000000,0
1531223060787,1531223060785,1706544,0.00001335,288.00000000,1
1531223064922,1531223064922,1706545,0.00001335,42.00000000,0
1531223064968,1531223064965,1706546,0.00001335,18.00000000,0
1531223065061,1531223065057,1706547,0.00001335,20.00000000,0
1531223065240,1531223065238,1706548,0.00001335,23.00000000,0
1531223065328,1531223065323,1706549,0.00001335,99.00000000,0
1531223071109,1531223071105,1706550,0.00001335,8.00000000,0
1531223074535,1531223074532,1706551,0.00001345,34.00000000,0
1531223074822,1531223074818,1706552,0.00001345,15.00000000,0
1531223074887,1531223074884,1706553,0.00001345,83.00000000,0
1531223074945,1531223074943,1706554,0.00001345,25.00000000,0
1531223074983,1531223074979,1706555,0.00001345,40.00000000,0
1531223075470,1531223075466,1706556,0.00001345,32.00000000,0
1531223075905,1531223075901,1706557,0.00001345,15.00000000,0
1531223075969,1531223075964,1706558,0.00001345,66.00000000,0
1531223078160,1531223078155,1706559,0.00001345,25.00000000,0
1531223078160,1531223078155,1706560,0.00001351,460.00000000,0
1531223078160,1531223078155,1706561,0.00001353,264.00000000,0
1531223081154,1531223081151,1706562,0.00001338,2.00000000,1
1531223089461,1531223089457,1706563,0.00001345,335.00000000,0
1531223089461,1531223089457,1706564,0.00001348,408.00000000,0
1531223104378,1531223104375,1706565,0.00001343,149.00000000,1
1531223134917,1531223134911,1706566,0.00001343,154.00000000,0
1531223134917,1531223134911,1706567,0.00001348,186.00000000,0
1531223134917,1531223134911,1706568,0.00001353,3061.00000000,0
1531223134917,1531223134911,1706569,0.00001356,2082.00000000,0
1531223134917,1531223134911,1706570,0.00001357,2392.00000000,0
1531223134917,1531223134911,1706571,0.00001358,3913.00000000,0
1531223134917,1531223134911,1706572,0.00001359,2838.00000000,0
1531223134929,1531223134926,1706573,0.00001359,3483.00000000,1
1531223147452,1531223147449,1706574,0.00001359,28.00000000,0
1531223160200,1531223160197,1706575,0.00001346,93.00000000,1
1531223172963,1531223172958,1706576,0.00001357,537.00000000,0
1531223172995,1531223172990,1706577,0.00001346,711.00000000,1
1531223173297,1531223173294,1706578,0.00001346,1390.00000000,1
1531223189268,1531223189264,1706579,0.00001358,580.00000000,0
1531223216381,1531223216376,1706580,0.00001358,3.00000000,0
1531223332089,1531223332086,1706581,0.00001352,454.00000000,0
1531223433352,1531223433348,1706582,0.00001352,5.00000000,0
1531223433352,1531223433348,1706583,0.00001357,122.00000000,0
1531223475344,1531223475340,1706584,0.00001357,4.00000000,0
1531223538934,1531223538931,1706585,0.00001356,147.00000000,0
1531223608988,1531223608984,1706586,0.00001356,971.00000000,0
1531223738096,1531223738093,1706587,0.00001343,1767.00000000,1
1531223738725,1531223738722,1706588,0.00001343,7446.00000000,0
1531223772367,1531223772364,1706589,0.00001343,26.00000000,0
1531223947739,1531223947736,1706590,0.00001358,4.00000000,0
1531224223902,1531224223898,1706591,0.00001350,1471.00000000,1
1531224223902,1531224223898,1706592,0.00001349,754.00000000,1
1531224224978,1531224224974,1706593,0.00001358,2044.00000000,0
1531224225860,1531224225857,1706594,0.00001358,2456.00000000,1
1531224283997,1531224283995,1706595,0.00001349,205.00000000,1
1531224298160,1531224298155,1706596,0.00001358,223.00000000,0
1531224449243,1531224449240,1706597,0.00001358,1248.00000000,0
1531224449270,1531224449266,1706598,0.00001358,996.00000000,1
1531224449273,1531224449270,1706599,0.00001351,498.00000000,1
1531224449273,1531224449270,1706600,0.00001348,498.00000000,1
1531224507068,1531224507065,1706601,0.00001349,1281.00000000,1
1531224592076,1531224592073,1706602,0.00001355,738.00000000,0
1531224605908,1531224605906,1706603,0.00001358,108.00000000,0
1531224624718,1531224624714,1706604,0.00001357,2.00000000,0
1531224869300,1531224869296,1706605,0.00001352,1121.00000000,1
1531224872158,1531224872155,1706606,0.00001352,560.00000000,1
1531224873019,1531224873015,1706607,0.00001351,7913.00000000,1
1531224914931,1531224914929,1706608,0.00001351,223.00000000,1
1531224961940,1531224961935,1706609,0.00001345,1475.00000000,1
1531224997081,1531224997078,1706610,0.00001344,484.00000000,1
1531225177874,1531225177870,1706611,0.00001346,230.00000000,1
1531225177874,1531225177870,1706612,0.00001344,3553.00000000,1
1531225177909,1531225177906,1706613,0.00001344,217.00000000,0
1531225256489,1531225256486,1706614,0.00001351,484.00000000,0
1531225256489,1531225256486,1706615,0.00001353,416.00000000,0
1531225559046,1531225559049,1706616,0.00001352,1.00000000,0
1531225722008,1531225722001,1706617,0.00001343,330.00000000,0
1531225896274,1531225896270,1706618,0.00001342,428.00000000,1
1531225899303,1531225899299,1706619,0.00001347,129.00000000,1
1531225902309,1531225902304,1706620,0.00001344,27.00000000,1
1531226509539,1531226509534,1706621,0.00001353,8933.00000000,0
1531226509539,1531226509534,1706622,0.00001354,3496.00000000,0
1531226575196,1531226575188,1706623,0.00001360,3671.00000000,0
1531226575196,1531226575188,1706624,0.00001361,588.00000000,0
1531226575196,1531226575188,1706625,0.00001362,328.00000000,0
1531226575196,1531226575188,1706626,0.00001363,2029.00000000,0
1531226575196,1531226575188,1706627,0.00001364,330.00000000,0
1531226575196,1531226575188,1706628,0.00001365,1064.00000000,0
1531226589029,1531226589025,1706629,0.00001351,166.00000000,1
1531226589573,1531226589570,1706630,0.00001351,44.00000000,1
1531226590154,1531226590151,1706631,0.00001351,84.00000000,1
1531226590507,1531226590509,1706632,0.00001351,393.00000000,1
1531226590742,1531226590741,1706633,0.00001351,74.00000000,1
1531226591575,1531226591570,1706634,0.00001351,42.00000000,1
1531226592074,1531226592071,1706635,0.00001351,64.00000000,1
1531226592425,1531226592420,1706636,0.00001351,39.00000000,1
1531226593008,1531226593004,1706637,0.00001351,40.00000000,1
1531226593433,1531226593429,1706638,0.00001352,33.00000000,1
1531226593795,1531226593790,1706639,0.00001352,88.00000000,1
1531226594259,1531226594253,1706640,0.00001352,44.00000000,1
1531226594882,1531226594878,1706641,0.00001352,75.00000000,1
1531226595250,1531226595246,1706642,0.00001352,45.00000000,1
1531226595250,1531226595246,1706643,0.00001350,32.00000000,1
1531226595762,1531226595760,1706644,0.00001352,67.00000000,1
1531226596391,1531226596387,1706645,0.00001352,40.00000000,1
1531226596793,1531226596786,1706646,0.00001350,50.00000000,1
1531226597345,1531226597340,1706647,0.00001350,118.00000000,1
1531226597598,1531226597595,1706648,0.00001350,91.00000000,1
1531226598013,1531226598008,1706649,0.00001351,98.00000000,1
1531226598449,1531226598450,1706650,0.00001350,34.00000000,1
1531226598873,1531226598868,1706651,0.00001350,32.00000000,1
1531226599197,1531226599194,1706652,0.00001350,37.00000000,1
1531226599620,1531226599616,1706653,0.00001350,89.00000000,1
1531226599898,1531226599893,1706654,0.00001350,41.00000000,1
1531226600368,1531226600365,1706655,0.00001350,61.00000000,1
1531226600840,1531226600836,1706656,0.00001350,33.00000000,1
1531226601720,1531226601716,1706657,0.00001350,39.00000000,1
1531226602396,1531226602390,1706658,0.00001350,123.00000000,1
1531226602441,1531226602436,1706659,0.00001358,178.00000000,0
1531226602441,1531226602436,1706660,0.00001360,44.00000000,0
1531226602869,1531226602864,1706661,0.00001350,41.00000000,1
1531226603845,1531226603841,1706662,0.00001351,129.00000000,1
1531226604276,1531226604272,1706663,0.00001352,170.00000000,1
1531226604276,1531226604272,1706664,0.00001351,27.00000000,1
1531226604686,1531226604683,1706665,0.00001351,37.00000000,1
1531226605296,1531226605291,1706666,0.00001351,30.00000000,1
1531226605296,1531226605291,1706667,0.00001350,59.00000000,1
1531226605713,1531226605710,1706668,0.00001350,40.00000000,1
1531226606332,1531226606329,1706669,0.00001350,62.00000000,1
1531226606738,1531226606735,1706670,0.00001350,65.00000000,1
1531226607153,1531226607149,1706671,0.00001350,49.00000000,1
1531226607706,1531226607703,1706672,0.00001350,80.00000000,1
1531226622111,1531226622106,1706673,0.00001350,170.00000000,1
1531226652843,1531226652839,1706674,0.00001351,143.00000000,0
1531226757450,1531226757447,1706675,0.00001353,1346.00000000,0
1531226757450,1531226757447,1706676,0.00001354,1200.00000000,0
1531226768940,1531226768938,1706677,0.00001360,1.00000000,0
1531226770325,1531226770320,1706678,0.00001360,53.00000000,0
1531226770325,1531226770320,1706679,0.00001363,229.00000000,0
1531226777803,1531226777797,1706680,0.00001351,84.00000000,1
1531226778324,1531226778319,1706681,0.00001351,164.00000000,1
1531226778843,1531226778838,1706682,0.00001352,40.00000000,1
1531226779181,1531226779177,1706683,0.00001352,74.00000000,1
1531226779762,1531226779758,1706684,0.00001352,86.00000000,1
1531226780135,1531226780132,1706685,0.00001352,67.00000000,1
1531226780272,1531226780265,1706686,0.00001352,742.00000000,1
1531226780841,1531226780836,1706687,0.00001352,39.00000000,1
1531226781245,1531226781239,1706688,0.00001352,41.00000000,1
1531226781566,1531226781562,1706689,0.00001349,102.00000000,1
1531226782159,1531226782155,1706690,0.00001349,42.00000000,1
1531226782972,1531226782966,1706691,0.00001349,52.00000000,1
1531226783445,1531226783441,1706692,0.00001362,1.00000000,0
1531226783528,1531226783525,1706693,0.00001349,44.00000000,1
1531226783586,1531226783582,1706694,0.00001362,1.00000000,0
1531226783691,1531226783688,1706695,0.00001362,1.00000000,0
1531226783838,1531226783835,1706696,0.00001363,1.00000000,0
1531226784028,1531226784024,1706697,0.00001350,127.00000000,1
1531226784348,1531226784343,1706698,0.00001349,93.00000000,1
1531226784906,1531226784903,1706699,0.00001362,1.00000000,0
1531226785115,1531226785113,1706700,0.00001362,1.00000000,0
1531226785166,1531226785162,1706701,0.00001349,183.00000000,1
1531226785176,1531226785173,1706702,0.00001362,1.00000000,0
1531226785289,1531226785285,1706703,0.00001362,1.00000000,0
1531226785557,1531226785553,1706704,0.00001361,1.00000000,0
1531226785593,1531226785588,1706705,0.00001349,72.00000000,1
1531226785792,1531226785788,1706706,0.00001360,1.00000000,0
1531226785889,1531226785853,1706707,0.00001349,86.00000000,1
1531226786012,1531226786008,1706708,0.00001349,34.00000000,1
1531226786244,1531226786241,1706709,0.00001360,1.00000000,0
1531226786649,1531226786644,1706710,0.00001349,88.00000000,1
1531226787015,1531226787011,1706711,0.00001359,1.00000000,0
1531226787170,1531226787166,1706712,0.00001359,1.00000000,0
1531226787228,1531226787225,1706713,0.00001349,123.00000000,1
1531226787278,1531226787274,1706714,0.00001359,11.00000000,0
1531226787416,1531226787413,1706715,0.00001359,11.00000000,0
1531226787635,1531226787632,1706716,0.00001359,1.00000000,0
1531226787642,1531226787638,1706717,0.00001359,1.00000000,0
1531226787898,1531226787893,1706718,0.00001359,11.00000000,0
1531226787915,1531226787911,1706719,0.00001359,11.00000000,0
1531226787944,1531226787939,1706720,0.00001350,84.00000000,1
1531226788191,1531226788188,1706721,0.00001358,1.00000000,0
1531226788300,1531226788295,1706722,0.00001350,52.00000000,1
1531226788313,1531226788309,1706723,0.00001358,1.00000000,0
1531226788608,1531226788604,1706724,0.00001357,1.00000000,0
1531226788709,1531226788706,1706725,0.00001357,11.00000000,0
1531226788710,1531226788706,1706726,0.00001350,14.00000000,1
1531226788710,1531226788706,1706727,0.00001349,112.00000000,1
1531226788811,1531226788806,1706728,0.00001357,11.00000000,0
1531226788956,1531226788955,1706729,0.00001357,11.00000000,0
1531226789187,1531226789182,1706730,0.00001349,37.00000000,1
1531226789375,1531226789371,1706731,0.00001357,1.00000000,0
1531226789449,1531226789446,1706732,0.00001357,1.00000000,0
1531226789540,1531226789535,1706733,0.00001349,37.00000000,1
1531226790004,1531226790000,1706734,0.00001349,46.00000000,1
1531226790337,1531226790334,1706735,0.00001349,134.00000000,1
1531226790975,1531226790971,1706736,0.00001349,123.00000000,1
1531226791004,1531226791000,1706737,0.00001356,1.00000000,0
1531226791163,1531226791160,1706738,0.00001356,1.00000000,0
1531226791295,1531226791291,1706739,0.00001356,1.00000000,0
1531226791437,1531226791433,1706740,0.00001356,1.00000000,0
1531226791806,1531226791802,1706741,0.00001349,71.00000000,1
1531226792077,1531226792073,1706742,0.00001349,85.00000000,1
1531226792427,1531226792424,1706743,0.00001349,133.00000000,1
1531226792743,1531226792739,1706744,0.00001356,1.00000000,0
1531226792885,1531226792881,1706745,0.00001356,1.00000000,0
1531226793017,1531226793014,1706746,0.00001356,1.00000000,0
1531226793109,1531226793103,1706747,0.00001349,126.00000000,1
1531226793155,1531226793151,1706748,0.00001356,1.00000000,0
1531226793599,1531226793598,1706749,0.00001349,46.00000000,1
1531226793775,1531226793771,1706750,0.00001356,1.00000000,0
1531226794000,1531226793996,1706751,0.00001349,45.00000000,1
1531226794442,1531226794435,1706752,0.00001349,50.00000000,1
1531226794447,1531226794443,1706753,0.00001356,1.00000000,0
1531226795017,1531226795014,1706754,0.00001356,11.00000000,0
1531226795133,1531226795126,1706755,0.00001349,65.00000000,1
1531226795160,1531226795156,1706756,0.00001356,54.00000000,0
1531226795160,1531226795156,1706757,0.00001359,57.00000000,0
1531226795341,1531226795337,1706758,0.00001359,111.00000000,0
1531226795464,1531226795460,1706759,0.00001359,344.00000000,0
1531226795464,1531226795460,1706760,0.00001362,248.00000000,0
1531226795464,1531226795460,1706761,0.00001363,214.00000000,0
1531226795464,1531226795460,1706762,0.00001366,305.00000000,0
1531226795580,1531226795575,1706763,0.00001350,114.00000000,1
1531226795580,1531226795575,1706764,0.00001349,76.00000000,1
1531226795943,1531226795939,1706765,0.00001366,1.00000000,0
1531226796275,1531226796272,1706766,0.00001350,88.00000000,1
1531226797165,1531226797162,1706767,0.00001364,1.00000000,0
1531226797177,1531226797174,1706768,0.00001364,1.00000000,0
1531226797307,1531226797304,1706769,0.00001364,1.00000000,0
1531226797461,1531226797462,1706770,0.00001364,1.00000000,0
1531226797825,1531226797822,1706771,0.00001364,1.00000000,0
1531226798010,1531226798006,1706772,0.00001364,1.00000000,0
1531226798669,1531226798665,1706773,0.00001364,1.00000000,0
1531226799772,1531226799772,1706774,0.00001364,1.00000000,0
1531226799947,1531226799943,1706775,0.00001363,1.00000000,0
1531226800078,1531226800075,1706776,0.00001363,1.00000000,0
1531226800663,1531226800658,1706777,0.00001363,1.00000000,0
1531226801469,1531226801465,1706778,0.00001366,1.00000000,0
1531226802103,1531226802100,1706779,0.00001365,1.00000000,0
1531226802279,1531226802276,1706780,0.00001365,1.00000000,0
1531226803750,1531226803746,1706781,0.00001364,1.00000000,0
1531226804067,1531226804064,1706782,0.00001363,1.00000000,0
1531226804364,1531226804360,1706783,0.00001363,1.00000000,0
1531226804402,1531226804399,1706784,0.00001363,1.00000000,0
1531226805052,1531226805049,1706785,0.00001363,1.00000000,0
1531226805216,1531226805213,1706786,0.00001363,1.00000000,0
1531226805438,1531226805434,1706787,0.00001363,1.00000000,0
1531226806097,1531226806094,1706788,0.00001366,1.00000000,0
1531226806261,1531226806257,1706789,0.00001366,1.00000000,0
1531226806511,1531226806506,1706790,0.00001366,1.00000000,0
1531226806620,1531226806616,1706791,0.00001365,1.00000000,0
1531226807961,1531226807957,1706792,0.00001365,1.00000000,0
1531226808108,1531226808105,1706793,0.00001365,1.00000000,0
1531226808241,1531226808238,1706794,0.00001365,1.00000000,0
1531226808330,1531226808325,1706795,0.00001365,1.00000000,0
1531226809824,1531226809820,1706796,0.00001364,11.00000000,0
1531226810117,1531226810113,1706797,0.00001364,11.00000000,0
1531226810247,1531226810242,1706798,0.00001364,11.00000000,0
1531226810362,1531226810358,1706799,0.00001364,11.00000000,0
1531226810439,1531226810435,1706800,0.00001364,11.00000000,0
1531226811447,1531226811423,1706801,0.00001364,1.00000000,0
1531226811753,1531226811752,1706802,0.00001363,1.00000000,0
1531226812085,1531226812082,1706803,0.00001362,1.00000000,0
1531226813398,1531226813394,1706804,0.00001362,1.00000000,0
1531226813711,1531226813707,1706805,0.00001361,1.00000000,0
1531226813983,1531226813979,1706806,0.00001361,1.00000000,0
1531226815427,1531226815423,1706807,0.00001361,1.00000000,0
1531226815588,1531226815583,1706808,0.00001360,1.00000000,0
1531226816226,1531226816223,1706809,0.00001360,1.00000000,0
1531226816548,1531226816545,1706810,0.00001360,11.00000000,0
1531226819206,1531226819202,1706811,0.00001360,11.00000000,0
1531226819361,1531226819358,1706812,0.00001360,11.00000000,0
1531226819495,1531226819491,1706813,0.00001360,11.00000000,0
1531226821663,1531226821660,1706814,0.00001360,1.00000000,0
1531226822243,1531226822239,1706815,0.00001360,1.00000000,0
1531226822387,1531226822382,1706816,0.00001360,1.00000000,0
1531226823217,1531226823213,1706817,0.00001360,1.00000000,0
1531226823497,1531226823493,1706818,0.00001360,1.00000000,0
1531226823855,1531226823852,1706819,0.00001360,1.00000000,0
1531226824537,1531226824532,1706820,0.00001360,93.00000000,0
1531226824537,1531226824532,1706821,0.00001361,130.00000000,0
1531226826418,1531226826415,1706822,0.00001364,1.00000000,0
1531226827043,1531226827040,1706823,0.00001364,1.00000000,0
1531226827183,1531226827179,1706824,0.00001364,1.00000000,0
1531226827407,1531226827403,1706825,0.00001364,1.00000000,0
1531226827672,1531226827668,1706826,0.00001356,69.00000000,1
1531226827739,1531226827735,1706827,0.00001356,12.00000000,1
1531226827739,1531226827735,1706828,0.00001355,69.00000000,1
1531226828242,1531226828238,1706829,0.00001364,1.00000000,0
1531226828392,1531226828388,1706830,0.00001364,1.00000000,0
1531226829036,1531226829032,1706831,0.00001363,1.00000000,0
1531226829200,1531226829197,1706832,0.00001363,1.00000000,0
1531226829433,1531226829429,1706833,0.00001363,1.00000000,0
1531226829571,1531226829567,1706834,0.00001363,1.00000000,0
1531226830916,1531226830912,1706835,0.00001362,1.00000000,0
1531226831199,1531226831196,1706836,0.00001362,1.00000000,0
1531226831515,1531226831510,1706837,0.00001362,1.00000000,0
1531226834138,1531226834134,1706838,0.00001363,1.00000000,0
1531226834435,1531226834430,1706839,0.00001363,1.00000000,0
1531226834723,1531226834720,1706840,0.00001363,1.00000000,0
1531226834949,1531226834945,1706841,0.00001363,1.00000000,0
1531226835086,1531226835082,1706842,0.00001363,1.00000000,0
1531226836980,1531226836975,1706843,0.00001365,1.00000000,0
1531226837139,1531226837135,1706844,0.00001365,1.00000000,0
1531226837196,1531226837193,1706845,0.00001365,1.00000000,0
1531226837271,1531226837266,1706846,0.00001365,1.00000000,0
1531226837481,1531226837478,1706847,0.00001364,1.00000000,0
1531226837728,1531226837724,1706848,0.00001364,1.00000000,0
1531226838109,1531226838105,1706849,0.00001364,1.00000000,0
1531226839235,1531226839230,1706850,0.00001364,1.00000000,0
1531226839411,1531226839407,1706851,0.00001364,1.00000000,0
1531226839530,1531226839526,1706852,0.00001364,1.00000000,0
1531226840732,1531226840728,1706853,0.00001364,1.00000000,0
1531226840882,1531226840879,1706854,0.00001364,1.00000000,0
1531226841038,1531226841035,1706855,0.00001364,1.00000000,0
1531226841616,1531226841612,1706856,0.00001364,1.00000000,0
1531226841755,1531226841752,1706857,0.00001364,1.00000000,0
1531226841906,1531226841902,1706858,0.00001364,1.00000000,0
1531226842780,1531226842776,1706859,0.00001364,1.00000000,0
1531226842889,1531226842889,1706860,0.00001364,11.00000000,0
1531226843024,1531226843020,1706861,0.00001364,11.00000000,0
1531226850571,1531226850568,1706862,0.00001364,1.00000000,0
1531226850881,1531226850877,1706863,0.00001364,1.00000000,0
1531226851022,1531226851018,1706864,0.00001364,1.00000000,0
1531226851131,1531226851127,1706865,0.00001364,1.00000000,0
1531226851161,1531226851156,1706866,0.00001364,1.00000000,0
1531226851165,1531226851161,1706867,0.00001364,1.00000000,0
1531226851222,1531226851219,1706868,0.00001364,1.00000000,0
1531226851228,1531226851225,1706869,0.00001364,1.00000000,0
1531226851232,1531226851228,1706870,0.00001364,1.00000000,0
1531226851282,1531226851278,1706871,0.00001364,1.00000000,0
1531226851306,1531226851303,1706872,0.00001364,1.00000000,0
1531226851403,1531226851399,1706873,0.00001364,1.00000000,0
1531226854440,1531226854436,1706874,0.00001362,11.00000000,0
1531226854950,1531226854946,1706875,0.00001362,11.00000000,0
1531226854982,1531226854979,1706876,0.00001362,11.00000000,0
1531226858631,1531226858627,1706877,0.00001362,11.00000000,0
1531226862231,1531226862228,1706878,0.00001362,1.00000000,0
1531226862277,1531226862273,1706879,0.00001362,1.00000000,0
1531226862644,1531226862626,1706880,0.00001362,1.00000000,0
1531226862791,1531226862792,1706881,0.00001362,1.00000000,0
1531226862829,1531226862825,1706882,0.00001362,1.00000000,0
1531226862830,1531226862826,1706883,0.00001362,1.00000000,0
1531226862897,1531226862894,1706884,0.00001362,1.00000000,0
1531226862924,1531226862926,1706885,0.00001362,1.00000000,0
1531226862949,1531226862944,1706886,0.00001362,1.00000000,0
1531226863001,1531226862996,1706887,0.00001362,1.00000000,0
1531226863070,1531226863067,1706888,0.00001362,1.00000000,0
1531226863093,1531226863089,1706889,0.00001362,1.00000000,0
1531226865201,1531226865197,1706890,0.00001355,1236.00000000,1
1531226866770,1531226866766,1706891,0.00001361,11.00000000,0
1531226870090,1531226870087,1706892,0.00001361,11.00000000,0
1531226870191,1531226870187,1706893,0.00001361,11.00000000,0
1531226870488,1531226870487,1706894,0.00001361,11.00000000,0
1531226870621,1531226870618,1706895,0.00001361,11.00000000,0
1531226870654,1531226870649,1706896,0.00001361,11.00000000,0
1531226870677,1531226870673,1706897,0.00001361,11.00000000,0
1531226870703,1531226870700,1706898,0.00001361,11.00000000,0
1531226870788,1531226870785,1706899,0.00001361,11.00000000,0
1531226870824,1531226870820,1706900,0.00001361,11.00000000,0
1531226870840,1531226870835,1706901,0.00001361,11.00000000,0
1531226871013,1531226871008,1706902,0.00001361,11.00000000,0
1531226871090,1531226871092,1706903,0.00001361,11.00000000,0
1531226871133,1531226871118,1706904,0.00001361,6.00000000,0
1531226871133,1531226871118,1706905,0.00001367,5.00000000,0
1531226871133,1531226871118,1706906,0.00001367,11.00000000,0
1531226871166,1531226871162,1706907,0.00001367,11.00000000,0
1531226871175,1531226871173,1706908,0.00001367,11.00000000,0
1531226871215,1531226871210,1706909,0.00001367,11.00000000,0
1531226873148,1531226873144,1706910,0.00001367,1.00000000,0
1531226873700,1531226873697,1706911,0.00001367,1.00000000,0
1531226873718,1531226873715,1706912,0.00001367,1.00000000,0
1531226875256,1531226875252,1706913,0.00001367,1.00000000,0
1531226879111,1531226879106,1706914,0.00001367,1.00000000,0
1531226879300,1531226879296,1706915,0.00001367,1.00000000,0
1531226879506,1531226879502,1706916,0.00001366,1.00000000,0
1531226879536,1531226879533,1706917,0.00001366,1.00000000,0
1531226879576,1531226879571,1706918,0.00001366,1.00000000,0
1531226879603,1531226879603,1706919,0.00001366,1.00000000,0
1531226879669,1531226879664,1706920,0.00001366,1.00000000,0
1531226879677,1531226879673,1706921,0.00001366,1.00000000,0
1531226879749,1531226879746,1706922,0.00001366,1.00000000,0
1531226879768,1531226879763,1706923,0.00001366,1.00000000,0
1531226882159,1531226882156,1706924,0.00001367,11.00000000,0
1531226885876,1531226885873,1706925,0.00001366,11.00000000,0
1531226885988,1531226885985,1706926,0.00001366,11.00000000,0
1531226886200,1531226886196,1706927,0.00001366,11.00000000,0
1531226886313,1531226886309,1706928,0.00001356,1978.00000000,1
1531226886326,1531226886323,1706929,0.00001355,185.00000000,1
1531226886449,1531226886446,1706930,0.00001366,11.00000000,0
1531226886491,1531226886489,1706931,0.00001366,11.00000000,0
1531226886524,1531226886521,1706932,0.00001366,11.00000000,0
1531226886530,1531226886526,1706933,0.00001366,11.00000000,0
1531226886545,1531226886541,1706934,0.00001366,11.00000000,0
1531226886549,1531226886546,1706935,0.00001366,11.00000000,0
1531226886616,1531226886612,1706936,0.00001366,11.00000000,0
1531226886626,1531226886622,1706937,0.00001366,11.00000000,0
1531226886697,1531226886693,1706938,0.00001366,11.00000000,0
1531226888788,1531226888784,1706939,0.00001366,1.00000000,0
1531226891512,1531226891508,1706940,0.00001366,1.00000000,0
1531226892068,1531226892065,1706941,0.00001366,1.00000000,0
1531226892101,1531226892098,1706942,0.00001366,1.00000000,0
1531226892523,1531226892520,1706943,0.00001366,1.00000000,0
1531226893780,1531226893775,1706944,0.00001366,11.00000000,0
1531226896719,1531226896714,1706945,0.00001366,11.00000000,0
1531226896769,1531226896765,1706946,0.00001366,11.00000000,0
1531226896971,1531226896967,1706947,0.00001366,11.00000000,0
1531226897084,1531226897080,1706948,0.00001366,11.00000000,0
1531226897307,1531226897304,1706949,0.00001366,11.00000000,0
1531226897334,1531226897335,1706950,0.00001366,11.00000000,0
1531226897362,1531226897358,1706951,0.00001366,11.00000000,0
1531226897366,1531226897362,1706952,0.00001366,11.00000000,0
1531226897386,1531226897382,1706953,0.00001366,11.00000000,0
1531226897464,1531226897461,1706954,0.00001366,11.00000000,0
1531226897533,1531226897528,1706955,0.00001366,11.00000000,0
1531226897565,1531226897562,1706956,0.00001366,11.00000000,0
1531226899183,1531226899179,1706957,0.00001365,111.00000000,0
1531226901812,1531226901809,1706958,0.00001367,1.00000000,0
1531226902333,1531226902332,1706959,0.00001366,1.00000000,0
1531226902792,1531226902787,1706960,0.00001366,1.00000000,0
1531226904828,1531226904825,1706961,0.00001367,111.00000000,0
1531226905826,1531226905823,1706962,0.00001366,111.00000000,0
1531226905850,1531226905847,1706963,0.00001366,111.00000000,0
1531226908306,1531226908302,1706964,0.00001368,111.00000000,0
1531226908843,1531226908840,1706965,0.00001368,111.00000000,0
1531226909214,1531226909209,1706966,0.00001355,477.00000000,1
1531226909317,1531226909313,1706967,0.00001368,111.00000000,0
1531226911531,1531226911528,1706968,0.00001366,1.00000000,0
1531226914090,1531226914086,1706969,0.00001368,1.00000000,0
1531226914141,1531226914136,1706970,0.00001368,1.00000000,0
1531226914185,1531226914180,1706971,0.00001355,501.00000000,1
1531226914338,1531226914335,1706972,0.00001364,1.00000000,0
1531226914419,1531226914416,1706973,0.00001364,1.00000000,0
1531226914673,1531226914669,1706974,0.00001364,1.00000000,0
1531226914704,1531226914701,1706975,0.00001364,1.00000000,0
1531226914739,1531226914735,1706976,0.00001364,1.00000000,0
1531226914752,1531226914748,1706977,0.00001364,1.00000000,0
1531226914762,1531226914759,1706978,0.00001364,1.00000000,0
1531226914788,1531226914785,1706979,0.00001364,1.00000000,0
1531226915031,1531226915027,1706980,0.00001364,1.00000000,0
1531226915245,1531226915242,1706981,0.00001364,1.00000000,0
1531226915247,1531226915243,1706982,0.00001364,1.00000000,0
1531226915263,1531226915259,1706983,0.00001364,1.00000000,0
1531226915273,1531226915270,1706984,0.00001364,1.00000000,0
1531226915279,1531226915276,1706985,0.00001364,1.00000000,0
1531226915287,1531226915284,1706986,0.00001364,1.00000000,0
1531226915289,1531226915286,1706987,0.00001364,1.00000000,0
1531226915405,1531226915401,1706988,0.00001364,1.00000000,0
1531226915451,1531226915447,1706989,0.00001364,1.00000000,0
1531226917092,1531226917089,1706990,0.00001364,1.00000000,0
1531226920068,1531226920064,1706991,0.00001364,11.00000000,0
1531226920606,1531226920602,1706992,0.00001364,11.00000000,0
1531226920632,1531226920629,1706993,0.00001364,11.00000000,0
1531226920701,1531226920701,1706994,0.00001364,11.00000000,0
1531226921015,1531226921011,1706995,0.00001364,11.00000000,0
1531226921105,1531226921102,1706996,0.00001364,11.00000000,0
1531226921210,1531226921207,1706997,0.00001364,11.00000000,0
1531226921249,1531226921245,1706998,0.00001364,11.00000000,0
1531226921280,1531226921276,1706999,0.00001364,11.00000000,0
1531226923402,1531226923398,1707000,0.00001364,111.00000000,0
1531226927706,1531226927702,1707001,0.00001364,48.00000000,0
1531226927706,1531226927702,1707002,0.00001367,63.00000000,0
1531226930911,1531226930907,1707003,0.00001368,1.00000000,0
1531226931038,1531226931036,1707004,0.00001368,1.00000000,0
1531226931461,1531226931456,1707005,0.00001368,1.00000000,0
1531226931476,1531226931472,1707006,0.00001368,1.00000000,0
1531226931492,1531226931489,1707007,0.00001368,1.00000000,0
1531226931492,1531226931489,1707008,0.00001368,1.00000000,0
1531226931548,1531226931545,1707009,0.00001368,1.00000000,0
1531226931559,1531226931555,1707010,0.00001368,1.00000000,0
1531226931640,1531226931636,1707011,0.00001368,1.00000000,0
1531226931649,1531226931645,1707012,0.00001368,1.00000000,0
1531226931653,1531226931650,1707013,0.00001368,1.00000000,0
1531226932009,1531226932006,1707014,0.00001368,1.00000000,0
1531226932012,1531226932008,1707015,0.00001368,1.00000000,0
1531226934941,1531226934937,1707016,0.00001366,1.00000000,0
1531226935444,1531226935440,1707017,0.00001366,1.00000000,0
1531226935477,1531226935474,1707018,0.00001366,1.00000000,0
1531226935540,1531226935537,1707019,0.00001366,1.00000000,0
1531226935546,1531226935543,1707020,0.00001366,1.00000000,0
1531226939239,1531226939237,1707021,0.00001365,1.00000000,0
1531226942147,1531226942143,1707022,0.00001365,1.00000000,0
1531226942201,1531226942198,1707023,0.00001365,1.00000000,0
1531226942672,1531226942668,1707024,0.00001365,1.00000000,0
1531226942716,1531226942714,1707025,0.00001365,1.00000000,0
1531226942739,1531226942736,1707026,0.00001365,1.00000000,0
1531226942820,1531226942818,1707027,0.00001365,1.00000000,0
1531226942827,1531226942824,1707028,0.00001365,1.00000000,0
1531226942862,1531226942859,1707029,0.00001365,1.00000000,0
1531226942869,1531226942865,1707030,0.00001365,1.00000000,0
1531226942894,1531226942891,1707031,0.00001365,1.00000000,0
1531226943073,1531226943069,1707032,0.00001365,1.00000000,0
1531226958750,1531226958746,1707033,0.00001354,88.00000000,1
1531226971152,1531226971150,1707034,0.00001364,1.00000000,0
1531226975081,1531226975078,1707035,0.00001366,1.00000000,0
1531226976073,1531226976069,1707036,0.00001366,1.00000000,0
1531226976088,1531226976084,1707037,0.00001366,1.00000000,0
1531226976126,1531226976122,1707038,0.00001366,1.00000000,0
1531226981053,1531226981049,1707039,0.00001366,1.00000000,0
1531226994040,1531226994037,1707040,0.00001363,1.00000000,0
1531226994524,1531226994521,1707041,0.00001363,1.00000000,0
1531226994536,1531226994532,1707042,0.00001363,1.00000000,0
1531226994553,1531226994550,1707043,0.00001363,1.00000000,0
1531226994622,1531226994618,1707044,0.00001363,1.00000000,0
1531226994639,1531226994636,1707045,0.00001363,1.00000000,0
1531226994645,1531226994642,1707046,0.00001363,1.00000000,0
1531226994663,1531226994659,1707047,0.00001363,1.00000000,0
1531226994723,1531226994719,1707048,0.00001363,1.00000000,0
1531226994728,1531226994724,1707049,0.00001363,1.00000000,0
1531226995049,1531226995046,1707050,0.00001363,1.00000000,0
1531226995096,1531226995093,1707051,0.00001363,1.00000000,0
1531226998931,1531226998927,1707052,0.00001363,11.00000000,0
1531226999451,1531226999447,1707053,0.00001363,11.00000000,0
1531226999472,1531226999468,1707054,0.00001363,11.00000000,0
1531226999476,1531226999472,1707055,0.00001363,11.00000000,0
1531227009201,1531227009196,1707056,0.00001354,134.00000000,1
1531227009201,1531227009196,1707057,0.00001353,74.00000000,1
1531227009201,1531227009196,1707058,0.00001352,402.00000000,1
1531227014772,1531227014768,1707059,0.00001359,11.00000000,0
1531227018153,1531227018149,1707060,0.00001359,11.00000000,0
1531227021206,1531227021202,1707061,0.00001359,1.00000000,0
1531227023628,1531227023623,1707062,0.00001359,1.00000000,0
1531227026355,1531227026352,1707063,0.00001359,1.00000000,0
1531227028218,1531227028214,1707064,0.00001359,1.00000000,0
1531227034522,1531227034519,1707065,0.00001357,1.00000000,0
1531227038355,1531227038352,1707066,0.00001357,1111.00000000,0
1531227038573,1531227038569,1707067,0.00001357,1111.00000000,0
1531227038704,1531227038701,1707068,0.00001357,613.00000000,0
1531227038704,1531227038701,1707069,0.00001358,498.00000000,0
1531227042468,1531227042464,1707070,0.00001358,111.00000000,0
1531227042654,1531227042651,1707071,0.00001358,111.00000000,0
1531227042827,1531227042824,1707072,0.00001358,111.00000000,0
1531227045242,1531227045238,1707073,0.00001358,111.00000000,0
1531227045382,1531227045383,1707074,0.00001358,111.00000000,0
1531227045524,1531227045521,1707075,0.00001358,111.00000000,0
1531227045667,1531227045663,1707076,0.00001358,111.00000000,0
1531227048259,1531227048255,1707077,0.00001358,66.00000000,0
1531227048259,1531227048255,1707078,0.00001359,45.00000000,0
1531227048369,1531227048365,1707079,0.00001359,111.00000000,0
1531227048507,1531227048504,1707080,0.00001359,111.00000000,0
1531227048629,1531227048625,1707081,0.00001359,76.00000000,0
1531227048629,1531227048625,1707082,0.00001365,35.00000000,0
1531227048723,1531227048720,1707083,0.00001365,111.00000000,0
1531227048840,1531227048837,1707084,0.00001365,111.00000000,0
1531227052988,1531227052986,1707085,0.00001365,1.00000000,0
1531227094590,1531227094586,1707086,0.00001365,111.00000000,0
1531227094661,1531227094656,1707087,0.00001365,111.00000000,0
1531227094818,1531227094815,1707088,0.00001365,111.00000000,0
1531227094939,1531227094936,1707089,0.00001365,111.00000000,0
1531227095054,1531227095054,1707090,0.00001365,111.00000000,0
1531227095149,1531227095148,1707091,0.00001365,111.00000000,0
1531227095257,1531227095253,1707092,0.00001365,111.00000000,0
1531227097736,1531227097732,1707093,0.00001365,46.00000000,0
1531227097736,1531227097732,1707094,0.00001366,65.00000000,0
1531227097876,1531227097873,1707095,0.00001366,111.00000000,0
1531227098131,1531227098126,1707096,0.00001366,111.00000000,0
1531227098469,1531227098466,1707097,0.00001366,111.00000000,0
1531227100430,1531227100427,1707098,0.00001366,111.00000000,0
1531227100675,1531227100672,1707099,0.00001366,9.00000000,0
1531227100675,1531227100672,1707100,0.00001369,102.00000000,0
1531227101042,1531227101038,1707101,0.00001369,111.00000000,0
1531227101174,1531227101173,1707102,0.00001355,2605.00000000,1
1531227101313,1531227101299,1707103,0.00001369,111.00000000,0
1531227103760,1531227103755,1707104,0.00001368,111.00000000,0
1531227104005,1531227103999,1707105,0.00001356,92.00000000,1
1531227104393,1531227104390,1707106,0.00001368,110.00000000,0
1531227104393,1531227104390,1707107,0.00001369,1.00000000,0
1531227104509,1531227104506,1707108,0.00001369,111.00000000,0
1531227104619,1531227104615,1707109,0.00001369,111.00000000,0
1531227105051,1531227105046,1707110,0.00001356,418.00000000,1
1531227107318,1531227107313,1707111,0.00001369,11.00000000,0
1531227107431,1531227107428,1707112,0.00001369,11.00000000,0
1531227107598,1531227107594,1707113,0.00001369,11.00000000,0
1531227107739,1531227107735,1707114,0.00001369,11.00000000,0
1531227107757,1531227107753,1707115,0.00001369,11.00000000,0
1531227107889,1531227107885,1707116,0.00001369,11.00000000,0
1531227108080,1531227108076,1707117,0.00001369,11.00000000,0
1531227109521,1531227109517,1707118,0.00001369,1.00000000,0
1531227109636,1531227109633,1707119,0.00001369,1.00000000,0
1531227110317,1531227110314,1707120,0.00001369,1.00000000,0
1531227110401,1531227110398,1707121,0.00001369,1.00000000,0
1531227111612,1531227111608,1707122,0.00001369,1.00000000,0
1531227111749,1531227111746,1707123,0.00001369,1.00000000,0
1531227111909,1531227111905,1707124,0.00001369,1.00000000,0
1531227113948,1531227113944,1707125,0.00001369,11.00000000,0
1531227114051,1531227114048,1707126,0.00001369,11.00000000,0
1531227114193,1531227114190,1707127,0.00001369,11.00000000,0
1531227114365,1531227114362,1707128,0.00001369,11.00000000,0
1531227114955,1531227114954,1707129,0.00001368,11.00000000,0
1531227116435,1531227116430,1707130,0.00001368,1.00000000,0
1531227116587,1531227116584,1707131,0.00001368,1.00000000,0
1531227116740,1531227116738,1707132,0.00001368,1.00000000,0
1531227116875,1531227116872,1707133,0.00001368,1.00000000,0
1531227118254,1531227118250,1707134,0.00001368,1.00000000,0
1531227118396,1531227118392,1707135,0.00001368,1.00000000,0
1531227118520,1531227118516,1707136,0.00001368,1.00000000,0
1531227120606,1531227120603,1707137,0.00001368,1.00000000,0
1531227120736,1531227120734,1707138,0.00001368,1.00000000,0
1531227121287,1531227121284,1707139,0.00001368,1.00000000,0
1531227121433,1531227121429,1707140,0.00001368,1.00000000,0
1531227123046,1531227123042,1707141,0.00001368,1.00000000,0
1531227123203,1531227123199,1707142,0.00001368,1.00000000,0
1531227123360,1531227123356,1707143,0.00001368,1.00000000,0
1531227153695,1531227153690,1707144,0.00001360,119.00000000,1
1531227159398,1531227159395,1707145,0.00001370,1.00000000,0
1531227165013,1531227165009,1707146,0.00001370,111.00000000,0
1531227166996,1531227166992,1707147,0.00001370,7.00000000,0
1531227166997,1531227166992,1707148,0.00001371,104.00000000,0
1531227169352,1531227169348,1707149,0.00001370,1.00000000,0
1531227169483,1531227169480,1707150,0.00001370,1.00000000,0
1531227169670,1531227169666,1707151,0.00001370,1.00000000,0
1531227169784,1531227169780,1707152,0.00001370,1.00000000,0
1531227169891,1531227169888,1707153,0.00001370,1.00000000,0
1531227169902,1531227169898,1707154,0.00001370,1.00000000,0
1531227169970,1531227169966,1707155,0.00001370,1.00000000,0
1531227170041,1531227170038,1707156,0.00001370,1.00000000,0
1531227170049,1531227170046,1707157,0.00001370,1.00000000,0
1531227170054,1531227170051,1707158,0.00001370,1.00000000,0
1531227170120,1531227170115,1707159,0.00001370,1.00000000,0
1531227170213,1531227170209,1707160,0.00001370,1.00000000,0
1531227170258,1531227170254,1707161,0.00001370,1.00000000,0
1531227170325,1531227170322,1707162,0.00001370,1.00000000,0
1531227170330,1531227170326,1707163,0.00001370,1.00000000,0
1531227170397,1531227170392,1707164,0.00001370,1.00000000,0
1531227173796,1531227173792,1707165,0.00001369,1.00000000,0
1531227173796,1531227173793,1707166,0.00001369,1.00000000,0
1531227173819,1531227173815,1707167,0.00001368,1.00000000,0
1531227173861,1531227173857,1707168,0.00001368,1.00000000,0
1531227173903,1531227173901,1707169,0.00001368,1.00000000,0
1531227173935,1531227173936,1707170,0.00001368,1.00000000,0
1531227173989,1531227173985,1707171,0.00001368,1.00000000,0
1531227174071,1531227174068,1707172,0.00001368,1.00000000,0
1531227174082,1531227174079,1707173,0.00001368,1.00000000,0
1531227174157,1531227174153,1707174,0.00001368,1.00000000,0
1531227174358,1531227174355,1707175,0.00001368,1.00000000,0
1531227174359,1531227174355,1707176,0.00001368,1.00000000,0
1531227174371,1531227174367,1707177,0.00001368,1.00000000,0
1531227174381,1531227174378,1707178,0.00001368,1.00000000,0
1531227174446,1531227174443,1707179,0.00001368,1.00000000,0
1531227174468,1531227174464,1707180,0.00001368,1.00000000,0
1531227174468,1531227174464,1707181,0.00001368,1.00000000,0
1531227176586,1531227176582,1707182,0.00001368,1.00000000,0
1531227178747,1531227178743,1707183,0.00001368,1.00000000,0
1531227181668,1531227181664,1707184,0.00001368,1.00000000,0
1531227181786,1531227181783,1707185,0.00001368,1.00000000,0
1531227181905,1531227181902,1707186,0.00001368,1.00000000,0
1531227182346,1531227182343,1707187,0.00001368,1.00000000,0
1531227183576,1531227183573,1707188,0.00001368,11.00000000,0
1531227183735,1531227183732,1707189,0.00001368,11.00000000,0
1531227183971,1531227183967,1707190,0.00001368,11.00000000,0
1531227186319,1531227186315,1707191,0.00001368,11.00000000,0
1531227186639,1531227186635,1707192,0.00001368,11.00000000,0
1531227186700,1531227186697,1707193,0.00001368,11.00000000,0
1531227186902,1531227186898,1707194,0.00001368,11.00000000,0
1531227187013,1531227187010,1707195,0.00001368,11.00000000,0
1531227187612,1531227187609,1707196,0.00001368,1.00000000,0
1531227187753,1531227187749,1707197,0.00001368,1.00000000,0
1531227187869,1531227187865,1707198,0.00001368,1.00000000,0
1531227187996,1531227187993,1707199,0.00001368,1.00000000,0
1531227188596,1531227188593,1707200,0.00001368,1.00000000,0
1531227188887,1531227188884,1707201,0.00001368,1.00000000,0
1531227189196,1531227189193,1707202,0.00001368,1.00000000,0
1531227200476,1531227200470,1707203,0.00001361,120.00000000,1
1531227211899,1531227211895,1707204,0.00001361,835.00000000,1
1531227213697,1531227213693,1707205,0.00001367,1.00000000,0
1531227258880,1531227258876,1707206,0.00001367,1.00000000,0
1531227262113,1531227262109,1707207,0.00001367,1.00000000,0
1531227265170,1531227265166,1707208,0.00001367,1.00000000,0
1531227267444,1531227267440,1707209,0.00001367,1.00000000,0
1531227269748,1531227269743,1707210,0.00001367,1.00000000,0
1531227272236,1531227272232,1707211,0.00001366,1.00000000,0
1531227274865,1531227274861,1707212,0.00001366,1.00000000,0
1531227277439,1531227277436,1707213,0.00001365,1.00000000,0
1531227279988,1531227279986,1707214,0.00001365,1.00000000,0
1531227282849,1531227282845,1707215,0.00001365,1.00000000,0
1531227285650,1531227285647,1707216,0.00001365,1.00000000,0
1531227288948,1531227288944,1707217,0.00001365,1.00000000,0
1531227291354,1531227291351,1707218,0.00001365,1.00000000,0
1531227293614,1531227293610,1707219,0.00001365,1.00000000,0
1531227295889,1531227295886,1707220,0.00001365,1.00000000,0
1531227303511,1531227303508,1707221,0.00001368,1.00000000,0
1531227906742,1531227906737,1707222,0.00001356,498.00000000,1
1531227922633,1531227922630,1707223,0.00001355,2193.00000000,1
1531227946745,1531227946741,1707224,0.00001355,10225.00000000,1
1531227946745,1531227946741,1707225,0.00001354,74.00000000,1
1531227946745,1531227946741,1707226,0.00001352,376.00000000,1
1531227955930,1531227955927,1707227,0.00001351,278.00000000,1
1531228096635,1531228096631,1707228,0.00001351,498.00000000,0
1531228096635,1531228096631,1707229,0.00001352,242.00000000,0
1531228119392,1531228119390,1707230,0.00001350,222.00000000,1
1531228132658,1531228132654,1707231,0.00001353,2311.00000000,0
1531228136558,1531228136554,1707232,0.00001354,2.00000000,0
1531228143545,1531228143540,1707233,0.00001354,380.00000000,0
1531228154406,1531228154403,1707234,0.00001354,10727.00000000,0
1531228154406,1531228154403,1707235,0.00001355,222.00000000,0
1531228154406,1531228154403,1707236,0.00001356,376.00000000,0
1531228166231,1531228166227,1707237,0.00001360,1.00000000,0
1531228220834,1531228220828,1707238,0.00001360,277.00000000,0
1531228220834,1531228220828,1707239,0.00001365,1347.00000000,0
1531228220834,1531228220828,1707240,0.00001366,2326.00000000,0
1531228220834,1531228220828,1707241,0.00001367,74.00000000,0
1531228220834,1531228220828,1707242,0.00001368,451.00000000,0
1531228227726,1531228227722,1707243,0.00001370,1.00000000,0
1531228252717,1531228252710,1707244,0.00001358,2990.00000000,1
1531228252717,1531228252710,1707245,0.00001356,1480.00000000,1
1531228252717,1531228252710,1707246,0.00001355,4874.00000000,1
1531228254400,1531228254396,1707247,0.00001359,108.00000000,1
1531228259900,1531228259897,1707248,0.00001359,1359.00000000,1
1531228273877,1531228273874,1707249,0.00001362,1.00000000,0
1531228293628,1531228293624,1707250,0.00001362,2207.00000000,0
1531228293662,1531228293657,1707251,0.00001362,276.00000000,0
1531228462507,1531228462503,1707252,0.00001353,74.00000000,1
1531228470034,1531228470031,1707253,0.00001357,1.00000000,0
1531228570341,1531228570337,1707254,0.00001350,31.00000000,1
1531228571518,1531228571514,1707255,0.00001347,31.00000000,1
1531228887043,1531228887037,1707256,0.00001347,478.00000000,1
1531228887043,1531228887037,1707257,0.00001346,288.00000000,1
1531228887043,1531228887037,1707258,0.00001343,675.00000000,1
1531228890419,1531228890415,1707259,0.00001345,279.00000000,0
1531229011862,1531229011858,1707260,0.00001350,18.00000000,0
1531229073173,1531229073167,1707261,0.00001341,691.00000000,1
1531229073173,1531229073167,1707262,0.00001340,705.00000000,1
1531229073173,1531229073167,1707263,0.00001338,2498.00000000,1
1531229073173,1531229073167,1707264,0.00001337,1119.00000000,1
1531229073173,1531229073167,1707265,0.00001336,2591.00000000,1
1531229073173,1531229073167,1707266,0.00001335,928.00000000,1
1531229085927,1531229085922,1707267,0.00001342,3512.00000000,0
1531229087432,1531229087427,1707268,0.00001343,684.00000000,0
1531229088480,1531229088443,1707269,0.00001342,407.00000000,0
1531229090581,1531229090575,1707270,0.00001344,373.00000000,0
1531229105400,1531229105380,1707271,0.00001346,657.00000000,0
1531229143754,1531229143751,1707272,0.00001340,2622.00000000,1
1531229145948,1531229145938,1707273,0.00001340,1972.00000000,1
1531229145948,1531229145938,1707274,0.00001338,453.00000000,1
1531229145948,1531229145938,1707275,0.00001336,3048.00000000,1
1531229145948,1531229145938,1707276,0.00001335,9781.00000000,1
1531229145948,1531229145938,1707277,0.00001333,1014.00000000,1
1531229145948,1531229145938,1707278,0.00001331,470.00000000,1
1531229145948,1531229145938,1707279,0.00001330,2254.00000000,1
1531229145948,1531229145938,1707280,0.00001329,1081.00000000,1
1531229146585,1531229146580,1707281,0.00001337,241.00000000,1
1531229146697,1531229146693,1707282,0.00001337,390.00000000,1
1531229146976,1531229146970,1707283,0.00001339,521.00000000,0
1531229147141,1531229147135,1707284,0.00001337,105.00000000,1
1531229147189,1531229147185,1707285,0.00001340,746.00000000,0
1531229147300,1531229147296,1707286,0.00001340,1695.00000000,0
1531229147488,1531229147484,1707287,0.00001337,97.00000000,1
1531229148196,1531229148192,1707288,0.00001340,469.00000000,0
1531229149018,1531229149014,1707289,0.00001336,338.00000000,0
1531229149563,1531229149558,1707290,0.00001339,352.00000000,0
1531229157504,1531229157498,1707291,0.00001339,352.00000000,1
1531229157504,1531229157498,1707292,0.00001331,1509.00000000,1
1531229157504,1531229157498,1707293,0.00001329,1970.00000000,1
1531229157504,1531229157498,1707294,0.00001328,1508.00000000,1
1531229157992,1531229157988,1707295,0.00001339,169.00000000,0
1531229158038,1531229158035,1707296,0.00001339,169.00000000,0
1531229158641,1531229158637,1707297,0.00001336,338.00000000,0
1531229158652,1531229158650,1707298,0.00001336,338.00000000,0
1531229158667,1531229158663,1707299,0.00001336,133.00000000,0
1531229159447,1531229159442,1707300,0.00001336,300.00000000,0
1531229159857,1531229159851,1707301,0.00001336,390.00000000,0
1531229160024,1531229160019,1707302,0.00001338,3048.00000000,0
1531229160640,1531229160636,1707303,0.00001336,471.00000000,0
1531229161542,1531229161539,1707304,0.00001339,1170.00000000,0
1531229162461,1531229162455,1707305,0.00001342,748.00000000,0
1531229164459,1531229164454,1707306,0.00001343,112.00000000,0
1531229183048,1531229183043,1707307,0.00001346,2.00000000,0
1531229212627,1531229212622,1707308,0.00001340,603.00000000,1
1531229228801,1531229228797,1707309,0.00001345,315.00000000,0
1531229234272,1531229234266,1707310,0.00001345,185.00000000,0
1531229234298,1531229234292,1707311,0.00001345,35.00000000,0
1531229234298,1531229234292,1707312,0.00001346,74.00000000,0
1531229234298,1531229234292,1707313,0.00001348,76.00000000,0
1531229234298,1531229234294,1707314,0.00001348,189.00000000,0
1531229306920,1531229306917,1707315,0.00001348,311.00000000,0
1531229309889,1531229309885,1707316,0.00001348,103.00000000,0
1531229343601,1531229343598,1707317,0.00001347,169.00000000,0
1531229558102,1531229558097,1707318,0.00001348,50.00000000,0
1531229578497,1531229578493,1707319,0.00001348,5.00000000,0
1531229581634,1531229581630,1707320,0.00001348,1.00000000,0
1531229592671,1531229592666,1707321,0.00001348,11.00000000,0
1531229597066,1531229597062,1707322,0.00001354,591.00000000,0
1531229600428,1531229600421,1707323,0.00001356,691.00000000,0
1531229600428,1531229600421,1707324,0.00001358,4522.00000000,0
1531229603280,1531229603275,1707325,0.00001358,352.00000000,0
1531229603280,1531229603275,1707326,0.00001359,92.00000000,0
1531229613240,1531229613234,1707327,0.00001358,13155.00000000,0
1531229613240,1531229613234,1707328,0.00001359,1109.00000000,0
1531229613240,1531229613234,1707329,0.00001371,1467.00000000,0
1531229613240,1531229613234,1707330,0.00001372,2245.00000000,0
1531229613240,1531229613234,1707331,0.00001373,6604.00000000,0
1531229616211,1531229616206,1707332,0.00001373,63.00000000,0
1531229616302,1531229616298,1707333,0.00001373,6013.00000000,0
1531229616875,1531229616870,1707334,0.00001373,51.00000000,0
1531229617368,1531229617366,1707335,0.00001373,340.00000000,0
1531229617804,1531229617798,1707336,0.00001373,51.00000000,0
1531229619061,1531229619056,1707337,0.00001373,5675.00000000,0
1531229619061,1531229619056,1707338,0.00001379,433.00000000,0
1531229619061,1531229619056,1707339,0.00001381,1560.00000000,0
1531229619061,1531229619056,1707340,0.00001386,21055.00000000,0
1531229619085,1531229619080,1707341,0.00001390,8914.00000000,1
1531229619093,1531229619087,1707342,0.00001390,2546.00000000,1
1531229619109,1531229619106,1707343,0.00001390,446.00000000,1
1531229619159,1531229619156,1707344,0.00001390,702.00000000,1
1531229619178,1531229619173,1707345,0.00001390,703.00000000,1
1531229619209,1531229619199,1707346,0.00001394,220.00000000,0
1531229619209,1531229619199,1707347,0.00001397,79.00000000,0
1531229619209,1531229619199,1707348,0.00001404,752.00000000,0
1531229619260,1531229619255,1707349,0.00001390,2950.00000000,1
1531229619294,1531229619289,1707350,0.00001404,1504.00000000,0
1531229619476,1531229619471,1707351,0.00001391,359.00000000,1
1531229619532,1531229619526,1707352,0.00001391,1.00000000,0
1531229619532,1531229619526,1707353,0.00001403,359.00000000,0
1531229619532,1531229619526,1707354,0.00001404,2338.00000000,0
1531229619532,1531229619526,1707355,0.00001407,149.00000000,0
1531229619532,1531229619526,1707356,0.00001410,103.00000000,0
1531229620218,1531229620213,1707357,0.00001391,5.00000000,1
1531229621163,1531229621158,1707358,0.00001403,16.00000000,0
1531229621195,1531229621189,1707359,0.00001403,86.00000000,0
1531229621195,1531229621189,1707360,0.00001410,16.00000000,0
1531229621228,1531229621223,1707361,0.00001410,16.00000000,0
1531229621271,1531229621265,1707362,0.00001410,19.00000000,0
1531229621334,1531229621332,1707363,0.00001410,22.00000000,0
1531229621369,1531229621363,1707364,0.00001410,22.00000000,0
1531229621521,1531229621517,1707365,0.00001410,22.00000000,0
1531229621873,1531229621868,1707366,0.00001392,1093.00000000,1
1531229622227,1531229622223,1707367,0.00001410,346.00000000,0
1531229622511,1531229622506,1707368,0.00001409,992.00000000,0
1531229622511,1531229622506,1707369,0.00001410,1027.00000000,0
1531229623989,1531229623985,1707370,0.00001412,37.00000000,0
1531229624506,1531229624503,1707371,0.00001412,82.00000000,0
1531229624545,1531229624541,1707372,0.00001410,145.00000000,1
1531229625505,1531229625500,1707373,0.00001410,101.00000000,1
1531229625718,1531229625714,1707374,0.00001411,434.00000000,0
1531229625718,1531229625714,1707375,0.00001412,974.00000000,0
1531229627105,1531229627096,1707376,0.00001410,586.00000000,1
1531229627128,1531229627125,1707377,0.00001412,13.00000000,0
1531229627543,1531229627539,1707378,0.00001412,3751.00000000,0
1531229627631,1531229627628,1707379,0.00001412,102.00000000,0
1531229627706,1531229627700,1707380,0.00001412,51.00000000,0
1531229627723,1531229627717,1707381,0.00001411,15.00000000,1
1531229627733,1531229627727,1707382,0.00001412,22.00000000,0
1531229630028,1531229630025,1707383,0.00001412,3.00000000,0
1531229630322,1531229630317,1707384,0.00001412,603.00000000,0
1531229631052,1531229631048,1707385,0.00001412,16.00000000,0
1531229631172,1531229631168,1707386,0.00001412,1.00000000,0
1531229631471,1531229631465,1707387,0.00001412,213.00000000,0
1531229631471,1531229631465,1707388,0.00001414,1425.00000000,0
1531229631869,1531229631866,1707389,0.00001421,22.00000000,0
1531229632894,1531229632887,1707390,0.00001416,72.00000000,1
1531229633256,1531229633250,1707391,0.00001420,1548.00000000,0
1531229635397,1531229635392,1707392,0.00001421,16.00000000,0
1531229635751,1531229635746,1707393,0.00001421,51.00000000,0
1531229635774,1531229635769,1707394,0.00001421,73.00000000,0
1531229635774,1531229635769,1707395,0.00001429,29.00000000,0
1531229635817,1531229635811,1707396,0.00001429,22.00000000,0
1531229635839,1531229635835,1707397,0.00001429,22.00000000,0
1531229635945,1531229635940,1707398,0.00001429,22.00000000,0
1531229636181,1531229636176,1707399,0.00001415,348.00000000,1
1531229636585,1531229636581,1707400,0.00001429,22.00000000,0
1531229637827,1531229637822,1707401,0.00001416,335.00000000,1
1531229639006,1531229639001,1707402,0.00001416,690.00000000,1
1531229639387,1531229639380,1707403,0.00001421,19110.00000000,0
1531229639387,1531229639380,1707404,0.00001429,1431.00000000,0
1531229639387,1531229639380,1707405,0.00001430,1708.00000000,0
1531229639387,1531229639380,1707406,0.00001433,3751.00000000,0
1531229639387,1531229639380,1707407,0.00001437,19000.00000000,0
1531229639387,1531229639380,1707408,0.00001439,77.00000000,0
1531229639498,1531229639494,1707409,0.00001440,3942.00000000,1
1531229640419,1531229640415,1707410,0.00001440,1011.00000000,1
1531229640913,1531229640908,1707411,0.00001440,150.00000000,1
1531229641535,1531229641530,1707412,0.00001440,1025.00000000,1
1531229641736,1531229641731,1707413,0.00001440,455.00000000,1
1531229641996,1531229641992,1707414,0.00001440,14.00000000,1
1531229643643,1531229643637,1707415,0.00001441,22.00000000,0
1531229643688,1531229643685,1707416,0.00001441,22.00000000,0
1531229643723,1531229643719,1707417,0.00001441,22.00000000,0
1531229643746,1531229643740,1707418,0.00001441,16.00000000,0
1531229643746,1531229643740,1707419,0.00001444,6.00000000,0
1531229643793,1531229643788,1707420,0.00001444,102.00000000,0
1531229643835,1531229643831,1707421,0.00001444,51.00000000,0
1531229643894,1531229643889,1707422,0.00001444,16.00000000,0
1531229644501,1531229644495,1707423,0.00001444,173.00000000,0
1531229644501,1531229644495,1707424,0.00001445,3549.00000000,0
1531229644764,1531229644759,1707425,0.00001440,76.00000000,1
1531229645031,1531229645026,1707426,0.00001440,272.00000000,1
1531229645483,1531229645479,1707427,0.00001445,1194.00000000,0
1531229646156,1531229646136,1707428,0.00001441,74.00000000,1
1531229646969,1531229646965,1707429,0.00001445,2240.00000000,0
1531229647533,1531229647529,1707430,0.00001445,22.00000000,0
1531229647610,1531229647607,1707431,0.00001445,22.00000000,0
1531229647642,1531229647637,1707432,0.00001445,22.00000000,0
1531229647683,1531229647678,1707433,0.00001445,22.00000000,0
1531229647727,1531229647723,1707434,0.00001445,22.00000000,0
1531229647756,1531229647751,1707435,0.00001445,19.00000000,0
1531229648170,1531229648165,1707436,0.00001445,966.00000000,0
1531229648171,1531229648165,1707437,0.00001450,300.00000000,0
1531229648171,1531229648165,1707438,0.00001457,977.00000000,0
1531229648521,1531229648518,1707439,0.00001441,29.00000000,1
1531229648794,1531229648789,1707440,0.00001450,29.00000000,1
1531229649224,1531229649219,1707441,0.00001450,30.00000000,1
1531229649650,1531229649645,1707442,0.00001456,430.00000000,0
1531229649898,1531229649892,1707443,0.00001450,29.00000000,1
1531229650332,1531229650326,1707444,0.00001456,2697.00000000,0
1531229650370,1531229650369,1707445,0.00001456,551.00000000,1
1531229650412,1531229650408,1707446,0.00001456,30.00000000,1
1531229651072,1531229651067,1707447,0.00001456,64.00000000,1
1531229651072,1531229651067,1707448,0.00001450,354.00000000,1
1531229651253,1531229651249,1707449,0.00001445,131.00000000,0
1531229653231,1531229653226,1707450,0.00001458,22.00000000,0
1531229653238,1531229653233,1707451,0.00001458,19.00000000,0
1531229653277,1531229653272,1707452,0.00001458,22.00000000,0
1531229653350,1531229653345,1707453,0.00001458,22.00000000,0
1531229653381,1531229653374,1707454,0.00001458,22.00000000,0
1531229653435,1531229653432,1707455,0.00001458,22.00000000,0
1531229653455,1531229653450,1707456,0.00001458,102.00000000,0
1531229654567,1531229654560,1707457,0.00001457,807.00000000,1
1531229655588,1531229655584,1707458,0.00001457,96.00000000,1
1531229657072,1531229657067,1707459,0.00001458,1764.00000000,0
1531229657072,1531229657067,1707460,0.00001460,300.00000000,0
1531229657087,1531229657083,1707461,0.00001460,444.00000000,1
1531229657279,1531229657275,1707462,0.00001460,730.00000000,1
1531229657341,1531229657336,1707463,0.00001463,51.00000000,0
1531229657384,1531229657378,1707464,0.00001463,16.00000000,0
1531229657453,1531229657449,1707465,0.00001463,16.00000000,0
1531229657879,1531229657875,1707466,0.00001457,8376.00000000,1
1531229658869,1531229658865,1707467,0.00001454,733.00000000,0
1531229658869,1531229658865,1707468,0.00001457,6920.00000000,0
1531229659965,1531229659961,1707469,0.00001457,1258.00000000,0
1531229660146,1531229660141,1707470,0.00001457,464.00000000,0
1531229661711,1531229661706,1707471,0.00001455,85.00000000,1
1531229661711,1531229661706,1707472,0.00001448,46.00000000,1
1531229661746,1531229661743,1707473,0.00001448,850.00000000,1
1531229661794,1531229661790,1707474,0.00001448,83.00000000,1
1531229661935,1531229661931,1707475,0.00001448,328.00000000,1
1531229662035,1531229662031,1707476,0.00001448,120.00000000,1
1531229662060,1531229662054,1707477,0.00001448,328.00000000,1
1531229662160,1531229662155,1707478,0.00001448,306.00000000,1
1531229662736,1531229662731,1707479,0.00001456,1273.00000000,0
1531229663507,1531229663502,1707480,0.00001456,136.00000000,0
1531229664491,1531229664487,1707481,0.00001453,1040.00000000,0
1531229665350,1531229665346,1707482,0.00001449,730.00000000,1
1531229665518,1531229665513,1707483,0.00001449,43.00000000,1
1531229665518,1531229665513,1707484,0.00001446,231.00000000,1
1531229665518,1531229665513,1707485,0.00001441,306.00000000,1
1531229666856,1531229666851,1707486,0.00001451,70.00000000,0
1531229668376,1531229668372,1707487,0.00001443,675.00000000,1
1531229668432,1531229668426,1707488,0.00001443,306.00000000,1
1531229668556,1531229668552,1707489,0.00001443,284.00000000,1
1531229669093,1531229669086,1707490,0.00001449,2682.00000000,1
1531229670559,1531229670552,1707491,0.00001449,703.00000000,1
1531229671096,1531229671093,1707492,0.00001450,174.00000000,0
1531229672025,1531229672020,1707493,0.00001450,2046.00000000,0
1531229672025,1531229672020,1707494,0.00001455,2249.00000000,0
1531229674228,1531229674223,1707495,0.00001455,50.00000000,0
1531229683541,1531229683537,1707496,0.00001451,37.00000000,1
1531229683937,1531229683933,1707497,0.00001455,7.00000000,0
1531229684331,1531229684326,1707498,0.00001451,2242.00000000,1
1531229684331,1531229684326,1707499,0.00001450,962.00000000,1
1531229684331,1531229684326,1707500,0.00001449,29.00000000,1
1531229686441,1531229686436,1707501,0.00001455,2.00000000,0
1531229688708,1531229688704,1707502,0.00001455,1.00000000,0
1531229691235,1531229691230,1707503,0.00001450,834.00000000,1
1531229692085,1531229692081,1707504,0.00001455,9.00000000,0
1531229692555,1531229692550,1707505,0.00001450,2189.00000000,1
1531229692555,1531229692550,1707506,0.00001449,3019.00000000,1
1531229692988,1531229692983,1707507,0.00001449,3250.00000000,1
1531229696400,1531229696379,1707508,0.00001451,1374.00000000,1
1531229696400,1531229696379,1707509,0.00001449,3130.00000000,1
1531229696400,1531229696379,1707510,0.00001448,101.00000000,1
1531229696400,1531229696379,1707511,0.00001445,4077.00000000,1
1531229696400,1531229696379,1707512,0.00001440,3912.00000000,1
1531229696400,1531229696379,1707513,0.00001439,519.00000000,1
1531229696400,1531229696379,1707514,0.00001438,435.00000000,1
1531229696400,1531229696379,1707515,0.00001433,859.00000000,1
1531229696400,1531229696379,1707516,0.00001432,297.00000000,1
1531229696400,1531229696379,1707517,0.00001429,692.00000000,1
1531229696400,1531229696379,1707518,0.00001428,572.00000000,1
1531229696400,1531229696379,1707519,0.00001427,485.00000000,1
1531229696400,1531229696379,1707520,0.00001426,535.00000000,1
1531229696400,1531229696379,1707521,0.00001425,312.00000000,1
1531229696400,1531229696379,1707522,0.00001423,1163.00000000,1
1531229696400,1531229696379,1707523,0.00001421,210.00000000,1
1531229696400,1531229696379,1707524,0.00001420,254.00000000,1
1531229696400,1531229696379,1707525,0.00001418,5299.00000000,1
1531229696400,1531229696379,1707526,0.00001417,3606.00000000,1
1531229696400,1531229696379,1707527,0.00001416,282.00000000,1
1531229696400,1531229696379,1707528,0.00001415,637.00000000,1
1531229696400,1531229696379,1707529,0.00001414,111.00000000,1
1531229696400,1531229696379,1707530,0.00001413,3101.00000000,1
1531229696400,1531229696379,1707531,0.00001412,3325.00000000,1
1531229696400,1531229696379,1707532,0.00001410,2796.00000000,1
1531229696485,1531229696481,1707533,0.00001411,354.00000000,1
1531229696485,1531229696481,1707534,0.00001410,2039.00000000,1
1531229696764,1531229696758,1707535,0.00001446,1218.00000000,0
1531229696907,1531229696901,1707536,0.00001426,225.00000000,0
1531229696916,1531229696911,1707537,0.00001423,217.00000000,0
1531229696917,1531229696911,1707538,0.00001424,8.00000000,0
1531229696918,1531229696914,1707539,0.00001424,216.00000000,0
1531229696939,1531229696935,1707540,0.00001421,351.00000000,1
1531229696939,1531229696935,1707541,0.00001420,90.00000000,1
1531229696940,1531229696937,1707542,0.00001424,210.00000000,0
1531229696940,1531229696937,1707543,0.00001428,218.00000000,0
1531229696960,1531229696955,1707544,0.00001426,225.00000000,0
1531229696983,1531229696978,1707545,0.00001424,81.00000000,1
1531229697022,1531229697018,1707546,0.00001423,217.00000000,0
1531229697027,1531229697026,1707547,0.00001423,129.00000000,0
1531229697031,1531229697026,1707548,0.00001423,74.00000000,0
1531229697031,1531229697026,1707549,0.00001424,380.00000000,0
1531229697034,1531229697029,1707550,0.00001424,78.00000000,0
1531229697038,1531229697034,1707551,0.00001423,322.00000000,1
1531229697059,1531229697055,1707552,0.00001446,136.00000000,0
1531229697102,1531229697097,1707553,0.00001424,210.00000000,1
1531229697163,1531229697156,1707554,0.00001424,224.00000000,1
1531229697220,1531229697192,1707555,0.00001432,210.00000000,0
1531229697278,1531229697272,1707556,0.00001428,978.00000000,0
1531229697278,1531229697272,1707557,0.00001435,65.00000000,0
1531229697424,1531229697419,1707558,0.00001424,111.00000000,1
1531229697433,1531229697427,1707559,0.00001424,210.00000000,1
1531229697474,1531229697468,1707560,0.00001424,161.00000000,1
1531229697494,1531229697488,1707561,0.00001424,354.00000000,0
1531229697494,1531229697488,1707562,0.00001424,178.00000000,0
1531229697494,1531229697488,1707563,0.00001435,32.00000000,0
1531229697509,1531229697505,1707564,0.00001421,210.00000000,1
1531229697531,1531229697529,1707565,0.00001424,210.00000000,0
1531229697531,1531229697529,1707566,0.00001433,214.00000000,0
1531229697570,1531229697566,1707567,0.00001424,210.00000000,0
1531229697575,1531229697573,1707568,0.00001433,210.00000000,0
1531229697593,1531229697589,1707569,0.00001423,210.00000000,0
1531229697608,1531229697603,1707570,0.00001422,97.00000000,0
1531229697608,1531229697603,1707571,0.00001423,91.00000000,0
1531229697608,1531229697603,1707572,0.00001437,247.00000000,0
1531229697650,1531229697646,1707573,0.00001423,90.00000000,1
1531229697675,1531229697672,1707574,0.00001433,80.00000000,0
1531229697688,1531229697684,1707575,0.00001433,691.00000000,0
1531229697729,1531229697725,1707576,0.00001424,210.00000000,0
1531229697897,1531229697893,1707577,0.00001434,191.00000000,0
1531229697903,1531229697899,1707578,0.00001434,191.00000000,0
1531229697905,1531229697900,1707579,0.00001434,10.00000000,0
1531229697905,1531229697900,1707580,0.00001437,191.00000000,0
1531229697905,1531229697900,1707581,0.00001442,175.00000000,0
1531229697905,1531229697900,1707582,0.00001443,297.00000000,0
1531229697918,1531229697913,1707583,0.00001446,382.00000000,0
1531229697923,1531229697919,1707584,0.00001446,1914.00000000,0
1531229698073,1531229698069,1707585,0.00001431,217.00000000,1
1531229698104,1531229698099,1707586,0.00001431,136.00000000,1
1531229698142,1531229698138,1707587,0.00001423,301.00000000,1
1531229698189,1531229698185,1707588,0.00001428,483.00000000,0
1531229698192,1531229698188,1707589,0.00001428,1823.00000000,0
1531229698192,1531229698188,1707590,0.00001433,429.00000000,0
1531229698200,1531229698197,1707591,0.00001433,56.00000000,0
1531229698399,1531229698395,1707592,0.00001433,24.00000000,1
1531229698421,1531229698416,1707593,0.00001428,1536.00000000,1
1531229698573,1531229698571,1707594,0.00001432,418.00000000,0
1531229700088,1531229700084,1707595,0.00001428,87.00000000,1
1531229700150,1531229700145,1707596,0.00001428,210.00000000,1
1531229700157,1531229700153,1707597,0.00001428,188.00000000,1
1531229700160,1531229700153,1707598,0.00001428,2181.00000000,1
1531229700160,1531229700153,1707599,0.00001426,210.00000000,1
1531229700160,1531229700153,1707600,0.00001422,4202.00000000,1
1531229700160,1531229700153,1707601,0.00001421,5956.00000000,1
1531229700160,1531229700153,1707602,0.00001418,1056.00000000,1
1531229700160,1531229700153,1707603,0.00001416,799.00000000,1
1531229700160,1531229700153,1707604,0.00001414,105.00000000,1
1531229700160,1531229700153,1707605,0.00001413,7063.00000000,1
1531229700189,1531229700183,1707606,0.00001413,10856.00000000,1
1531229700189,1531229700183,1707607,0.00001412,1998.00000000,1
1531229700189,1531229700183,1707608,0.00001411,1877.00000000,1
1531229700189,1531229700183,1707609,0.00001410,13887.00000000,1
1531229700189,1531229700183,1707610,0.00001409,15.00000000,1
1531229700300,1531229700296,1707611,0.00001410,49.00000000,1
1531229700350,1531229700345,1707612,0.00001410,44.00000000,1
1531229700357,1531229700353,1707613,0.00001410,64.00000000,1
1531229700397,1531229700392,1707614,0.00001410,45.00000000,1
1531229700529,1531229700524,1707615,0.00001423,124.00000000,1
1531229700541,1531229700538,1707616,0.00001423,131.00000000,1
1531229700572,1531229700567,1707617,0.00001424,84.00000000,1
1531229700587,1531229700583,1707618,0.00001433,421.00000000,0
1531229700587,1531229700583,1707619,0.00001435,1056.00000000,0
1531229700587,1531229700583,1707620,0.00001444,282.00000000,0
1531229700587,1531229700583,1707621,0.00001447,135.00000000,0
1531229701117,1531229701114,1707622,0.00001424,372.00000000,1
1531229701130,1531229701125,1707623,0.00001424,440.00000000,1
1531229701215,1531229701212,1707624,0.00001424,428.00000000,1
1531229701543,1531229701541,1707625,0.00001424,286.00000000,1
1531229702000,1531229701996,1707626,0.00001431,4.00000000,0
1531229702562,1531229702554,1707627,0.00001424,4.00000000,1
1531229703405,1531229703399,1707628,0.00001424,67.00000000,1
