event_time,trade_time,trade_id,price,quantity,maker
1531160292110,1531160292106,250260,0.00000084,6975.00000000,0
1531160298950,1531160298947,250261,0.00000084,4284.00000000,0
1531160299286,1531160299283,250262,0.00000084,25340.00000000,0
1531160299864,1531160299861,250263,0.00000084,30000.00000000,0
1531160318945,1531160318942,250264,0.00000084,97000.00000000,0
1531160321411,1531160321407,250265,0.00000083,50000.00000000,1
1531160321696,1531160321694,250266,0.00000084,1.00000000,0
1531160322956,1531160322952,250267,0.00000084,20000.00000000,0
1531160345872,1531160345870,250268,0.00000083,2988.00000000,1
1531160346362,1531160346359,250269,0.00000084,1424.00000000,0
1531160346968,1531160346965,250270,0.00000083,2975.00000000,1
1531160347144,1531160347140,250271,0.00000084,1.00000000,0
1531160360861,1531160360859,250272,0.00000084,13.00000000,0
1531160388976,1531160388973,250273,0.00000083,3000.00000000,1
1531160389315,1531160389313,250274,0.00000084,1.00000000,0
1531160392736,1531160392728,250275,0.00000084,4514379.00000000,0
1531160393829,1531160393826,250276,0.00000084,117665.00000000,0
1531160394098,1531160394095,250277,0.00000084,7738.00000000,1
1531160395226,1531160395223,250278,0.00000085,1.00000000,0
1531160395879,1531160395876,250279,0.00000084,4767.00000000,1
1531160396147,1531160396144,250280,0.00000085,1.00000000,0
1531160396346,1531160396343,250281,0.00000085,1.00000000,0
1531160396405,1531160396402,250282,0.00000084,4390.00000000,1
1531160396537,1531160396534,250283,0.00000085,1.00000000,0
1531160396744,1531160396741,250284,0.00000085,1.00000000,0
1531160396963,1531160396960,250285,0.00000085,1.00000000,0
1531160397149,1531160397145,250286,0.00000085,1.00000000,0
1531160397333,1531160397332,250287,0.00000085,1.00000000,0
1531160397509,1531160397505,250288,0.00000085,1.00000000,0
1531160397754,1531160397751,250289,0.00000085,1.00000000,0
1531160397961,1531160397961,250290,0.00000085,1.00000000,0
1531160417981,1531160417959,250291,0.00000084,8901.00000000,1
1531160418146,1531160418141,250292,0.00000085,1.00000000,0
1531160440477,1531160440473,250293,0.00000085,1175.00000000,0
1531160441118,1531160441115,250294,0.00000085,2.00000000,0
1531160441317,1531160441314,250295,0.00000085,1175.00000000,0
1531160443333,1531160443331,250296,0.00000085,7648.00000000,0
1531160444458,1531160444453,250297,0.00000085,9942.00000000,0
1531160452457,1531160452454,250298,0.00000084,25854.00000000,1
1531160453291,1531160453288,250299,0.00000085,1.00000000,0
1531160454432,1531160454429,250300,0.00000085,2.00000000,0
1531160457898,1531160457895,250301,0.00000085,3059.00000000,0
1531160466436,1531160466433,250302,0.00000084,11573.00000000,1
1531160466563,1531160466560,250303,0.00000085,1.00000000,0
1531160503697,1531160503694,250304,0.00000085,8000.00000000,0
1531160545489,1531160545487,250305,0.00000085,112.00000000,0
1531160558657,1531160558653,250306,0.00000085,2.00000000,0
1531160568711,1531160568703,250307,0.00000084,5514562.00000000,1
1531160569914,1531160569911,250308,0.00000085,1.00000000,0
1531160581710,1531160581708,250309,0.00000084,2.00000000,1
1531160581961,1531160581957,250310,0.00000085,1.00000000,0
1531160582083,1531160582079,250311,0.00000085,1.00000000,0
1531160582190,1531160582185,250312,0.00000085,1.00000000,0
1531160582313,1531160582313,250313,0.00000085,1.00000000,0
1531160582441,1531160582441,250314,0.00000085,1.00000000,0
1531160582553,1531160582550,250315,0.00000085,1.00000000,0
1531160582669,1531160582668,250316,0.00000085,1.00000000,0
1531160582793,1531160582790,250317,0.00000085,1.00000000,0
1531160582901,1531160582896,250318,0.00000085,1.00000000,0
1531160583040,1531160583037,250319,0.00000085,1.00000000,0
1531160588635,1531160588632,250320,0.00000085,1.00000000,0
1531160588794,1531160588791,250321,0.00000085,1.00000000,0
1531160588941,1531160588938,250322,0.00000085,1.00000000,0
1531160589567,1531160589564,250323,0.00000085,1.00000000,0
1531160589689,1531160589686,250324,0.00000085,1.00000000,0
1531160589802,1531160589799,250325,0.00000085,1.00000000,0
1531160590449,1531160590446,250326,0.00000085,1.00000000,0
1531160590623,1531160590621,250327,0.00000085,1.00000000,0
1531160590747,1531160590744,250328,0.00000085,1.00000000,0
1531160591950,1531160591948,250329,0.00000085,1.00000000,0
1531160592085,1531160592081,250330,0.00000085,1.00000000,0
1531160592239,1531160592236,250331,0.00000085,1.00000000,0
1531160592948,1531160592945,250332,0.00000085,1.00000000,0
1531160593098,1531160593095,250333,0.00000085,1.00000000,0
1531160593273,1531160593270,250334,0.00000085,1.00000000,0
1531160594554,1531160594551,250335,0.00000085,1.00000000,0
1531160594721,1531160594716,250336,0.00000085,1.00000000,0
1531160594875,1531160594871,250337,0.00000085,1.00000000,0
1531160603511,1531160603507,250338,0.00000085,2.00000000,0
1531160611652,1531160611649,250339,0.00000085,1577.00000000,0
1531160618424,1531160618421,250340,0.00000084,2.00000000,1
1531160618644,1531160618639,250341,0.00000085,1.00000000,0
1531160622294,1531160622290,250342,0.00000085,1.00000000,0
1531160622430,1531160622426,250343,0.00000085,1.00000000,0
1531160622629,1531160622624,250344,0.00000085,1.00000000,0
1531160623402,1531160623398,250345,0.00000085,1.00000000,0
1531160623544,1531160623539,250346,0.00000085,1.00000000,0
1531160623654,1531160623651,250347,0.00000085,1.00000000,0
1531160623783,1531160623779,250348,0.00000085,1.00000000,0
1531160624145,1531160624140,250349,0.00000085,1.00000000,0
1531160624938,1531160624935,250350,0.00000085,1.00000000,0
1531160625082,1531160625080,250351,0.00000085,1.00000000,0
1531160625223,1531160625220,250352,0.00000085,1.00000000,0
1531160625909,1531160625906,250353,0.00000085,1.00000000,0
1531160626089,1531160626085,250354,0.00000085,1.00000000,0
1531160626788,1531160626785,250355,0.00000085,1.00000000,0
1531160626975,1531160626971,250356,0.00000085,1.00000000,0
1531160627582,1531160627579,250357,0.00000085,1.00000000,0
1531160627776,1531160627772,250358,0.00000085,1.00000000,0
1531160628447,1531160628443,250359,0.00000085,1.00000000,0
1531160628644,1531160628643,250360,0.00000085,1.00000000,0
1531160628875,1531160628872,250361,0.00000085,1.00000000,0
1531160629210,1531160629206,250362,0.00000085,1.00000000,0
1531160629842,1531160629838,250363,0.00000085,1.00000000,0
1531160629964,1531160629961,250364,0.00000085,1.00000000,0
1531160630150,1531160630147,250365,0.00000085,1.00000000,0
1531160630557,1531160630552,250366,0.00000085,1.00000000,0
1531160631572,1531160631568,250367,0.00000085,1.00000000,0
1531160631720,1531160631717,250368,0.00000085,1.00000000,0
1531160631849,1531160631845,250369,0.00000085,1.00000000,0
1531160633112,1531160633107,250370,0.00000085,1.00000000,0
1531160633276,1531160633272,250371,0.00000085,1.00000000,0
1531160633417,1531160633412,250372,0.00000085,1.00000000,0
1531160634082,1531160634079,250373,0.00000085,1.00000000,0
1531160634249,1531160634246,250374,0.00000085,1.00000000,0
1531160634365,1531160634363,250375,0.00000085,1.00000000,0
1531160634833,1531160634830,250376,0.00000085,1.00000000,0
1531160634995,1531160634993,250377,0.00000085,1.00000000,0
1531160635638,1531160635635,250378,0.00000085,1.00000000,0
1531160636022,1531160636019,250379,0.00000085,1.00000000,0
1531160636155,1531160636151,250380,0.00000085,1.00000000,0
1531160636332,1531160636328,250381,0.00000085,1.00000000,0
1531160636693,1531160636689,250382,0.00000085,1.00000000,0
1531160637012,1531160637009,250383,0.00000085,1.00000000,0
1531160637261,1531160637258,250384,0.00000084,82294.00000000,1
1531160637276,1531160637273,250385,0.00000084,82294.00000000,1
1531160637289,1531160637285,250386,0.00000084,24840.00000000,1
1531160637749,1531160637745,250387,0.00000085,1.00000000,0
1531160638423,1531160638419,250388,0.00000085,1.00000000,0
1531160638617,1531160638614,250389,0.00000085,1.00000000,0
1531160639465,1531160639461,250390,0.00000085,1.00000000,0
1531160639636,1531160639633,250391,0.00000085,1.00000000,0
1531160639819,1531160639815,250392,0.00000085,1.00000000,0
1531160639974,1531160639971,250393,0.00000085,2.00000000,0
1531160640482,1531160640479,250394,0.00000085,1.00000000,0
1531160640653,1531160640649,250395,0.00000085,1.00000000,0
1531160640804,1531160640802,250396,0.00000085,1.00000000,0
1531160641138,1531160641133,250397,0.00000085,235294.00000000,0
1531160641560,1531160641557,250398,0.00000085,1.00000000,0
1531160641742,1531160641738,250399,0.00000085,1.00000000,0
1531160642528,1531160642524,250400,0.00000085,1.00000000,0
1531160642733,1531160642730,250401,0.00000085,1.00000000,0
1531160643470,1531160643467,250402,0.00000085,1.00000000,0
1531160644157,1531160644153,250403,0.00000085,1.00000000,0
1531160644359,1531160644356,250404,0.00000085,1.00000000,0
1531160644490,1531160644486,250405,0.00000085,1.00000000,0
1531160645417,1531160645414,250406,0.00000085,1.00000000,0
1531160645538,1531160645536,250407,0.00000085,1.00000000,0
1531160645726,1531160645722,250408,0.00000085,1.00000000,0
1531160655884,1531160655880,250409,0.00000084,2710635.00000000,1
1531160656369,1531160656365,250410,0.00000085,1.00000000,0
1531160659032,1531160659029,250411,0.00000084,2.00000000,1
1531160659317,1531160659313,250412,0.00000085,1.00000000,0
1531160661475,1531160661472,250413,0.00000085,4233.00000000,0
1531160662743,1531160662739,250414,0.00000085,1.00000000,0
1531160662941,1531160662937,250415,0.00000085,1.00000000,0
1531160663095,1531160663094,250416,0.00000085,1.00000000,0
1531160666808,1531160666805,250417,0.00000085,2.00000000,0
1531160670679,1531160670664,250418,0.00000084,2.00000000,1
1531160670905,1531160670901,250419,0.00000085,1.00000000,0
1531160673859,1531160673855,250420,0.00000084,151516.00000000,1
1531160675051,1531160675047,250421,0.00000085,1.00000000,0
1531160675226,1531160675222,250422,0.00000085,1.00000000,0
1531160675408,1531160675405,250423,0.00000085,1.00000000,0
1531160675583,1531160675580,250424,0.00000085,1.00000000,0
1531160675760,1531160675756,250425,0.00000085,1.00000000,0
1531160675937,1531160675933,250426,0.00000085,1.00000000,0
1531160676116,1531160676115,250427,0.00000085,1.00000000,0
1531160676362,1531160676358,250428,0.00000085,1.00000000,0
1531160676553,1531160676550,250429,0.00000085,1.00000000,0
1531160676758,1531160676754,250430,0.00000085,1.00000000,0
1531160677337,1531160677331,250431,0.00000084,10000.00000000,1
1531160677674,1531160677670,250432,0.00000085,1.00000000,0
1531160686596,1531160686592,250433,0.00000084,2500.00000000,1
1531160686824,1531160686821,250434,0.00000085,1.00000000,0
1531160687990,1531160687986,250435,0.00000085,1.00000000,0
1531160688135,1531160688131,250436,0.00000085,1.00000000,0
1531160688263,1531160688258,250437,0.00000085,1.00000000,0
1531160689198,1531160689194,250438,0.00000085,1.00000000,0
1531160689320,1531160689316,250439,0.00000085,1.00000000,0
1531160689440,1531160689437,250440,0.00000085,1.00000000,0
1531160690037,1531160690033,250441,0.00000085,1.00000000,0
1531160690158,1531160690155,250442,0.00000085,1.00000000,0
1531160690955,1531160690952,250443,0.00000085,1.00000000,0
1531160691101,1531160691098,250444,0.00000085,1.00000000,0
1531160691255,1531160691250,250445,0.00000085,1.00000000,0
1531160692433,1531160692429,250446,0.00000085,1.00000000,0
1531160692588,1531160692584,250447,0.00000085,1.00000000,0
1531160692728,1531160692724,250448,0.00000085,1.00000000,0
1531160699713,1531160699708,250449,0.00000084,20000.00000000,1
1531160699858,1531160699854,250450,0.00000085,1.00000000,0
1531160700069,1531160700066,250451,0.00000084,5000.00000000,1
1531160700219,1531160700217,250452,0.00000085,1.00000000,0
1531160709395,1531160709392,250453,0.00000085,1.00000000,0
1531160709554,1531160709550,250454,0.00000085,1.00000000,0
1531160709688,1531160709684,250455,0.00000085,1.00000000,0
1531160710319,1531160710316,250456,0.00000085,1.00000000,0
1531160710482,1531160710480,250457,0.00000085,1.00000000,0
1531160710621,1531160710617,250458,0.00000085,1.00000000,0
1531160710663,1531160710659,250459,0.00000085,5000.00000000,0
1531160711148,1531160711143,250460,0.00000085,1.00000000,0
1531160711246,1531160711243,250461,0.00000085,1.00000000,0
1531160711401,1531160711397,250462,0.00000085,1.00000000,0
1531160712073,1531160712050,250463,0.00000085,1.00000000,0
1531160712218,1531160712214,250464,0.00000085,1.00000000,0
1531160712358,1531160712354,250465,0.00000085,1.00000000,0
1531160713007,1531160713002,250466,0.00000085,1.00000000,0
1531160713144,1531160713141,250467,0.00000085,1.00000000,0
1531160713317,1531160713313,250468,0.00000085,1.00000000,0
1531160713875,1531160713871,250469,0.00000085,1.00000000,0
1531160714019,1531160714016,250470,0.00000085,1.00000000,0
1531160714157,1531160714154,250471,0.00000085,1.00000000,0
1531160714680,1531160714679,250472,0.00000085,1.00000000,0
1531160715334,1531160715330,250473,0.00000085,1.00000000,0
1531160715483,1531160715480,250474,0.00000085,1.00000000,0
1531160715818,1531160715814,250475,0.00000085,1.00000000,0
1531160715977,1531160715973,250476,0.00000085,1.00000000,0
1531160716138,1531160716134,250477,0.00000085,1.00000000,0
1531160716725,1531160716720,250478,0.00000085,1.00000000,0
1531160717034,1531160717031,250479,0.00000085,1.00000000,0
1531160717561,1531160717556,250480,0.00000085,1.00000000,0
1531160717727,1531160717724,250481,0.00000085,1.00000000,0
1531160718369,1531160718365,250482,0.00000085,1.00000000,0
1531160719723,1531160719723,250483,0.00000085,1.00000000,0
1531160719991,1531160719988,250484,0.00000085,1.00000000,0
1531160720057,1531160720052,250485,0.00000085,1.00000000,0
1531160720171,1531160720168,250486,0.00000085,1.00000000,0
1531160720809,1531160720806,250487,0.00000085,1.00000000,0
1531160745937,1531160745932,250488,0.00000085,1.00000000,0
1531160746135,1531160746132,250489,0.00000085,1.00000000,0
1531160746311,1531160746308,250490,0.00000084,70169.00000000,1
1531160746864,1531160746860,250491,0.00000085,1.00000000,0
1531160747044,1531160747040,250492,0.00000085,1.00000000,0
1531160747908,1531160747907,250493,0.00000085,1.00000000,0
1531160748070,1531160748066,250494,0.00000085,1.00000000,0
1531160748210,1531160748206,250495,0.00000085,1.00000000,0
1531160748958,1531160748955,250496,0.00000085,1.00000000,0
1531160749120,1531160749116,250497,0.00000085,1.00000000,0
1531160749659,1531160749655,250498,0.00000085,1.00000000,0
1531160749835,1531160749833,250499,0.00000085,1.00000000,0
1531160750556,1531160750552,250500,0.00000085,1.00000000,0
1531160750711,1531160750708,250501,0.00000085,1.00000000,0
1531160750871,1531160750866,250502,0.00000085,1.00000000,0
1531160752007,1531160752004,250503,0.00000085,1.00000000,0
1531160752650,1531160752647,250504,0.00000085,1.00000000,0
1531160753331,1531160753328,250505,0.00000085,1.00000000,0
1531160754315,1531160754310,250506,0.00000085,1.00000000,0
1531160754949,1531160754945,250507,0.00000085,1.00000000,0
1531160755052,1531160755048,250508,0.00000085,1.00000000,0
1531160755590,1531160755587,250509,0.00000085,1.00000000,0
1531160755690,1531160755688,250510,0.00000085,1.00000000,0
1531160758004,1531160757974,250511,0.00000084,1261.00000000,1
1531160758192,1531160758189,250512,0.00000085,1.00000000,0
1531160758306,1531160758303,250513,0.00000085,1.00000000,0
1531160758431,1531160758427,250514,0.00000085,1.00000000,0
1531160758549,1531160758545,250515,0.00000085,1.00000000,0
1531160758672,1531160758668,250516,0.00000085,1.00000000,0
1531160758785,1531160758781,250517,0.00000085,1.00000000,0
1531160758909,1531160758907,250518,0.00000085,1.00000000,0
1531160759024,1531160759021,250519,0.00000085,1.00000000,0
1531160759135,1531160759129,250520,0.00000085,1.00000000,0
1531160759253,1531160759249,250521,0.00000085,1.00000000,0
1531160763831,1531160763830,250522,0.00000084,5990.00000000,1
1531160764027,1531160764022,250523,0.00000085,1.00000000,0
1531160767261,1531160767258,250524,0.00000085,1.00000000,0
1531160767426,1531160767423,250525,0.00000085,1.00000000,0
1531160767572,1531160767569,250526,0.00000085,1.00000000,0
1531160771728,1531160771723,250527,0.00000084,630221.00000000,1
1531160771967,1531160771964,250528,0.00000085,1.00000000,0
1531160774426,1531160774422,250529,0.00000085,1.00000000,0
1531160774584,1531160774579,250530,0.00000085,1.00000000,0
1531160774717,1531160774713,250531,0.00000085,1.00000000,0
1531160775532,1531160775529,250532,0.00000085,1.00000000,0
1531160775671,1531160775668,250533,0.00000085,1.00000000,0
1531160775820,1531160775817,250534,0.00000085,1.00000000,0
1531160776748,1531160776744,250535,0.00000085,1.00000000,0
1531160776884,1531160776881,250536,0.00000085,1.00000000,0
1531160777038,1531160777035,250537,0.00000085,1.00000000,0
1531160777527,1531160777522,250538,0.00000085,1.00000000,0
1531160777681,1531160777678,250539,0.00000085,1.00000000,0
1531160777841,1531160777837,250540,0.00000085,1.00000000,0
1531160778498,1531160778495,250541,0.00000085,1.00000000,0
1531160779124,1531160779120,250542,0.00000085,1.00000000,0
1531160779272,1531160779269,250543,0.00000085,1.00000000,0
1531160779756,1531160779753,250544,0.00000085,1.00000000,0
1531160779928,1531160779924,250545,0.00000085,1.00000000,0
1531160780142,1531160780138,250546,0.00000084,249912.00000000,1
1531160780344,1531160780342,250547,0.00000085,1.00000000,0
1531160780436,1531160780432,250548,0.00000085,1.00000000,0
1531160780559,1531160780554,250549,0.00000085,1.00000000,0
1531160781164,1531160781159,250550,0.00000085,1.00000000,0
1531160781310,1531160781307,250551,0.00000085,1.00000000,0
1531160781489,1531160781485,250552,0.00000085,1.00000000,0
1531160782187,1531160782182,250553,0.00000085,1.00000000,0
1531160782331,1531160782327,250554,0.00000085,1.00000000,0
1531160782506,1531160782501,250555,0.00000085,1.00000000,0
1531160783015,1531160783011,250556,0.00000085,1.00000000,0
1531160783347,1531160783344,250557,0.00000085,1.00000000,0
1531160783647,1531160783642,250558,0.00000085,1.00000000,0
1531160783860,1531160783856,250559,0.00000085,1.00000000,0
1531160784474,1531160784470,250560,0.00000085,1.00000000,0
1531160785190,1531160785186,250561,0.00000085,1.00000000,0
1531160785405,1531160785402,250562,0.00000085,1.00000000,0
1531160786121,1531160786118,250563,0.00000085,1.00000000,0
1531160786306,1531160786302,250564,0.00000085,1.00000000,0
1531160786966,1531160786963,250565,0.00000085,1.00000000,0
1531160787110,1531160787106,250566,0.00000084,498925.00000000,1
1531160787115,1531160787111,250567,0.00000085,1.00000000,0
1531160787324,1531160787320,250568,0.00000085,1.00000000,0
1531160787727,1531160787722,250569,0.00000085,1.00000000,0
1531160788779,1531160788776,250570,0.00000085,1.00000000,0
1531160788957,1531160788953,250571,0.00000085,1.00000000,0
1531160789634,1531160789631,250572,0.00000085,1.00000000,0
1531160789791,1531160789787,250573,0.00000085,1.00000000,0
1531160789967,1531160789963,250574,0.00000085,1.00000000,0
1531160790351,1531160790348,250575,0.00000085,1.00000000,0
1531160791217,1531160791213,250576,0.00000085,1.00000000,0
1531160791428,1531160791425,250577,0.00000085,1.00000000,0
1531160791525,1531160791522,250578,0.00000085,1.00000000,0
1531160791632,1531160791627,250579,0.00000085,1.00000000,0
1531160792495,1531160792492,250580,0.00000085,1.00000000,0
1531160792670,1531160792665,250581,0.00000085,1.00000000,0
1531160792807,1531160792804,250582,0.00000085,1.00000000,0
1531160792853,1531160792849,250583,0.00000085,1.00000000,0
1531160793907,1531160793903,250584,0.00000085,1.00000000,0
1531160794060,1531160794057,250585,0.00000085,1.00000000,0
1531160794212,1531160794209,250586,0.00000085,1.00000000,0
1531160794786,1531160794783,250587,0.00000084,20122.00000000,1
1531160795099,1531160795095,250588,0.00000085,1.00000000,0
1531160795167,1531160795164,250589,0.00000085,1.00000000,0
1531160795327,1531160795323,250590,0.00000085,1.00000000,0
1531160796026,1531160796023,250591,0.00000085,1.00000000,0
1531160796190,1531160796187,250592,0.00000085,1.00000000,0
1531160796883,1531160796880,250593,0.00000085,1.00000000,0
1531160797207,1531160797202,250594,0.00000085,1.00000000,0
1531160797530,1531160797525,250595,0.00000085,1.00000000,0
1531160797530,1531160797525,250596,0.00000085,1.00000000,0
1531160798551,1531160798549,250597,0.00000085,1.00000000,0
1531160798723,1531160798718,250598,0.00000085,1.00000000,0
1531160798895,1531160798892,250599,0.00000085,1.00000000,0
1531160798961,1531160798957,250600,0.00000085,1.00000000,0
1531160799614,1531160799610,250601,0.00000085,1.00000000,0
1531160799769,1531160799765,250602,0.00000085,1.00000000,0
1531160799928,1531160799924,250603,0.00000085,1.00000000,0
1531160800746,1531160800742,250604,0.00000085,1.00000000,0
1531160801066,1531160801063,250605,0.00000085,1.00000000,0
1531160801745,1531160801742,250606,0.00000085,1.00000000,0
1531160802089,1531160802085,250607,0.00000085,1.00000000,0
1531160802293,1531160802289,250608,0.00000085,1.00000000,0
1531160802398,1531160802395,250609,0.00000085,1.00000000,0
1531160803003,1531160802999,250610,0.00000085,1.00000000,0
1531160803185,1531160803181,250611,0.00000085,1.00000000,0
1531160804296,1531160804292,250612,0.00000085,1.00000000,0
1531160804478,1531160804475,250613,0.00000085,1.00000000,0
1531160805008,1531160805004,250614,0.00000085,1.00000000,0
1531160805314,1531160805310,250615,0.00000085,1.00000000,0
1531160805592,1531160805588,250616,0.00000085,1.00000000,0
1531160805720,1531160805715,250617,0.00000085,1.00000000,0
1531160806416,1531160806412,250618,0.00000085,1.00000000,0
1531160806555,1531160806551,250619,0.00000085,1.00000000,0
1531160807106,1531160807105,250620,0.00000085,1.00000000,0
1531160807275,1531160807271,250621,0.00000085,1.00000000,0
1531160808384,1531160808380,250622,0.00000085,1.00000000,0
1531160808556,1531160808552,250623,0.00000085,1.00000000,0
1531160809104,1531160809100,250624,0.00000085,1.00000000,0
1531160809420,1531160809416,250625,0.00000085,1.00000000,0
1531160809763,1531160809760,250626,0.00000085,1.00000000,0
1531160810508,1531160810505,250627,0.00000085,1.00000000,0
1531160811165,1531160811162,250628,0.00000085,1.00000000,0
1531160811239,1531160811234,250629,0.00000085,1.00000000,0
1531160811404,1531160811401,250630,0.00000085,1.00000000,0
1531160812089,1531160812088,250631,0.00000085,1.00000000,0
1531160812249,1531160812246,250632,0.00000085,1.00000000,0
1531160812781,1531160812778,250633,0.00000085,1.00000000,0
1531160812952,1531160812948,250634,0.00000085,1.00000000,0
1531160813499,1531160813496,250635,0.00000085,1.00000000,0
1531160813669,1531160813666,250636,0.00000085,1.00000000,0
1531160814213,1531160814209,250637,0.00000085,1.00000000,0
1531160814359,1531160814355,250638,0.00000085,1.00000000,0
1531160814533,1531160814529,250639,0.00000085,1.00000000,0
1531160815063,1531160815059,250640,0.00000084,504005.00000000,1
1531160815280,1531160815277,250641,0.00000085,1.00000000,0
1531160815379,1531160815374,250642,0.00000085,1.00000000,0
1531160815400,1531160815397,250643,0.00000085,1.00000000,0
1531160815552,1531160815548,250644,0.00000085,1.00000000,0
1531160815629,1531160815624,250645,0.00000085,1.00000000,0
1531160815692,1531160815689,250646,0.00000085,1.00000000,0
1531160815818,1531160815815,250647,0.00000085,1.00000000,0
1531160816005,1531160816003,250648,0.00000085,1.00000000,0
1531160816095,1531160816091,250649,0.00000085,1.00000000,0
1531160816179,1531160816175,250650,0.00000085,1.00000000,0
1531160816364,1531160816361,250651,0.00000085,1.00000000,0
1531160816545,1531160816541,250652,0.00000085,1.00000000,0
1531160816725,1531160816721,250653,0.00000085,1.00000000,0
1531160816910,1531160816906,250654,0.00000085,1.00000000,0
1531160817040,1531160817037,250655,0.00000085,1.00000000,0
1531160817219,1531160817214,250656,0.00000085,1.00000000,0
1531160817827,1531160817822,250657,0.00000085,1.00000000,0
1531160817838,1531160817834,250658,0.00000085,1.00000000,0
1531160817960,1531160817957,250659,0.00000085,1.00000000,0
1531160818139,1531160818136,250660,0.00000085,1.00000000,0
1531160818180,1531160818176,250661,0.00000085,1.00000000,0
1531160824565,1531160824562,250662,0.00000085,1.00000000,0
1531160824726,1531160824723,250663,0.00000085,1.00000000,0
1531160824850,1531160824846,250664,0.00000085,1.00000000,0
1531160825003,1531160824998,250665,0.00000085,1.00000000,0
1531160825004,1531160825002,250666,0.00000085,1.00000000,0
1531160825171,1531160825168,250667,0.00000085,1.00000000,0
1531160825312,1531160825309,250668,0.00000085,1.00000000,0
1531160825643,1531160825640,250669,0.00000084,1203.00000000,1
1531160825744,1531160825741,250670,0.00000084,1203.00000000,1
1531160825966,1531160825963,250671,0.00000085,1.00000000,0
1531160826060,1531160826057,250672,0.00000085,1.00000000,0
1531160826127,1531160826123,250673,0.00000085,1.00000000,0
1531160826293,1531160826289,250674,0.00000085,1.00000000,0
1531160826773,1531160826770,250675,0.00000085,1.00000000,0
1531160827747,1531160827744,250676,0.00000085,1.00000000,0
1531160827918,1531160827914,250677,0.00000085,1.00000000,0
1531160828732,1531160828730,250678,0.00000085,1.00000000,0
1531160828892,1531160828888,250679,0.00000085,1.00000000,0
1531160829056,1531160829052,250680,0.00000085,1.00000000,0
1531160829571,1531160829569,250681,0.00000085,1.00000000,0
1531160829717,1531160829713,250682,0.00000085,1.00000000,0
1531160829884,1531160829881,250683,0.00000085,1.00000000,0
1531160830450,1531160830447,250684,0.00000085,1.00000000,0
1531160830548,1531160830545,250685,0.00000085,1.00000000,0
1531160830677,1531160830673,250686,0.00000085,1.00000000,0
1531160831199,1531160831195,250687,0.00000085,1.00000000,0
1531160831834,1531160831830,250688,0.00000085,1.00000000,0
1531160831957,1531160831954,250689,0.00000085,1.00000000,0
1531160832017,1531160832013,250690,0.00000085,1.00000000,0
1531160832043,1531160832039,250691,0.00000085,1.00000000,0
1531160832900,1531160832897,250692,0.00000085,1.00000000,0
1531160833218,1531160833215,250693,0.00000085,1.00000000,0
1531160833597,1531160833594,250694,0.00000085,1.00000000,0
1531160836949,1531160836945,250695,0.00000084,29072.00000000,1
1531160837078,1531160837075,250696,0.00000085,1.00000000,0
1531160841195,1531160841191,250697,0.00000085,15917.00000000,0
1531160846631,1531160846628,250698,0.00000085,1.00000000,0
1531160846810,1531160846805,250699,0.00000085,1.00000000,0
1531160846950,1531160846947,250700,0.00000085,1.00000000,0
1531160847106,1531160847102,250701,0.00000085,1.00000000,0
1531160847257,1531160847256,250702,0.00000085,1.00000000,0
1531160847431,1531160847430,250703,0.00000085,1.00000000,0
1531160847824,1531160847820,250704,0.00000085,1.00000000,0
1531160848599,1531160848594,250705,0.00000085,1.00000000,0
1531160848741,1531160848737,250706,0.00000085,1.00000000,0
1531160848910,1531160848905,250707,0.00000085,1.00000000,0
1531160849576,1531160849573,250708,0.00000085,1.00000000,0
1531160849732,1531160849729,250709,0.00000085,1.00000000,0
1531160849909,1531160849905,250710,0.00000085,1.00000000,0
1531160850340,1531160850337,250711,0.00000085,1.00000000,0
1531160850499,1531160850495,250712,0.00000085,1.00000000,0
1531160851126,1531160851122,250713,0.00000085,1.00000000,0
1531160861082,1531160861081,250714,0.00000085,1.00000000,0
1531160861258,1531160861255,250715,0.00000085,1.00000000,0
1531160861405,1531160861404,250716,0.00000085,1.00000000,0
1531160861574,1531160861570,250717,0.00000085,1.00000000,0
1531160861729,1531160861725,250718,0.00000085,1.00000000,0
1531160861903,1531160861900,250719,0.00000085,1.00000000,0
1531160862125,1531160862122,250720,0.00000085,1.00000000,0
1531160862304,1531160862300,250721,0.00000085,1.00000000,0
1531160862948,1531160862944,250722,0.00000085,1.00000000,0
1531160863601,1531160863597,250723,0.00000085,1.00000000,0
1531160863630,1531160863625,250724,0.00000085,1.00000000,0
1531160863748,1531160863745,250725,0.00000085,1.00000000,0
1531160863786,1531160863782,250726,0.00000085,1.00000000,0
1531160864150,1531160864146,250727,0.00000084,1225.00000000,1
1531160864339,1531160864336,250728,0.00000085,1.00000000,0
1531160864344,1531160864340,250729,0.00000085,1.00000000,0
1531160864500,1531160864497,250730,0.00000085,1.00000000,0
1531160864661,1531160864657,250731,0.00000085,1.00000000,0
1531160865989,1531160865985,250732,0.00000085,1.00000000,0
1531160866134,1531160866131,250733,0.00000085,1.00000000,0
1531160866312,1531160866308,250734,0.00000085,1.00000000,0
1531160866499,1531160866496,250735,0.00000085,1.00000000,0
1531160867049,1531160867046,250736,0.00000085,1.00000000,0
1531160867703,1531160867699,250737,0.00000085,1.00000000,0
1531160873936,1531160873933,250738,0.00000084,157177.00000000,1
1531160874092,1531160874088,250739,0.00000085,1.00000000,0
1531160876449,1531160876444,250740,0.00000084,57142.00000000,1
1531160876576,1531160876572,250741,0.00000085,1.00000000,0
1531160876691,1531160876686,250742,0.00000085,1.00000000,0
1531160876800,1531160876796,250743,0.00000085,1.00000000,0
1531160876908,1531160876902,250744,0.00000085,1.00000000,0
1531160877020,1531160877015,250745,0.00000085,1.00000000,0
1531160877132,1531160877129,250746,0.00000085,1.00000000,0
1531160877253,1531160877249,250747,0.00000085,1.00000000,0
1531160877373,1531160877371,250748,0.00000085,1.00000000,0
1531160877494,1531160877490,250749,0.00000085,1.00000000,0
1531160877615,1531160877611,250750,0.00000085,1.00000000,0
1531160879834,1531160879830,250751,0.00000085,1.00000000,0
1531160879994,1531160879991,250752,0.00000085,1.00000000,0
1531160880166,1531160880163,250753,0.00000085,1.00000000,0
1531160880332,1531160880328,250754,0.00000085,1.00000000,0
1531160880523,1531160880518,250755,0.00000085,1.00000000,0
1531160881942,1531160881939,250756,0.00000084,10968.00000000,1
1531160882009,1531160882004,250757,0.00000085,1.00000000,0
1531160882110,1531160882107,250758,0.00000085,1.00000000,0
1531160882328,1531160882324,250759,0.00000085,1.00000000,0
1531160882803,1531160882799,250760,0.00000085,1.00000000,0
1531160882860,1531160882856,250761,0.00000085,1.00000000,0
1531160883535,1531160883531,250762,0.00000085,1.00000000,0
1531160883586,1531160883584,250763,0.00000085,1.00000000,0
1531160883774,1531160883771,250764,0.00000085,1.00000000,0
1531160884293,1531160884290,250765,0.00000085,1.00000000,0
1531160884464,1531160884460,250766,0.00000085,1.00000000,0
1531160885212,1531160885207,250767,0.00000085,1.00000000,0
1531160885570,1531160885567,250768,0.00000085,1.00000000,0
1531160885859,1531160885856,250769,0.00000085,1.00000000,0
1531160886084,1531160886079,250770,0.00000085,1.00000000,0
1531160886638,1531160886616,250771,0.00000085,1.00000000,0
1531160886810,1531160886806,250772,0.00000085,1.00000000,0
1531160887398,1531160887395,250773,0.00000085,1.00000000,0
1531160887580,1531160887576,250774,0.00000085,1.00000000,0
1531160888268,1531160888265,250775,0.00000085,1.00000000,0
1531160888447,1531160888444,250776,0.00000085,1.00000000,0
1531160888587,1531160888584,250777,0.00000085,1.00000000,0
1531160889395,1531160889391,250778,0.00000085,1.00000000,0
1531160889561,1531160889557,250779,0.00000085,1.00000000,0
1531160889747,1531160889744,250780,0.00000085,1.00000000,0
1531160889964,1531160889960,250781,0.00000085,1.00000000,0
1531160890694,1531160890690,250782,0.00000085,1.00000000,0
1531160890878,1531160890874,250783,0.00000085,1.00000000,0
1531160891059,1531160891055,250784,0.00000085,1.00000000,0
1531160891257,1531160891254,250785,0.00000085,1.00000000,0
1531160891975,1531160891971,250786,0.00000085,1.00000000,0
1531160892170,1531160892164,250787,0.00000085,1.00000000,0
1531160892745,1531160892741,250788,0.00000085,1.00000000,0
1531160892901,1531160892898,250789,0.00000085,1.00000000,0
1531160893068,1531160893064,250790,0.00000085,1.00000000,0
1531160894236,1531160894233,250791,0.00000085,1.00000000,0
1531160894440,1531160894435,250792,0.00000085,1.00000000,0
1531160894635,1531160894631,250793,0.00000084,217071.00000000,1
1531160894764,1531160894760,250794,0.00000085,1.00000000,0
1531160895648,1531160895644,250795,0.00000085,1.00000000,0
1531160895838,1531160895835,250796,0.00000085,1.00000000,0
1531160896342,1531160896338,250797,0.00000085,1.00000000,0
1531160896995,1531160896992,250798,0.00000085,1.00000000,0
1531160897096,1531160897093,250799,0.00000085,1.00000000,0
1531160897158,1531160897154,250800,0.00000085,1.00000000,0
1531160897280,1531160897277,250801,0.00000085,1.00000000,0
1531160897886,1531160897882,250802,0.00000085,1.00000000,0
1531160898063,1531160898059,250803,0.00000085,1.00000000,0
1531160898455,1531160898450,250804,0.00000085,1.00000000,0
1531160898635,1531160898632,250805,0.00000085,1.00000000,0
1531160898824,1531160898821,250806,0.00000085,1.00000000,0
1531160899889,1531160899884,250807,0.00000085,1.00000000,0
1531160900110,1531160900106,250808,0.00000085,1.00000000,0
1531160900500,1531160900496,250809,0.00000084,36530.00000000,1
1531160900605,1531160900601,250810,0.00000085,1.00000000,0
1531160900803,1531160900798,250811,0.00000085,1.00000000,0
1531160901451,1531160901448,250812,0.00000085,1.00000000,0
1531160902127,1531160902124,250813,0.00000085,1.00000000,0
1531160902279,1531160902275,250814,0.00000085,1.00000000,0
1531160902403,1531160902399,250815,0.00000085,1.00000000,0
1531160902946,1531160902943,250816,0.00000085,1.00000000,0
1531160903113,1531160903110,250817,0.00000085,1.00000000,0
1531160908408,1531160908404,250818,0.00000084,67912.00000000,1
1531160908633,1531160908629,250819,0.00000085,1.00000000,0
1531160909328,1531160909324,250820,0.00000084,772118.00000000,1
1531160909381,1531160909378,250821,0.00000084,7462.00000000,0
1531160910455,1531160910452,250822,0.00000084,1.00000000,0
1531160910654,1531160910650,250823,0.00000084,1.00000000,0
1531160910810,1531160910806,250824,0.00000084,1.00000000,0
1531160910988,1531160910984,250825,0.00000084,1.00000000,0
1531160911154,1531160911151,250826,0.00000084,1.00000000,0
1531160911759,1531160911755,250827,0.00000083,23790.00000000,1
1531160911864,1531160911861,250828,0.00000084,1.00000000,0
1531160911968,1531160911965,250829,0.00000084,1.00000000,0
1531160911978,1531160911974,250830,0.00000084,1.00000000,0
1531160912221,1531160912217,250831,0.00000084,1.00000000,0
1531160912587,1531160912582,250832,0.00000084,1.00000000,0
1531160912841,1531160912838,250833,0.00000084,1.00000000,0
1531160913966,1531160913961,250834,0.00000084,1.00000000,0
1531160914120,1531160914115,250835,0.00000084,1.00000000,0
1531160914268,1531160914264,250836,0.00000084,1.00000000,0
1531160914928,1531160914924,250837,0.00000084,1.00000000,0
1531160915096,1531160915092,250838,0.00000084,1.00000000,0
1531160915716,1531160915714,250839,0.00000084,1.00000000,0
1531160915928,1531160915924,250840,0.00000084,1.00000000,0
1531160916809,1531160916805,250841,0.00000084,1.00000000,0
1531160916967,1531160916963,250842,0.00000084,1.00000000,0
1531160917611,1531160917607,250843,0.00000084,1.00000000,0
1531160917708,1531160917704,250844,0.00000084,1.00000000,0
1531160917882,1531160917878,250845,0.00000084,1.00000000,0
1531160918758,1531160918753,250846,0.00000084,1.00000000,0
1531160919049,1531160919046,250847,0.00000084,1.00000000,0
1531160919429,1531160919425,250848,0.00000084,1.00000000,0
1531160920712,1531160920709,250849,0.00000084,1.00000000,0
1531160920907,1531160920903,250850,0.00000084,1.00000000,0
1531160921001,1531160920996,250851,0.00000084,74724.00000000,0
1531160921872,1531160921868,250852,0.00000085,1.00000000,0
1531160922076,1531160922072,250853,0.00000085,1.00000000,0
1531160922981,1531160922976,250854,0.00000085,1.00000000,0
1531160923298,1531160923294,250855,0.00000085,1.00000000,0
1531160923542,1531160923538,250856,0.00000085,1.00000000,0
1531160923617,1531160923614,250857,0.00000085,1.00000000,0
1531160924466,1531160924464,250858,0.00000085,1.00000000,0
1531160925086,1531160925082,250859,0.00000085,1.00000000,0
1531160925145,1531160925142,250860,0.00000085,1.00000000,0
1531160925325,1531160925321,250861,0.00000085,1.00000000,0
1531160925895,1531160925893,250862,0.00000085,1.00000000,0
1531160926559,1531160926555,250863,0.00000085,1.00000000,0
1531160926853,1531160926849,250864,0.00000085,1.00000000,0
1531160927849,1531160927845,250865,0.00000085,1.00000000,0
1531160928020,1531160928015,250866,0.00000085,1.00000000,0
1531160928039,1531160928036,250867,0.00000085,1.00000000,0
1531160928729,1531160928726,250868,0.00000085,1.00000000,0
1531160929184,1531160929181,250869,0.00000085,357.00000000,0
1531160929410,1531160929406,250870,0.00000085,1.00000000,0
1531160930150,1531160930147,250871,0.00000085,1.00000000,0
1531160930230,1531160930227,250872,0.00000085,1.00000000,0
1531160930456,1531160930452,250873,0.00000085,1.00000000,0
1531160931233,1531160931229,250874,0.00000085,1.00000000,0
1531160931903,1531160931900,250875,0.00000085,1.00000000,0
1531160941178,1531160941174,250876,0.00000085,1.00000000,0
1531160941343,1531160941339,250877,0.00000085,1.00000000,0
1531160941473,1531160941472,250878,0.00000085,1.00000000,0
1531160941618,1531160941613,250879,0.00000085,1.00000000,0
1531160941779,1531160941777,250880,0.00000085,1.00000000,0
1531160944093,1531160944089,250881,0.00000085,1.00000000,0
1531160944414,1531160944411,250882,0.00000085,1.00000000,0
1531160944714,1531160944709,250883,0.00000085,1.00000000,0
1531160953133,1531160953129,250884,0.00000084,87429.00000000,1
1531160953352,1531160953349,250885,0.00000085,1.00000000,0
1531160953566,1531160953560,250886,0.00000085,1.00000000,0
1531160953680,1531160953676,250887,0.00000085,1.00000000,0
1531160953806,1531160953803,250888,0.00000085,1.00000000,0
1531160953927,1531160953923,250889,0.00000085,1.00000000,0
1531160954041,1531160954037,250890,0.00000085,1.00000000,0
1531160954152,1531160954151,250891,0.00000085,1.00000000,0
1531160954275,1531160954271,250892,0.00000085,1.00000000,0
1531160954397,1531160954393,250893,0.00000085,1.00000000,0
1531160954509,1531160954505,250894,0.00000085,1.00000000,0
1531160960629,1531160960625,250895,0.00000085,1.00000000,0
1531160960954,1531160960950,250896,0.00000085,1.00000000,0
1531160961267,1531160961264,250897,0.00000085,1.00000000,0
1531160961422,1531160961419,250898,0.00000085,1.00000000,0
1531160961980,1531160961978,250899,0.00000085,1.00000000,0
1531160962296,1531160962293,250900,0.00000085,1.00000000,0
1531160962908,1531160962904,250901,0.00000085,1.00000000,0
1531160963060,1531160963055,250902,0.00000085,1.00000000,0
1531160963969,1531160963965,250903,0.00000085,1.00000000,0
1531160964104,1531160964101,250904,0.00000085,1.00000000,0
1531160964260,1531160964256,250905,0.00000085,1.00000000,0
1531160979769,1531160979764,250906,0.00000085,1.00000000,0
1531160979952,1531160979948,250907,0.00000085,1.00000000,0
1531160992479,1531160992475,250908,0.00000085,1.00000000,0
1531160992624,1531160992620,250909,0.00000085,1.00000000,0
1531160996172,1531160996169,250910,0.00000085,1.00000000,0
1531160996315,1531160996311,250911,0.00000085,1.00000000,0
1531160996473,1531160996468,250912,0.00000085,1.00000000,0
1531160997160,1531160997158,250913,0.00000085,1.00000000,0
1531160997313,1531160997309,250914,0.00000085,1.00000000,0
1531160997461,1531160997458,250915,0.00000085,1.00000000,0
1531160998033,1531160998030,250916,0.00000085,1.00000000,0
1531160998158,1531160998156,250917,0.00000085,1.00000000,0
1531160998290,1531160998286,250918,0.00000085,1.00000000,0
1531160999450,1531160999446,250919,0.00000085,1.00000000,0
1531160999615,1531160999610,250920,0.00000085,1.00000000,0
1531160999755,1531160999751,250921,0.00000085,1.00000000,0
1531161000807,1531161000804,250922,0.00000085,1.00000000,0
1531161000952,1531161000950,250923,0.00000085,1.00000000,0
1531161001076,1531161001072,250924,0.00000085,1.00000000,0
1531161001585,1531161001581,250925,0.00000085,1.00000000,0
1531161001751,1531161001746,250926,0.00000085,1.00000000,0
1531161002388,1531161002383,250927,0.00000085,1.00000000,0
1531161002792,1531161002788,250928,0.00000085,1.00000000,0
1531161003145,1531161003142,250929,0.00000084,18971.00000000,1
1531161003276,1531161003272,250930,0.00000085,1.00000000,0
1531161007821,1531161007817,250931,0.00000085,1.00000000,0
1531161007991,1531161007988,250932,0.00000085,1.00000000,0
1531161008149,1531161008146,250933,0.00000085,1.00000000,0
1531161008863,1531161008859,250934,0.00000085,1.00000000,0
1531161008993,1531161008989,250935,0.00000085,1.00000000,0
1531161009600,1531161009597,250936,0.00000085,1.00000000,0
1531161009729,1531161009726,250937,0.00000085,1.00000000,0
1531161010090,1531161010086,250938,0.00000085,1.00000000,0
1531161010210,1531161010208,250939,0.00000085,1.00000000,0
1531161010331,1531161010328,250940,0.00000085,1.00000000,0
1531161010825,1531161010821,250941,0.00000085,1.00000000,0
1531161011518,1531161011514,250942,0.00000085,1.00000000,0
1531161011657,1531161011652,250943,0.00000085,1.00000000,0
1531161011792,1531161011790,250944,0.00000085,1.00000000,0
1531161012256,1531161012253,250945,0.00000085,1.00000000,0
1531161012992,1531161012989,250946,0.00000085,1.00000000,0
1531161013096,1531161013092,250947,0.00000085,1.00000000,0
1531161013702,1531161013698,250948,0.00000085,4236.00000000,0
1531161013719,1531161013715,250949,0.00000085,1.00000000,0
1531161013900,1531161013895,250950,0.00000085,1.00000000,0
1531161014027,1531161014024,250951,0.00000085,1.00000000,0
1531161014976,1531161014973,250952,0.00000085,1.00000000,0
1531161015145,1531161015122,250953,0.00000085,1.00000000,0
1531161015283,1531161015279,250954,0.00000085,1.00000000,0
1531161015927,1531161015924,250955,0.00000085,1.00000000,0
1531161016220,1531161016216,250956,0.00000085,1.00000000,0
1531161016725,1531161016720,250957,0.00000085,1.00000000,0
1531161016847,1531161016845,250958,0.00000085,1.00000000,0
1531161017390,1531161017386,250959,0.00000085,1.00000000,0
1531161017498,1531161017496,250960,0.00000085,1.00000000,0
1531161017542,1531161017539,250961,0.00000085,1.00000000,0
1531161018184,1531161018180,250962,0.00000085,1.00000000,0
1531161026763,1531161026759,250963,0.00000085,1.00000000,0
1531161027055,1531161027051,250964,0.00000085,1.00000000,0
1531161027406,1531161027401,250965,0.00000085,1.00000000,0
1531161027549,1531161027546,250966,0.00000085,1.00000000,0
1531161028100,1531161028097,250967,0.00000085,1.00000000,0
1531161028244,1531161028240,250968,0.00000085,1.00000000,0
1531161028881,1531161028877,250969,0.00000085,1.00000000,0
1531161029104,1531161029099,250970,0.00000085,1.00000000,0
1531161029857,1531161029854,250971,0.00000085,1.00000000,0
1531161030034,1531161030030,250972,0.00000085,1.00000000,0
1531161030173,1531161030170,250973,0.00000085,1.00000000,0
1531161030535,1531161030531,250974,0.00000085,1.00000000,0
1531161031153,1531161031150,250975,0.00000085,1.00000000,0
1531161031483,1531161031479,250976,0.00000085,1.00000000,0
1531161031789,1531161031786,250977,0.00000085,1.00000000,0
1531161031792,1531161031789,250978,0.00000085,1.00000000,0
1531161032463,1531161032459,250979,0.00000085,1.00000000,0
1531161032768,1531161032764,250980,0.00000085,1.00000000,0
1531161033088,1531161033085,250981,0.00000085,1.00000000,0
1531161033100,1531161033095,250982,0.00000085,1.00000000,0
1531161033731,1531161033726,250983,0.00000085,1.00000000,0
1531161033890,1531161033885,250984,0.00000085,1.00000000,0
1531161034037,1531161034034,250985,0.00000085,1.00000000,0
1531161034400,1531161034397,250986,0.00000085,1.00000000,0
1531161034992,1531161034988,250987,0.00000085,1.00000000,0
1531161035148,1531161035143,250988,0.00000085,1.00000000,0
1531161035666,1531161035662,250989,0.00000085,1.00000000,0
1531161035776,1531161035773,250990,0.00000085,1.00000000,0
1531161035817,1531161035815,250991,0.00000085,1.00000000,0
1531161035965,1531161035961,250992,0.00000085,1.00000000,0
1531161036303,1531161036299,250993,0.00000085,1.00000000,0
1531161036905,1531161036901,250994,0.00000085,1.00000000,0
1531161037537,1531161037533,250995,0.00000085,1.00000000,0
1531161037674,1531161037670,250996,0.00000085,1.00000000,0
1531161037696,1531161037691,250997,0.00000085,1.00000000,0
1531161037834,1531161037830,250998,0.00000085,1.00000000,0
1531161046652,1531161046647,250999,0.00000085,704021.00000000,0
1531161052420,1531161052416,251000,0.00000084,37971.00000000,1
1531161052608,1531161052604,251001,0.00000085,1.00000000,0
1531161059475,1531161059472,251002,0.00000085,1.00000000,0
1531161059653,1531161059648,251003,0.00000085,1.00000000,0
1531161059808,1531161059808,251004,0.00000085,1.00000000,0
1531161059961,1531161059957,251005,0.00000085,1.00000000,0
1531161060118,1531161060115,251006,0.00000085,1.00000000,0
1531161060284,1531161060281,251007,0.00000085,1.00000000,0
1531161061098,1531161061093,251008,0.00000085,1.00000000,0
1531161061368,1531161061365,251009,0.00000085,1.00000000,0
1531161061441,1531161061436,251010,0.00000085,1.00000000,0
1531161061686,1531161061682,251011,0.00000085,1.00000000,0
1531161061708,1531161061705,251012,0.00000085,1.00000000,0
1531161062419,1531161062416,251013,0.00000085,1.00000000,0
1531161062558,1531161062553,251014,0.00000085,1.00000000,0
1531161062690,1531161062685,251015,0.00000085,1.00000000,0
1531161062996,1531161062992,251016,0.00000085,1.00000000,0
1531161063722,1531161063718,251017,0.00000085,1.00000000,0
1531161063972,1531161063969,251018,0.00000085,1.00000000,0
1531161064059,1531161064055,251019,0.00000085,1.00000000,0
1531161064218,1531161064214,251020,0.00000085,1.00000000,0
1531161064341,1531161064337,251021,0.00000085,1.00000000,0
1531161078801,1531161078797,251022,0.00000085,1.00000000,0
1531161079400,1531161079383,251023,0.00000085,1.00000000,0
1531161079560,1531161079557,251024,0.00000085,1.00000000,0
1531161079684,1531161079683,251025,0.00000085,1.00000000,0
1531161080396,1531161080392,251026,0.00000085,1.00000000,0
1531161081043,1531161081039,251027,0.00000085,1.00000000,0
1531161081163,1531161081159,251028,0.00000085,1.00000000,0
1531161081371,1531161081367,251029,0.00000085,1.00000000,0
1531161081611,1531161081607,251030,0.00000085,1.00000000,0
1531161082504,1531161082500,251031,0.00000085,1.00000000,0
1531161082758,1531161082755,251032,0.00000085,1.00000000,0
1531161082897,1531161082894,251033,0.00000085,1.00000000,0
1531161083024,1531161083020,251034,0.00000085,1.00000000,0
1531161083149,1531161083146,251035,0.00000085,1.00000000,0
1531161083644,1531161083639,251036,0.00000085,1.00000000,0
1531161083736,1531161083732,251037,0.00000085,1.00000000,0
1531161083892,1531161083889,251038,0.00000085,1.00000000,0
1531161084779,1531161084775,251039,0.00000085,1.00000000,0
1531161084919,1531161084917,251040,0.00000085,1.00000000,0
1531161085112,1531161085108,251041,0.00000085,1.00000000,0
1531161086011,1531161086008,251042,0.00000085,1.00000000,0
1531161086195,1531161086192,251043,0.00000085,1.00000000,0
1531161087202,1531161087200,251044,0.00000085,1.00000000,0
1531161087357,1531161087354,251045,0.00000085,1.00000000,0
1531161087516,1531161087511,251046,0.00000085,1.00000000,0
1531161088391,1531161088387,251047,0.00000085,1.00000000,0
1531161088554,1531161088550,251048,0.00000085,1.00000000,0
1531161088730,1531161088728,251049,0.00000085,1.00000000,0
1531161089081,1531161089077,251050,0.00000085,1.00000000,0
1531161090004,1531161090000,251051,0.00000085,1.00000000,0
1531161090159,1531161090154,251052,0.00000085,1.00000000,0
1531161090215,1531161090211,251053,0.00000085,1.00000000,0
1531161090317,1531161090314,251054,0.00000085,1.00000000,0
1531161090992,1531161090988,251055,0.00000085,1.00000000,0
1531161091170,1531161091166,251056,0.00000085,1.00000000,0
1531161091784,1531161091780,251057,0.00000085,1.00000000,0
1531161092631,1531161092627,251058,0.00000085,1.00000000,0
1531161092861,1531161092856,251059,0.00000085,1.00000000,0
1531161093635,1531161093631,251060,0.00000085,1.00000000,0
1531161093771,1531161093768,251061,0.00000085,1.00000000,0
1531161093943,1531161093939,251062,0.00000085,1.00000000,0
1531161094813,1531161094809,251063,0.00000085,1.00000000,0
1531161094992,1531161094987,251064,0.00000085,1.00000000,0
1531161095196,1531161095190,251065,0.00000085,204548.00000000,0
1531161096042,1531161096037,251066,0.00000085,1.00000000,0
1531161096232,1531161096228,251067,0.00000085,1.00000000,0
1531161096844,1531161096840,251068,0.00000085,1.00000000,0
1531161097004,1531161097000,251069,0.00000085,1.00000000,0
1531161097179,1531161097178,251070,0.00000085,1.00000000,0
1531161111460,1531161111456,251071,0.00000085,1.00000000,0
1531161111617,1531161111613,251072,0.00000085,1.00000000,0
1531161111792,1531161111787,251073,0.00000085,1.00000000,0
1531161111949,1531161111944,251074,0.00000085,1.00000000,0
1531161112123,1531161112120,251075,0.00000085,1.00000000,0
1531161112401,1531161112397,251076,0.00000085,1.00000000,0
1531161113268,1531161113264,251077,0.00000085,1.00000000,0
1531161113954,1531161113951,251078,0.00000085,1.00000000,0
1531161114198,1531161114195,251079,0.00000085,1.00000000,0
1531161115060,1531161115056,251080,0.00000085,1.00000000,0
1531161115214,1531161115211,251081,0.00000085,1.00000000,0
1531161115365,1531161115363,251082,0.00000085,1.00000000,0
1531161120045,1531161120042,251083,0.00000085,11.00000000,0
1531161120384,1531161120381,251084,0.00000085,11.00000000,0
1531161120705,1531161120686,251085,0.00000085,11.00000000,0
1531161120836,1531161120831,251086,0.00000085,11.00000000,0
1531161121497,1531161121493,251087,0.00000085,1.00000000,0
1531161121613,1531161121609,251088,0.00000085,1.00000000,0
1531161122193,1531161122189,251089,0.00000085,1.00000000,0
1531161122352,1531161122347,251090,0.00000085,1.00000000,0
1531161122507,1531161122504,251091,0.00000085,1.00000000,0
1531161123117,1531161123112,251092,0.00000085,1.00000000,0
1531161123242,1531161123238,251093,0.00000085,1.00000000,0
1531161123406,1531161123402,251094,0.00000085,1.00000000,0
1531161123787,1531161123783,251095,0.00000085,1.00000000,0
1531161125311,1531161125285,251096,0.00000084,34180.00000000,1
1531161125501,1531161125498,251097,0.00000085,1.00000000,0
1531161130250,1531161130246,251098,0.00000084,6674.00000000,1
1531161130446,1531161130441,251099,0.00000085,1.00000000,0
1531161131654,1531161131650,251100,0.00000085,1.00000000,0
1531161131785,1531161131781,251101,0.00000085,1.00000000,0
1531161132041,1531161132038,251102,0.00000085,1.00000000,0
1531161132176,1531161132173,251103,0.00000085,1.00000000,0
1531161132273,1531161132269,251104,0.00000085,1.00000000,0
1531161132388,1531161132384,251105,0.00000085,1.00000000,0
1531161133090,1531161133085,251106,0.00000085,1.00000000,0
1531161133644,1531161133641,251107,0.00000085,1.00000000,0
1531161133845,1531161133843,251108,0.00000085,1.00000000,0
1531161134734,1531161134729,251109,0.00000085,1.00000000,0
1531161134974,1531161134971,251110,0.00000085,1.00000000,0
1531161135630,1531161135627,251111,0.00000085,1.00000000,0
1531161135730,1531161135727,251112,0.00000085,1.00000000,0
1531161136353,1531161136348,251113,0.00000085,1.00000000,0
1531161136444,1531161136441,251114,0.00000085,1.00000000,0
1531161136586,1531161136581,251115,0.00000085,1.00000000,0
1531161137501,1531161137498,251116,0.00000085,1.00000000,0
1531161137637,1531161137633,251117,0.00000085,1.00000000,0
1531161138266,1531161138263,251118,0.00000085,1.00000000,0
1531161138528,1531161138525,251119,0.00000085,1.00000000,0
1531161138908,1531161138904,251120,0.00000085,1.00000000,0
1531161140122,1531161140118,251121,0.00000085,1.00000000,0
1531161140293,1531161140290,251122,0.00000085,1.00000000,0
1531161140480,1531161140476,251123,0.00000085,1.00000000,0
1531161140629,1531161140625,251124,0.00000085,1.00000000,0
1531161140901,1531161140898,251125,0.00000085,1.00000000,0
1531161141169,1531161141164,251126,0.00000085,1.00000000,0
1531161141866,1531161141862,251127,0.00000085,1.00000000,0
1531161141977,1531161141974,251128,0.00000085,1.00000000,0
1531161142116,1531161142112,251129,0.00000085,1.00000000,0
1531161143323,1531161143320,251130,0.00000085,1.00000000,0
1531161143645,1531161143642,251131,0.00000085,1.00000000,0
1531161143964,1531161143960,251132,0.00000085,1.00000000,0
1531161144268,1531161144263,251133,0.00000085,1.00000000,0
1531161144535,1531161144531,251134,0.00000085,1.00000000,0
1531161144834,1531161144831,251135,0.00000085,1.00000000,0
1531161145448,1531161145445,251136,0.00000085,1.00000000,0
1531161145584,1531161145580,251137,0.00000085,1.00000000,0
1531161145746,1531161145743,251138,0.00000085,1.00000000,0
1531161146120,1531161146116,251139,0.00000085,1.00000000,0
1531161146674,1531161146671,251140,0.00000085,1.00000000,0
1531161146815,1531161146812,251141,0.00000085,1.00000000,0
1531161146987,1531161146983,251142,0.00000085,1.00000000,0
1531161147363,1531161147360,251143,0.00000085,1.00000000,0
1531161147943,1531161147938,251144,0.00000085,1.00000000,0
1531161148081,1531161148078,251145,0.00000085,1.00000000,0
1531161149044,1531161149041,251146,0.00000085,1.00000000,0
1531161149194,1531161149191,251147,0.00000085,1.00000000,0
1531161149829,1531161149825,251148,0.00000085,1.00000000,0
1531161150557,1531161150555,251149,0.00000085,1.00000000,0
1531161150705,1531161150702,251150,0.00000085,1.00000000,0
1531161150844,1531161150840,251151,0.00000085,1.00000000,0
1531161151348,1531161151344,251152,0.00000085,1.00000000,0
1531161151507,1531161151504,251153,0.00000085,1.00000000,0
1531161151663,1531161151659,251154,0.00000085,1.00000000,0
1531161152816,1531161152813,251155,0.00000085,1.00000000,0
1531161153513,1531161153509,251156,0.00000085,1.00000000,0
1531161153728,1531161153724,251157,0.00000085,1.00000000,0
1531161154519,1531161154514,251158,0.00000085,1.00000000,0
1531161155274,1531161155272,251159,0.00000085,1.00000000,0
1531161155434,1531161155430,251160,0.00000085,1.00000000,0
1531161155985,1531161155982,251161,0.00000085,1.00000000,0
1531161156102,1531161156098,251162,0.00000085,1.00000000,0
1531161156652,1531161156648,251163,0.00000085,1.00000000,0
1531161156855,1531161156851,251164,0.00000085,1.00000000,0
1531161157524,1531161157507,251165,0.00000085,1.00000000,0
1531161157692,1531161157688,251166,0.00000085,1.00000000,0
1531161168892,1531161168888,251167,0.00000084,421.00000000,1
1531161169128,1531161169124,251168,0.00000085,1.00000000,0
1531161169242,1531161169238,251169,0.00000085,1.00000000,0
1531161169363,1531161169359,251170,0.00000085,1.00000000,0
1531161169472,1531161169467,251171,0.00000085,1.00000000,0
1531161169600,1531161169597,251172,0.00000085,1.00000000,0
1531161169711,1531161169708,251173,0.00000085,1.00000000,0
1531161169820,1531161169816,251174,0.00000085,1.00000000,0
1531161169933,1531161169929,251175,0.00000085,1.00000000,0
1531161170045,1531161170044,251176,0.00000085,1.00000000,0
1531161170166,1531161170162,251177,0.00000085,1.00000000,0
1531161172599,1531161172596,251178,0.00000085,1.00000000,0
1531161172780,1531161172779,251179,0.00000085,1.00000000,0
1531161172925,1531161172920,251180,0.00000085,1.00000000,0
1531161173077,1531161173073,251181,0.00000085,1.00000000,0
1531161180860,1531161180855,251182,0.00000085,1.00000000,0
1531161181026,1531161181022,251183,0.00000085,1.00000000,0
1531161181169,1531161181166,251184,0.00000085,1.00000000,0
1531161181307,1531161181302,251185,0.00000085,1.00000000,0
1531161181402,1531161181399,251186,0.00000085,1.00000000,0
1531161181535,1531161181531,251187,0.00000085,1.00000000,0
1531161181652,1531161181648,251188,0.00000085,1.00000000,0
1531161182475,1531161182471,251189,0.00000085,1.00000000,0
1531161183073,1531161183070,251190,0.00000085,1.00000000,0
1531161183182,1531161183178,251191,0.00000085,1.00000000,0
1531161183189,1531161183185,251192,0.00000085,1.00000000,0
1531161183553,1531161183549,251193,0.00000085,1.00000000,0
1531161183856,1531161183852,251194,0.00000085,1.00000000,0
1531161184387,1531161184383,251195,0.00000085,1.00000000,0
1531161184474,1531161184470,251196,0.00000085,1.00000000,0
1531161184711,1531161184707,251197,0.00000085,1.00000000,0
1531161185072,1531161185069,251198,0.00000085,1.00000000,0
1531161185139,1531161185135,251199,0.00000085,1.00000000,0
1531161185247,1531161185243,251200,0.00000085,1.00000000,0
1531161185383,1531161185379,251201,0.00000085,1.00000000,0
1531161186484,1531161186480,251202,0.00000085,1.00000000,0
1531161187219,1531161187215,251203,0.00000085,1.00000000,0
1531161187280,1531161187279,251204,0.00000085,1.00000000,0
1531161187907,1531161187903,251205,0.00000085,1.00000000,0
1531161188131,1531161188127,251206,0.00000085,1.00000000,0
1531161188208,1531161188204,251207,0.00000085,1.00000000,0
1531161188828,1531161188823,251208,0.00000085,1.00000000,0
1531161189006,1531161189001,251209,0.00000085,1.00000000,0
1531161190062,1531161190058,251210,0.00000085,1.00000000,0
1531161190240,1531161190236,251211,0.00000085,1.00000000,0
1531161191808,1531161191804,251212,0.00000085,1.00000000,0
1531161191980,1531161191976,251213,0.00000085,1.00000000,0
1531161192779,1531161192775,251214,0.00000085,1.00000000,0
1531161192940,1531161192936,251215,0.00000085,1.00000000,0
1531161193091,1531161193087,251216,0.00000085,1.00000000,0
1531161194261,1531161194257,251217,0.00000085,1.00000000,0
1531161194425,1531161194420,251218,0.00000085,1.00000000,0
1531161195062,1531161195057,251219,0.00000085,1.00000000,0
1531161195234,1531161195230,251220,0.00000085,1.00000000,0
1531161196090,1531161196085,251221,0.00000085,1.00000000,0
1531161196680,1531161196676,251222,0.00000085,1.00000000,0
1531161196791,1531161196786,251223,0.00000085,1.00000000,0
1531161197499,1531161197494,251224,0.00000085,1.00000000,0
1531161198107,1531161198104,251225,0.00000085,1.00000000,0
1531161198468,1531161198464,251226,0.00000085,4125.00000000,0
1531161199043,1531161199038,251227,0.00000085,1.00000000,0
1531161199235,1531161199231,251228,0.00000085,1.00000000,0
1531161199987,1531161199982,251229,0.00000085,1.00000000,0
1531161200091,1531161200087,251230,0.00000085,1.00000000,0
1531161200229,1531161200226,251231,0.00000085,1.00000000,0
1531161200773,1531161200768,251232,0.00000085,1.00000000,0
1531161200984,1531161200980,251233,0.00000085,1.00000000,0
1531161201108,1531161201104,251234,0.00000085,1.00000000,0
1531161201376,1531161201372,251235,0.00000085,1.00000000,0
1531161202224,1531161202221,251236,0.00000085,1.00000000,0
1531161202409,1531161202407,251237,0.00000085,1.00000000,0
1531161203001,1531161202997,251238,0.00000085,1.00000000,0
1531161203016,1531161203013,251239,0.00000085,1.00000000,0
1531161203182,1531161203179,251240,0.00000085,1.00000000,0
1531161203844,1531161203841,251241,0.00000085,1.00000000,0
1531161204023,1531161204019,251242,0.00000085,1.00000000,0
1531161211143,1531161211140,251243,0.00000085,1.00000000,0
1531161211305,1531161211301,251244,0.00000085,1.00000000,0
1531161211458,1531161211453,251245,0.00000085,1.00000000,0
1531161211618,1531161211615,251246,0.00000085,1.00000000,0
1531161211777,1531161211775,251247,0.00000085,1.00000000,0
1531161211924,1531161211920,251248,0.00000085,1.00000000,0
1531161212629,1531161212625,251249,0.00000085,1.00000000,0
1531161213264,1531161213260,251250,0.00000085,1.00000000,0
1531161213425,1531161213421,251251,0.00000085,1.00000000,0
1531161213453,1531161213449,251252,0.00000085,1.00000000,0
1531161213575,1531161213573,251253,0.00000085,1.00000000,0
1531161213996,1531161213991,251254,0.00000085,1.00000000,0
1531161214641,1531161214637,251255,0.00000085,1.00000000,0
1531161214777,1531161214772,251256,0.00000085,1.00000000,0
1531161214930,1531161214926,251257,0.00000085,1.00000000,0
1531161215341,1531161215337,251258,0.00000085,1.00000000,0
1531161215971,1531161215967,251259,0.00000085,1.00000000,0
1531161216119,1531161216115,251260,0.00000085,1.00000000,0
1531161217131,1531161217127,251261,0.00000085,1.00000000,0
1531161217434,1531161217431,251262,0.00000085,1.00000000,0
1531161217771,1531161217766,251263,0.00000085,1.00000000,0
1531161217924,1531161217919,251264,0.00000085,1.00000000,0
1531161219007,1531161219002,251265,0.00000085,1.00000000,0
1531161219155,1531161219152,251266,0.00000085,1.00000000,0
1531161219338,1531161219334,251267,0.00000085,1.00000000,0
1531161220599,1531161220595,251268,0.00000085,1.00000000,0
1531161220740,1531161220736,251269,0.00000085,1.00000000,0
1531161221355,1531161221351,251270,0.00000085,1.00000000,0
1531161222099,1531161222095,251271,0.00000085,1.00000000,0
1531161222406,1531161222402,251272,0.00000085,1.00000000,0
1531161233552,1531161233547,251273,0.00000085,1.00000000,0
1531161233728,1531161233724,251274,0.00000085,1.00000000,0
1531161233881,1531161233877,251275,0.00000085,1.00000000,0
1531161234016,1531161234012,251276,0.00000085,1.00000000,0
1531161234167,1531161234163,251277,0.00000085,1.00000000,0
1531161234419,1531161234415,251278,0.00000085,1.00000000,0
1531161234978,1531161234974,251279,0.00000085,1.00000000,0
1531161235280,1531161235276,251280,0.00000085,1.00000000,0
1531161235624,1531161235599,251281,0.00000085,1.00000000,0
1531161236260,1531161236256,251282,0.00000085,1.00000000,0
1531161236329,1531161236326,251283,0.00000085,1.00000000,0
1531161236363,1531161236360,251284,0.00000085,1.00000000,0
1531161236968,1531161236965,251285,0.00000085,1.00000000,0
1531161237137,1531161237133,251286,0.00000085,1.00000000,0
1531161237284,1531161237281,251287,0.00000085,1.00000000,0
1531161237464,1531161237461,251288,0.00000085,1.00000000,0
1531161237710,1531161237706,251289,0.00000085,1.00000000,0
1531161238318,1531161238313,251290,0.00000085,1.00000000,0
1531161238479,1531161238476,251291,0.00000085,1.00000000,0
1531161238640,1531161238637,251292,0.00000085,1.00000000,0
1531161239503,1531161239499,251293,0.00000085,1.00000000,0
1531161239647,1531161239642,251294,0.00000085,1.00000000,0
1531161239806,1531161239802,251295,0.00000085,1.00000000,0
1531161240730,1531161240725,251296,0.00000085,1.00000000,0
1531161241045,1531161241040,251297,0.00000085,1.00000000,0
1531161241387,1531161241383,251298,0.00000085,1.00000000,0
1531161241572,1531161241569,251299,0.00000085,1.00000000,0
1531161242226,1531161242222,251300,0.00000085,1.00000000,0
1531161242417,1531161242413,251301,0.00000085,1.00000000,0
1531161242606,1531161242601,251302,0.00000085,1.00000000,0
1531161243672,1531161243667,251303,0.00000085,1.00000000,0
1531161243983,1531161243980,251304,0.00000085,1.00000000,0
1531161243988,1531161243985,251305,0.00000085,1.00000000,0
1531161244315,1531161244312,251306,0.00000085,1.00000000,0
1531161244680,1531161244678,251307,0.00000085,1.00000000,0
1531161245006,1531161245002,251308,0.00000085,1.00000000,0
1531161245328,1531161245324,251309,0.00000085,1.00000000,0
1531161245925,1531161245922,251310,0.00000085,1.00000000,0
1531161246092,1531161246088,251311,0.00000085,1.00000000,0
1531161246237,1531161246233,251312,0.00000085,1.00000000,0
1531161246689,1531161246685,251313,0.00000085,1.00000000,0
1531161247212,1531161247208,251314,0.00000085,1.00000000,0
1531161247371,1531161247367,251315,0.00000085,1.00000000,0
1531161247559,1531161247554,251316,0.00000085,1.00000000,0
1531161248045,1531161248042,251317,0.00000085,1.00000000,0
1531161248217,1531161248213,251318,0.00000085,1.00000000,0
1531161248370,1531161248366,251319,0.00000085,1.00000000,0
1531161249543,1531161249539,251320,0.00000085,1.00000000,0
1531161249714,1531161249711,251321,0.00000085,1.00000000,0
1531161249863,1531161249859,251322,0.00000085,1.00000000,0
1531161258574,1531161258557,251323,0.00000085,1.00000000,0
1531161258737,1531161258733,251324,0.00000085,1.00000000,0
1531161258905,1531161258902,251325,0.00000085,1.00000000,0
1531161259070,1531161259066,251326,0.00000085,1.00000000,0
1531161259226,1531161259222,251327,0.00000085,1.00000000,0
1531161260294,1531161260289,251328,0.00000085,1.00000000,0
1531161260612,1531161260608,251329,0.00000085,1.00000000,0
1531161260948,1531161260945,251330,0.00000085,1.00000000,0
1531161261732,1531161261729,251331,0.00000085,1.00000000,0
1531161261879,1531161261875,251332,0.00000085,1.00000000,0
1531161262010,1531161262006,251333,0.00000085,1.00000000,0
1531161263091,1531161263087,251334,0.00000085,1.00000000,0
1531161263182,1531161263178,251335,0.00000085,1.00000000,0
1531161263793,1531161263789,251336,0.00000085,1.00000000,0
1531161264109,1531161264108,251337,0.00000085,1.00000000,0
1531161264858,1531161264853,251338,0.00000085,1.00000000,0
1531161265036,1531161265031,251339,0.00000085,1.00000000,0
1531161265575,1531161265570,251340,0.00000085,1.00000000,0
1531161265703,1531161265699,251341,0.00000085,1.00000000,0
1531161266814,1531161266810,251342,0.00000085,1.00000000,0
1531161266854,1531161266851,251343,0.00000085,1.00000000,0
1531161267032,1531161267028,251344,0.00000085,1.00000000,0
1531161267765,1531161267760,251345,0.00000085,1.00000000,0
1531161267928,1531161267925,251346,0.00000085,1.00000000,0
1531161268075,1531161268074,251347,0.00000085,1.00000000,0
1531161268782,1531161268777,251348,0.00000084,1549.00000000,1
1531161268941,1531161268936,251349,0.00000085,1.00000000,0
1531161270335,1531161270331,251350,0.00000085,1.00000000,0
1531161270509,1531161270508,251351,0.00000085,1.00000000,0
1531161271544,1531161271540,251352,0.00000085,1.00000000,0
1531161271693,1531161271689,251353,0.00000085,1.00000000,0
1531161271845,1531161271841,251354,0.00000085,1.00000000,0
1531161273291,1531161273287,251355,0.00000085,1.00000000,0
1531161276393,1531161276388,251356,0.00000085,1.00000000,0
1531161276573,1531161276571,251357,0.00000085,1.00000000,0
1531161277333,1531161277329,251358,0.00000085,1.00000000,0
1531161277964,1531161277960,251359,0.00000085,1.00000000,0
1531161279449,1531161279445,251360,0.00000085,1.00000000,0
1531161279664,1531161279660,251361,0.00000085,1.00000000,0
1531161280160,1531161280156,251362,0.00000085,11.00000000,0
1531161280268,1531161280265,251363,0.00000085,1.00000000,0
1531161280435,1531161280430,251364,0.00000085,1.00000000,0
1531161281135,1531161281132,251365,0.00000085,1.00000000,0
1531161281211,1531161281207,251366,0.00000085,1.00000000,0
1531161281906,1531161281902,251367,0.00000085,1.00000000,0
1531161282046,1531161282043,251368,0.00000085,1.00000000,0
1531161282352,1531161282349,251369,0.00000085,1.00000000,0
1531161282686,1531161282683,251370,0.00000085,1.00000000,0
1531161283019,1531161283014,251371,0.00000085,1.00000000,0
1531161283182,1531161283178,251372,0.00000085,1.00000000,0
1531161283821,1531161283817,251373,0.00000085,1.00000000,0
1531161284015,1531161284011,251374,0.00000085,1.00000000,0
1531161284854,1531161284850,251375,0.00000085,1.00000000,0
1531161285037,1531161285034,251376,0.00000085,1.00000000,0
1531161285524,1531161285520,251377,0.00000085,1.00000000,0
1531161286200,1531161286196,251378,0.00000085,1.00000000,0
1531161293080,1531161293075,251379,0.00000084,260271.00000000,1
1531161293331,1531161293326,251380,0.00000085,1.00000000,0
1531161293739,1531161293736,251381,0.00000084,10588.00000000,1
1531161293867,1531161293864,251382,0.00000085,1.00000000,0
1531161296166,1531161296164,251383,0.00000084,53018.00000000,1
1531161296312,1531161296307,251384,0.00000085,1.00000000,0
1531161303588,1531161303585,251385,0.00000084,183078.00000000,1
1531161303781,1531161303778,251386,0.00000085,1.00000000,0
1531161303804,1531161303801,251387,0.00000085,3147.00000000,0
1531161303891,1531161303885,251388,0.00000085,1.00000000,0
1531161304011,1531161304008,251389,0.00000085,1.00000000,0
1531161304123,1531161304123,251390,0.00000085,1.00000000,0
1531161304242,1531161304239,251391,0.00000085,1.00000000,0
1531161304366,1531161304363,251392,0.00000085,1.00000000,0
1531161304494,1531161304478,251393,0.00000085,1.00000000,0
1531161304594,1531161304591,251394,0.00000085,1.00000000,0
1531161304713,1531161304708,251395,0.00000085,1.00000000,0
1531161304836,1531161304833,251396,0.00000085,1.00000000,0
1531161308893,1531161308890,251397,0.00000085,1.00000000,0
1531161309053,1531161309050,251398,0.00000085,1.00000000,0
1531161309190,1531161309187,251399,0.00000085,1.00000000,0
1531161309333,1531161309330,251400,0.00000085,1.00000000,0
1531161309467,1531161309462,251401,0.00000085,1.00000000,0
1531161309621,1531161309617,251402,0.00000085,1.00000000,0
1531161309865,1531161309861,251403,0.00000085,1.00000000,0
1531161310609,1531161310605,251404,0.00000085,1.00000000,0
1531161310749,1531161310746,251405,0.00000085,1.00000000,0
1531161310894,1531161310890,251406,0.00000085,1.00000000,0
1531161311320,1531161311318,251407,0.00000085,1.00000000,0
1531161312150,1531161312146,251408,0.00000085,1.00000000,0
1531161312302,1531161312300,251409,0.00000085,1.00000000,0
1531161312954,1531161312950,251410,0.00000085,1.00000000,0
1531161313474,1531161313470,251411,0.00000085,1.00000000,0
1531161313620,1531161313617,251412,0.00000085,1.00000000,0
1531161314031,1531161314029,251413,0.00000085,1.00000000,0
1531161314547,1531161314543,251414,0.00000085,1.00000000,0
1531161315196,1531161315192,251415,0.00000085,1.00000000,0
1531161315452,1531161315448,251416,0.00000085,1.00000000,0
1531161315787,1531161315784,251417,0.00000085,1.00000000,0
1531161316029,1531161316025,251418,0.00000085,1.00000000,0
1531161316165,1531161316163,251419,0.00000084,27742.00000000,1
1531161316335,1531161316331,251420,0.00000085,1.00000000,0
1531161316721,1531161316716,251421,0.00000085,1.00000000,0
1531161316921,1531161316918,251422,0.00000085,1.00000000,0
1531161317459,1531161317455,251423,0.00000085,1.00000000,0
1531161317632,1531161317629,251424,0.00000085,1.00000000,0
1531161317781,1531161317778,251425,0.00000085,1.00000000,0
1531161318299,1531161318295,251426,0.00000085,1.00000000,0
1531161318611,1531161318607,251427,0.00000085,1.00000000,0
1531161318940,1531161318936,251428,0.00000085,1.00000000,0
1531161319104,1531161319100,251429,0.00000085,1.00000000,0
1531161319248,1531161319244,251430,0.00000085,1.00000000,0
1531161319944,1531161319939,251431,0.00000085,1.00000000,0
1531161320114,1531161320110,251432,0.00000085,1.00000000,0
1531161320223,1531161320219,251433,0.00000085,1.00000000,0
1531161321333,1531161321329,251434,0.00000085,1.00000000,0
1531161321665,1531161321660,251435,0.00000085,1.00000000,0
1531161321851,1531161321848,251436,0.00000085,1.00000000,0
1531161321968,1531161321965,251437,0.00000085,1.00000000,0
1531161322678,1531161322673,251438,0.00000085,1.00000000,0
1531161322873,1531161322858,251439,0.00000085,1.00000000,0
1531161323006,1531161323002,251440,0.00000085,1.00000000,0
1531161326593,1531161326590,251441,0.00000085,1.00000000,0
1531161326921,1531161326916,251442,0.00000085,1.00000000,0
1531161327241,1531161327237,251443,0.00000085,1.00000000,0
1531161327513,1531161327508,251444,0.00000084,431165.00000000,1
1531161327849,1531161327845,251445,0.00000085,1.00000000,0
1531161328482,1531161328478,251446,0.00000085,1.00000000,0
1531161328614,1531161328611,251447,0.00000085,1.00000000,0
1531161328670,1531161328665,251448,0.00000085,1.00000000,0
1531161328749,1531161328745,251449,0.00000085,1.00000000,0
1531161328794,1531161328790,251450,0.00000085,1.00000000,0
1531161335006,1531161335002,251451,0.00000085,1.00000000,0
1531161335149,1531161335144,251452,0.00000085,1.00000000,0
1531161335392,1531161335390,251453,0.00000085,1.00000000,0
1531161335510,1531161335505,251454,0.00000085,1.00000000,0
1531161335608,1531161335604,251455,0.00000085,1.00000000,0
1531161336374,1531161336370,251456,0.00000085,1.00000000,0
1531161336657,1531161336652,251457,0.00000085,1.00000000,0
1531161336692,1531161336688,251458,0.00000085,1.00000000,0
1531161336887,1531161336882,251459,0.00000085,1.00000000,0
1531161336999,1531161336996,251460,0.00000085,1.00000000,0
1531161337536,1531161337533,251461,0.00000085,1.00000000,0
1531161338175,1531161338170,251462,0.00000085,1.00000000,0
1531161338332,1531161338328,251463,0.00000085,1.00000000,0
1531161338366,1531161338362,251464,0.00000085,1.00000000,0
1531161338984,1531161338979,251465,0.00000085,1.00000000,0
1531161339146,1531161339143,251466,0.00000085,1.00000000,0
1531161339738,1531161339734,251467,0.00000085,1.00000000,0
1531161339783,1531161339782,251468,0.00000085,1.00000000,0
1531161339916,1531161339911,251469,0.00000085,1.00000000,0
1531161340486,1531161340483,251470,0.00000085,1.00000000,0
1531161340652,1531161340649,251471,0.00000085,1.00000000,0
1531161340803,1531161340799,251472,0.00000085,1.00000000,0
1531161341150,1531161341145,251473,0.00000085,1.00000000,0
1531161341560,1531161341556,251474,0.00000084,80969.00000000,1
1531161341730,1531161341725,251475,0.00000085,1.00000000,0
1531161342112,1531161342108,251476,0.00000085,1.00000000,0
1531161342552,1531161342548,251477,0.00000084,50332.00000000,1
1531161342560,1531161342557,251478,0.00000085,1.00000000,0
1531161342766,1531161342762,251479,0.00000085,1.00000000,0
1531161343267,1531161343263,251480,0.00000085,1.00000000,0
1531161343401,1531161343396,251481,0.00000085,1.00000000,0
1531161344094,1531161344091,251482,0.00000085,1.00000000,0
1531161344215,1531161344212,251483,0.00000085,1.00000000,0
1531161344366,1531161344363,251484,0.00000085,1.00000000,0
1531161344981,1531161344978,251485,0.00000085,1.00000000,0
1531161345774,1531161345771,251486,0.00000085,1.00000000,0
1531161346412,1531161346408,251487,0.00000085,1.00000000,0
1531161346550,1531161346549,251488,0.00000085,1.00000000,0
1531161346609,1531161346607,251489,0.00000085,1.00000000,0
1531161347414,1531161347410,251490,0.00000085,1.00000000,0
1531161347668,1531161347664,251491,0.00000085,1.00000000,0
1531161348308,1531161348303,251492,0.00000085,1.00000000,0
1531161348400,1531161348396,251493,0.00000085,1.00000000,0
1531161348644,1531161348640,251494,0.00000085,1.00000000,0
1531161348956,1531161348952,251495,0.00000085,1.00000000,0
1531161349693,1531161349689,251496,0.00000085,1.00000000,0
1531161349861,1531161349856,251497,0.00000085,1.00000000,0
1531161349990,1531161349987,251498,0.00000085,1.00000000,0
1531161350413,1531161350404,251499,0.00000085,1.00000000,0
1531161351064,1531161351060,251500,0.00000085,1.00000000,0
1531161351326,1531161351324,251501,0.00000085,1.00000000,0
1531161351658,1531161351654,251502,0.00000085,1.00000000,0
1531161352393,1531161352389,251503,0.00000085,1.00000000,0
1531161352569,1531161352565,251504,0.00000085,1.00000000,0
1531161353260,1531161353257,251505,0.00000085,1.00000000,0
1531161353546,1531161353543,251506,0.00000085,1.00000000,0
1531161355397,1531161355393,251507,0.00000084,8147.00000000,1
1531161355662,1531161355657,251508,0.00000085,1.00000000,0
1531161356348,1531161356344,251509,0.00000084,6977.00000000,1
1531161356534,1531161356530,251510,0.00000085,1.00000000,0
1531161356706,1531161356701,251511,0.00000085,1.00000000,0
1531161356959,1531161356952,251512,0.00000085,1.00000000,0
1531161357136,1531161357132,251513,0.00000085,1.00000000,0
1531161357317,1531161357314,251514,0.00000085,1.00000000,0
1531161357490,1531161357487,251515,0.00000085,1.00000000,0
1531161357674,1531161357671,251516,0.00000085,1.00000000,0
1531161357862,1531161357858,251517,0.00000085,1.00000000,0
1531161358049,1531161358044,251518,0.00000085,1.00000000,0
1531161358224,1531161358220,251519,0.00000085,1.00000000,0
1531161362319,1531161362315,251520,0.00000085,1.00000000,0
1531161362650,1531161362646,251521,0.00000085,1.00000000,0
1531161362982,1531161362977,251522,0.00000085,1.00000000,0
1531161363680,1531161363676,251523,0.00000085,1.00000000,0
1531161364336,1531161364332,251524,0.00000085,1.00000000,0
1531161364488,1531161364485,251525,0.00000085,1.00000000,0
1531161364562,1531161364557,251526,0.00000085,1.00000000,0
1531161365294,1531161365290,251527,0.00000085,1.00000000,0
1531161365478,1531161365474,251528,0.00000085,1.00000000,0
1531161365586,1531161365582,251529,0.00000085,1.00000000,0
1531161365684,1531161365678,251530,0.00000084,479681.00000000,1
1531161366016,1531161366011,251531,0.00000084,1.00000000,0
1531161366266,1531161366261,251532,0.00000084,1.00000000,0
1531161366450,1531161366445,251533,0.00000084,1.00000000,0
1531161367088,1531161367085,251534,0.00000084,1.00000000,0
1531161367304,1531161367299,251535,0.00000084,1.00000000,0
1531161367520,1531161367517,251536,0.00000084,1.00000000,0
1531161368023,1531161368019,251537,0.00000084,1.00000000,0
1531161368192,1531161368187,251538,0.00000084,1.00000000,0
1531161368906,1531161368902,251539,0.00000084,1.00000000,0
1531161369563,1531161369558,251540,0.00000084,1.00000000,0
1531161369585,1531161369581,251541,0.00000084,1.00000000,0
1531161370131,1531161370129,251542,0.00000084,2380.00000000,0
1531161370238,1531161370234,251543,0.00000084,1.00000000,0
1531161370294,1531161370290,251544,0.00000084,1.00000000,0
1531161370964,1531161370960,251545,0.00000084,1.00000000,0
1531161370988,1531161370985,251546,0.00000084,1.00000000,0
1531161371177,1531161371172,251547,0.00000084,1.00000000,0
1531161371586,1531161371582,251548,0.00000084,1.00000000,0
1531161371757,1531161371752,251549,0.00000084,1.00000000,0
1531161372615,1531161372612,251550,0.00000084,1.00000000,0
1531161372789,1531161372784,251551,0.00000084,1.00000000,0
1531161372933,1531161372930,251552,0.00000084,1.00000000,0
1531161373567,1531161373563,251553,0.00000084,1.00000000,0
1531161373713,1531161373710,251554,0.00000084,1.00000000,0
1531161373855,1531161373851,251555,0.00000084,1.00000000,0
1531161374183,1531161374180,251556,0.00000084,1.00000000,0
1531161375030,1531161375026,251557,0.00000084,1.00000000,0
1531161375181,1531161375177,251558,0.00000084,1.00000000,0
1531161375339,1531161375335,251559,0.00000084,1.00000000,0
1531161375353,1531161375348,251560,0.00000084,1.00000000,0
1531161375673,1531161375670,251561,0.00000084,130087.00000000,0
1531161376274,1531161376271,251562,0.00000084,1.00000000,0
1531161376433,1531161376429,251563,0.00000084,1.00000000,0
1531161376598,1531161376594,251564,0.00000084,1.00000000,0
1531161377179,1531161377175,251565,0.00000084,1.00000000,0
1531161377353,1531161377349,251566,0.00000084,1.00000000,0
1531161377525,1531161377521,251567,0.00000084,1.00000000,0
1531161377695,1531161377691,251568,0.00000084,1.00000000,0
1531161378043,1531161378039,251569,0.00000084,1.00000000,0
1531161378083,1531161378083,251570,0.00000083,1787.00000000,1
1531161378352,1531161378349,251571,0.00000084,1.00000000,0
1531161378746,1531161378743,251572,0.00000084,1.00000000,0
1531161378909,1531161378905,251573,0.00000084,1.00000000,0
1531161379087,1531161379084,251574,0.00000084,1.00000000,0
1531161380480,1531161380478,251575,0.00000083,1217.00000000,1
1531161380673,1531161380668,251576,0.00000084,1.00000000,0
1531161380771,1531161380766,251577,0.00000084,1.00000000,0
1531161380900,1531161380895,251578,0.00000084,1.00000000,0
1531161381048,1531161381043,251579,0.00000084,1.00000000,0
1531161381512,1531161381509,251580,0.00000084,1.00000000,0
1531161381646,1531161381643,251581,0.00000084,1.00000000,0
1531161381815,1531161381811,251582,0.00000084,1.00000000,0
1531161382454,1531161382450,251583,0.00000084,1.00000000,0
1531161382617,1531161382613,251584,0.00000084,1.00000000,0
1531161382772,1531161382770,251585,0.00000084,1.00000000,0
1531161383979,1531161383975,251586,0.00000084,1.00000000,0
1531161384144,1531161384139,251587,0.00000084,1.00000000,0
1531161384334,1531161384331,251588,0.00000084,59064.00000000,0
1531161384756,1531161384753,251589,0.00000084,1.00000000,0
1531161384940,1531161384936,251590,0.00000084,1.00000000,0
1531161385433,1531161385430,251591,0.00000084,1.00000000,0
1531161386094,1531161386090,251592,0.00000084,1.00000000,0
1531161386226,1531161386223,251593,0.00000084,1.00000000,0
1531161386423,1531161386419,251594,0.00000084,1.00000000,0
1531161386834,1531161386831,251595,0.00000084,1.00000000,0
1531161387037,1531161387034,251596,0.00000084,1.00000000,0
1531161387584,1531161387581,251597,0.00000084,1.00000000,0
1531161387750,1531161387746,251598,0.00000084,1.00000000,0
1531161388104,1531161388101,251599,0.00000084,1.00000000,0
1531161388662,1531161388657,251600,0.00000084,1.00000000,0
1531161389161,1531161389157,251601,0.00000084,182932.00000000,0
1531161389327,1531161389323,251602,0.00000084,1.00000000,0
1531161389409,1531161389404,251603,0.00000084,1.00000000,0
1531161389565,1531161389560,251604,0.00000084,1.00000000,0
1531161390746,1531161390742,251605,0.00000084,1.00000000,0
1531161390894,1531161390890,251606,0.00000084,1.00000000,0
1531161391512,1531161391509,251607,0.00000084,1.00000000,0
1531161391580,1531161391576,251608,0.00000084,1.00000000,0
1531161392250,1531161392246,251609,0.00000084,1.00000000,0
1531161394023,1531161394019,251610,0.00000084,1.00000000,0
1531161394181,1531161394177,251611,0.00000084,1.00000000,0
1531161394325,1531161394320,251612,0.00000084,1.00000000,0
1531161394346,1531161394342,251613,0.00000084,1.00000000,0
1531161395550,1531161395547,251614,0.00000084,1.00000000,0
1531161395868,1531161395865,251615,0.00000084,1.00000000,0
1531161395900,1531161395895,251616,0.00000084,1.00000000,0
1531161396223,1531161396218,251617,0.00000084,1.00000000,0
1531161396732,1531161396727,251618,0.00000084,1.00000000,0
1531161396808,1531161396803,251619,0.00000084,1.00000000,0
1531161396959,1531161396955,251620,0.00000084,1.00000000,0
1531161397541,1531161397537,251621,0.00000084,1.00000000,0
1531161397724,1531161397720,251622,0.00000084,1.00000000,0
1531161398445,1531161398440,251623,0.00000084,1.00000000,0
1531161398581,1531161398578,251624,0.00000084,1.00000000,0
1531161398754,1531161398750,251625,0.00000084,1.00000000,0
1531161398766,1531161398762,251626,0.00000084,1.00000000,0
1531161399535,1531161399531,251627,0.00000084,1.00000000,0
1531161399674,1531161399670,251628,0.00000084,1.00000000,0
1531161399831,1531161399826,251629,0.00000084,1.00000000,0
1531161400181,1531161400177,251630,0.00000084,1.00000000,0
1531161400717,1531161400713,251631,0.00000084,1.00000000,0
1531161400907,1531161400877,251632,0.00000084,1.00000000,0
1531161401031,1531161401027,251633,0.00000084,1.00000000,0
1531161401417,1531161401413,251634,0.00000084,1.00000000,0
1531161402168,1531161402163,251635,0.00000084,1.00000000,0
1531161402315,1531161402312,251636,0.00000084,1.00000000,0
1531161415077,1531161415075,251637,0.00000084,1.00000000,0
1531161415241,1531161415236,251638,0.00000084,1.00000000,0
1531161415408,1531161415403,251639,0.00000084,1.00000000,0
1531161415544,1531161415539,251640,0.00000084,1.00000000,0
1531161415723,1531161415718,251641,0.00000084,1.00000000,0
1531161415986,1531161415982,251642,0.00000084,1.00000000,0
1531161416867,1531161416863,251643,0.00000084,1.00000000,0
1531161417026,1531161417023,251644,0.00000084,1.00000000,0
1531161417188,1531161417184,251645,0.00000084,1.00000000,0
1531161417791,1531161417788,251646,0.00000084,1.00000000,0
1531161417959,1531161417956,251647,0.00000084,1.00000000,0
1531161418125,1531161418121,251648,0.00000084,1.00000000,0
1531161418503,1531161418499,251649,0.00000084,1.00000000,0
1531161419010,1531161419006,251650,0.00000084,1.00000000,0
1531161419179,1531161419178,251651,0.00000084,1.00000000,0
1531161419726,1531161419721,251652,0.00000084,1.00000000,0
1531161419887,1531161419883,251653,0.00000084,1.00000000,0
1531161420441,1531161420437,251654,0.00000084,1.00000000,0
1531161420613,1531161420608,251655,0.00000084,1.00000000,0
1531161421156,1531161421153,251656,0.00000084,1.00000000,0
1531161421303,1531161421298,251657,0.00000084,1.00000000,0
1531161421469,1531161421465,251658,0.00000084,1.00000000,0
1531161421881,1531161421877,251659,0.00000084,1.00000000,0
1531161422499,1531161422494,251660,0.00000084,1.00000000,0
1531161422688,1531161422684,251661,0.00000084,1.00000000,0
1531161423435,1531161423431,251662,0.00000084,1.00000000,0
1531161423615,1531161423611,251663,0.00000084,1.00000000,0
1531161424532,1531161424528,251664,0.00000084,1.00000000,0
1531161424608,1531161424604,251665,0.00000084,1.00000000,0
1531161425266,1531161425263,251666,0.00000084,1.00000000,0
1531161425348,1531161425344,251667,0.00000084,1.00000000,0
1531161425566,1531161425563,251668,0.00000084,1.00000000,0
1531161426292,1531161426287,251669,0.00000084,1.00000000,0
1531161426604,1531161426600,251670,0.00000084,1.00000000,0
1531161426945,1531161426941,251671,0.00000084,1.00000000,0
1531161437880,1531161437876,251672,0.00000084,1.00000000,0
1531161438070,1531161438066,251673,0.00000084,1.00000000,0
1531161438231,1531161438227,251674,0.00000084,1.00000000,0
1531161438338,1531161438335,251675,0.00000084,1.00000000,0
1531161438384,1531161438380,251676,0.00000084,1.00000000,0
1531161438621,1531161438617,251677,0.00000084,1.00000000,0
1531161439043,1531161439038,251678,0.00000084,1.00000000,0
1531161439206,1531161439202,251679,0.00000084,1.00000000,0
1531161439843,1531161439839,251680,0.00000084,1.00000000,0
1531161439855,1531161439851,251681,0.00000084,1.00000000,0
1531161440522,1531161440520,251682,0.00000084,1.00000000,0
1531161440526,1531161440523,251683,0.00000084,1.00000000,0
1531161441197,1531161441193,251684,0.00000084,1.00000000,0
1531161441450,1531161441446,251685,0.00000084,1.00000000,0
1531161442359,1531161442355,251686,0.00000084,1.00000000,0
1531161442511,1531161442507,251687,0.00000084,1.00000000,0
1531161442660,1531161442655,251688,0.00000084,1.00000000,0
1531161442698,1531161442694,251689,0.00000084,1.00000000,0
1531161442873,1531161442870,251690,0.00000084,1.00000000,0
1531161443405,1531161443400,251691,0.00000084,1.00000000,0
1531161443552,1531161443548,251692,0.00000084,1.00000000,0
1531161443730,1531161443726,251693,0.00000084,1.00000000,0
1531161443900,1531161443899,251694,0.00000084,1.00000000,0
1531161444726,1531161444722,251695,0.00000084,1.00000000,0
1531161445362,1531161445358,251696,0.00000084,1.00000000,0
1531161447909,1531161447905,251697,0.00000084,5917.00000000,0
1531161454448,1531161454444,251698,0.00000083,2104.00000000,1
1531161454717,1531161454715,251699,0.00000084,1.00000000,0
1531161456796,1531161456792,251700,0.00000084,4440.00000000,0
1531161465198,1531161465195,251701,0.00000084,1.00000000,0
1531161465469,1531161465465,251702,0.00000084,1.00000000,0
1531161465521,1531161465518,251703,0.00000084,1.00000000,0
1531161465835,1531161465831,251704,0.00000084,1.00000000,0
1531161466519,1531161466514,251705,0.00000084,1.00000000,0
1531161468560,1531161468555,251706,0.00000084,1.00000000,0
1531161468742,1531161468737,251707,0.00000084,1.00000000,0
1531161468758,1531161468754,251708,0.00000084,1.00000000,0
1531161468906,1531161468903,251709,0.00000084,1.00000000,0
1531161469080,1531161469076,251710,0.00000084,1.00000000,0
1531161469652,1531161469642,251711,0.00000084,1.00000000,0
1531161469816,1531161469811,251712,0.00000084,1.00000000,0
1531161469973,1531161469969,251713,0.00000084,1.00000000,0
1531161471011,1531161471007,251714,0.00000084,1.00000000,0
1531161471163,1531161471158,251715,0.00000084,1.00000000,0
1531161471325,1531161471321,251716,0.00000084,1.00000000,0
1531161472515,1531161472510,251717,0.00000084,1.00000000,0
1531161472646,1531161472642,251718,0.00000084,1.00000000,0
1531161473257,1531161473253,251719,0.00000084,1.00000000,0
1531161473293,1531161473289,251720,0.00000084,1.00000000,0
1531161473440,1531161473436,251721,0.00000084,1.00000000,0
1531161473586,1531161473582,251722,0.00000084,1.00000000,0
1531161474266,1531161474263,251723,0.00000084,1.00000000,0
1531161474450,1531161474447,251724,0.00000084,1.00000000,0
1531161475087,1531161475082,251725,0.00000084,1.00000000,0
1531161475254,1531161475249,251726,0.00000084,1.00000000,0
1531161475419,1531161475414,251727,0.00000084,1.00000000,0
1531161476836,1531161476832,251728,0.00000084,1.00000000,0
1531161476893,1531161476889,251729,0.00000084,1.00000000,0
1531161477040,1531161477037,251730,0.00000084,1.00000000,0
1531161477117,1531161477114,251731,0.00000084,1.00000000,0
1531161477200,1531161477196,251732,0.00000084,1.00000000,0
1531161477915,1531161477912,251733,0.00000084,1.00000000,0
1531161478050,1531161478048,251734,0.00000084,1.00000000,0
1531161478700,1531161478696,251735,0.00000084,1.00000000,0
1531161478923,1531161478919,251736,0.00000084,1.00000000,0
1531161479610,1531161479605,251737,0.00000084,1.00000000,0
1531161479789,1531161479784,251738,0.00000084,1.00000000,0
1531161480303,1531161480300,251739,0.00000084,1.00000000,0
1531161480474,1531161480470,251740,0.00000084,1.00000000,0
1531161481002,1531161480998,251741,0.00000084,1.00000000,0
1531161481174,1531161481170,251742,0.00000084,1.00000000,0
1531161482230,1531161482225,251743,0.00000084,82707.00000000,0
1531161482233,1531161482230,251744,0.00000084,83203.00000000,0
1531161486863,1531161486859,251745,0.00000084,1.00000000,0
1531161487160,1531161487158,251746,0.00000084,1.00000000,0
1531161487185,1531161487184,251747,0.00000084,1.00000000,0
1531161487493,1531161487490,251748,0.00000084,1.00000000,0
1531161496994,1531161496991,251749,0.00000084,1.00000000,0
1531161497141,1531161497138,251750,0.00000084,1.00000000,0
1531161497285,1531161497281,251751,0.00000084,1.00000000,0
1531161497414,1531161497410,251752,0.00000084,1.00000000,0
1531161497575,1531161497571,251753,0.00000084,1.00000000,0
1531161497726,1531161497722,251754,0.00000084,1.00000000,0
1531161498260,1531161498257,251755,0.00000084,1.00000000,0
1531161498410,1531161498407,251756,0.00000084,1.00000000,0
1531161498576,1531161498573,251757,0.00000084,1.00000000,0
1531161499277,1531161499273,251758,0.00000084,272471.00000000,0
1531161499922,1531161499919,251759,0.00000084,1.00000000,0
1531161500106,1531161500102,251760,0.00000084,1.00000000,0
1531161500255,1531161500250,251761,0.00000084,1.00000000,0
1531161500783,1531161500778,251762,0.00000084,1.00000000,0
1531161500912,1531161500908,251763,0.00000084,1.00000000,0
1531161501579,1531161501577,251764,0.00000084,1.00000000,0
1531161501663,1531161501658,251765,0.00000084,1.00000000,0
1531161502331,1531161502329,251766,0.00000084,1.00000000,0
1531161502439,1531161502435,251767,0.00000084,34694.00000000,0
1531161511722,1531161511718,251768,0.00000084,1.00000000,0
1531161511897,1531161511892,251769,0.00000084,1.00000000,0
1531161512099,1531161512095,251770,0.00000084,1.00000000,0
1531161512253,1531161512248,251771,0.00000084,1.00000000,0
1531161512396,1531161512392,251772,0.00000084,1.00000000,0
1531161513061,1531161513056,251773,0.00000084,4089.00000000,0
1531161513138,1531161513135,251774,0.00000084,1.00000000,0
1531161513435,1531161513432,251775,0.00000084,1.00000000,0
1531161513947,1531161513943,251776,0.00000084,1.00000000,0
1531161514105,1531161514101,251777,0.00000084,1.00000000,0
1531161514280,1531161514278,251778,0.00000084,1.00000000,0
1531161515570,1531161515532,251779,0.00000084,1.00000000,0
1531161515835,1531161515831,251780,0.00000084,1.00000000,0
1531161516055,1531161516050,251781,0.00000084,1.00000000,0
1531161516163,1531161516159,251782,0.00000084,1.00000000,0
1531161516718,1531161516717,251783,0.00000084,1.00000000,0
1531161516878,1531161516875,251784,0.00000084,1.00000000,0
1531161517015,1531161517010,251785,0.00000084,1.00000000,0
1531161525256,1531161525252,251786,0.00000084,1.00000000,0
1531161525440,1531161525435,251787,0.00000084,1.00000000,0
1531161525593,1531161525588,251788,0.00000084,1.00000000,0
1531161525881,1531161525877,251789,0.00000084,1.00000000,0
1531161526016,1531161526013,251790,0.00000084,1.00000000,0
1531161526414,1531161526411,251791,0.00000084,1.00000000,0
1531161526989,1531161526986,251792,0.00000084,1.00000000,0
1531161527171,1531161527167,251793,0.00000084,1.00000000,0
1531161527329,1531161527324,251794,0.00000084,1.00000000,0
1531161527513,1531161527509,251795,0.00000084,1.00000000,0
1531161527973,1531161527969,251796,0.00000084,1.00000000,0
1531161528138,1531161528134,251797,0.00000084,1.00000000,0
1531161528292,1531161528288,251798,0.00000084,1.00000000,0
1531161528539,1531161528535,251799,0.00000084,1.00000000,0
1531161529217,1531161529212,251800,0.00000084,1.00000000,0
1531161529368,1531161529364,251801,0.00000084,1.00000000,0
1531161529899,1531161529895,251802,0.00000084,1.00000000,0
1531161530026,1531161530023,251803,0.00000084,1.00000000,0
1531161530063,1531161530060,251804,0.00000084,1.00000000,0
1531161530468,1531161530463,251805,0.00000084,1.00000000,0
1531161531019,1531161531016,251806,0.00000084,1.00000000,0
1531161531203,1531161531199,251807,0.00000084,1.00000000,0
1531161531995,1531161531991,251808,0.00000084,1.00000000,0
1531161532164,1531161532160,251809,0.00000084,1.00000000,0
1531161533197,1531161533193,251810,0.00000084,1.00000000,0
1531161533357,1531161533353,251811,0.00000084,1.00000000,0
1531161533931,1531161533905,251812,0.00000084,1.00000000,0
1531161534566,1531161534562,251813,0.00000084,1.00000000,0
1531161534830,1531161534825,251814,0.00000084,1.00000000,0
1531161535195,1531161535192,251815,0.00000084,1.00000000,0
1531161536171,1531161536167,251816,0.00000084,1.00000000,0
1531161536359,1531161536355,251817,0.00000084,1.00000000,0
1531161536939,1531161536934,251818,0.00000084,1.00000000,0
1531161537129,1531161537125,251819,0.00000084,1.00000000,0
1531161538098,1531161538093,251820,0.00000084,1.00000000,0
1531161538268,1531161538264,251821,0.00000084,1.00000000,0
1531161538942,1531161538937,251822,0.00000084,1468433.00000000,0
1531161539215,1531161539211,251823,0.00000084,1.00000000,0
1531161539424,1531161539421,251824,0.00000084,1.00000000,0
1531161539865,1531161539863,251825,0.00000084,90021.00000000,0
1531161540231,1531161540228,251826,0.00000084,1.00000000,0
1531161540425,1531161540421,251827,0.00000084,1.00000000,0
1531161541175,1531161541170,251828,0.00000084,1.00000000,0
1531161541343,1531161541339,251829,0.00000084,1.00000000,0
1531161541480,1531161541476,251830,0.00000084,1.00000000,0
1531161542752,1531161542749,251831,0.00000084,1.00000000,0
1531161542902,1531161542898,251832,0.00000084,1.00000000,0
1531161543064,1531161543061,251833,0.00000084,1.00000000,0
1531161544148,1531161544145,251834,0.00000084,1.00000000,0
1531161544308,1531161544304,251835,0.00000084,1.00000000,0
1531161545226,1531161545225,251836,0.00000084,1.00000000,0
1531161545406,1531161545401,251837,0.00000084,1.00000000,0
1531161546059,1531161546056,251838,0.00000084,1.00000000,0
1531161546225,1531161546220,251839,0.00000084,1.00000000,0
1531161546394,1531161546390,251840,0.00000084,1.00000000,0
1531161546751,1531161546746,251841,0.00000084,1.00000000,0
1531161547173,1531161547171,251842,0.00000084,32447.00000000,0
1531161547537,1531161547534,251843,0.00000084,1.00000000,0
1531161547858,1531161547855,251844,0.00000084,1.00000000,0
1531161548622,1531161548618,251845,0.00000084,1.00000000,0
1531161548790,1531161548786,251846,0.00000084,1.00000000,0
1531161549429,1531161549425,251847,0.00000084,1.00000000,0
1531161550210,1531161550206,251848,0.00000084,1.00000000,0
1531161550528,1531161550524,251849,0.00000084,1.00000000,0
1531161550878,1531161550873,251850,0.00000084,1.00000000,0
1531161551089,1531161551085,251851,0.00000084,11.00000000,0
1531161551186,1531161551180,251852,0.00000084,1.00000000,0
1531161551876,1531161551873,251853,0.00000084,1.00000000,0
1531161552445,1531161552440,251854,0.00000084,1.00000000,0
1531161552540,1531161552535,251855,0.00000084,1.00000000,0
1531161552655,1531161552651,251856,0.00000084,1.00000000,0
1531161553203,1531161553199,251857,0.00000084,1.00000000,0
1531161553753,1531161553749,251858,0.00000084,1.00000000,0
1531161553841,1531161553837,251859,0.00000084,1.00000000,0
1531161553909,1531161553906,251860,0.00000084,1.00000000,0
1531161554107,1531161554102,251861,0.00000084,1.00000000,0
1531161554300,1531161554296,251862,0.00000084,1.00000000,0
1531161554879,1531161554874,251863,0.00000084,1.00000000,0
1531161554993,1531161554990,251864,0.00000084,14281.00000000,0
1531161555076,1531161555072,251865,0.00000084,1.00000000,0
1531161555864,1531161555860,251866,0.00000084,1.00000000,0
1531161556567,1531161556563,251867,0.00000084,1.00000000,0
1531161556660,1531161556655,251868,0.00000084,1.00000000,0
1531161556779,1531161556774,251869,0.00000084,1.00000000,0
1531161557361,1531161557356,251870,0.00000084,1.00000000,0
1531161557529,1531161557525,251871,0.00000084,1.00000000,0
1531161558305,1531161558300,251872,0.00000084,1.00000000,0
1531161558487,1531161558483,251873,0.00000084,11.00000000,0
1531161558937,1531161558932,251874,0.00000084,1.00000000,0
1531161559124,1531161559119,251875,0.00000084,1.00000000,0
1531161559534,1531161559530,251876,0.00000084,1.00000000,0
1531161559718,1531161559714,251877,0.00000084,1.00000000,0
1531161560120,1531161560116,251878,0.00000084,1.00000000,0
1531161560805,1531161560800,251879,0.00000084,1.00000000,0
1531161560900,1531161560895,251880,0.00000084,1.00000000,0
1531161561072,1531161561067,251881,0.00000084,1.00000000,0
1531161561623,1531161561619,251882,0.00000084,1.00000000,0
1531161562199,1531161562195,251883,0.00000084,1.00000000,0
1531161562296,1531161562293,251884,0.00000084,1.00000000,0
1531161562913,1531161562909,251885,0.00000084,1.00000000,0
1531161563976,1531161563971,251886,0.00000084,1.00000000,0
1531161564141,1531161564137,251887,0.00000084,1.00000000,0
1531161564701,1531161564697,251888,0.00000084,1.00000000,0
1531161564825,1531161564824,251889,0.00000084,1.00000000,0
1531161565012,1531161565008,251890,0.00000084,1.00000000,0
1531161565958,1531161565953,251891,0.00000084,1.00000000,0
1531161566126,1531161566122,251892,0.00000084,1.00000000,0
1531161566878,1531161566874,251893,0.00000084,1.00000000,0
1531161567571,1531161567568,251894,0.00000084,1.00000000,0
1531161567630,1531161567625,251895,0.00000084,1.00000000,0
1531161567820,1531161567816,251896,0.00000084,1.00000000,0
1531161568236,1531161568232,251897,0.00000084,1.00000000,0
1531161568428,1531161568424,251898,0.00000084,1.00000000,0
1531161568624,1531161568620,251899,0.00000084,1.00000000,0
1531161569216,1531161569213,251900,0.00000084,1.00000000,0
1531161569332,1531161569329,251901,0.00000084,1.00000000,0
1531161569424,1531161569420,251902,0.00000084,1.00000000,0
1531161569973,1531161569970,251903,0.00000083,19728.00000000,1
1531161570156,1531161570151,251904,0.00000084,1.00000000,0
1531161570271,1531161570266,251905,0.00000084,1.00000000,0
1531161570395,1531161570391,251906,0.00000084,1.00000000,0
1531161570528,1531161570526,251907,0.00000084,1.00000000,0
1531161570646,1531161570642,251908,0.00000084,1.00000000,0
1531161570765,1531161570761,251909,0.00000084,1.00000000,0
1531161570880,1531161570876,251910,0.00000084,1.00000000,0
1531161571004,1531161571000,251911,0.00000084,1.00000000,0
1531161571011,1531161571007,251912,0.00000084,1.00000000,0
1531161571126,1531161571122,251913,0.00000084,1.00000000,0
1531161571196,1531161571192,251914,0.00000084,1.00000000,0
1531161571237,1531161571232,251915,0.00000084,1.00000000,0
1531161572852,1531161572848,251916,0.00000084,1.00000000,0
1531161573215,1531161573210,251917,0.00000084,1.00000000,0
1531161573506,1531161573502,251918,0.00000084,1.00000000,0
1531161586943,1531161586938,251919,0.00000084,30478.00000000,0
1531161590700,1531161590696,251920,0.00000084,12781.00000000,0
1531161591871,1531161591868,251921,0.00000084,11.00000000,0
1531161592064,1531161592060,251922,0.00000084,11.00000000,0
1531161592246,1531161592242,251923,0.00000084,11.00000000,0
1531161592427,1531161592422,251924,0.00000084,11.00000000,0
1531161593408,1531161593404,251925,0.00000084,1.00000000,0
1531161593675,1531161593672,251926,0.00000084,1.00000000,0
1531161593698,1531161593695,251927,0.00000084,1.00000000,0
1531161593718,1531161593714,251928,0.00000084,1.00000000,0
1531161595685,1531161595681,251929,0.00000084,1.00000000,0
1531161595758,1531161595753,251930,0.00000084,1.00000000,0
1531161595823,1531161595819,251931,0.00000084,1.00000000,0
1531161595847,1531161595843,251932,0.00000084,1.00000000,0
1531161595953,1531161595948,251933,0.00000084,1.00000000,0
1531161596266,1531161596264,251934,0.00000084,1.00000000,0
1531161596378,1531161596373,251935,0.00000084,1.00000000,0
1531161596403,1531161596398,251936,0.00000084,1.00000000,0
1531161596461,1531161596457,251937,0.00000084,1.00000000,0
1531161596502,1531161596499,251938,0.00000084,1.00000000,0
1531161597885,1531161597881,251939,0.00000084,1.00000000,0
1531161598947,1531161598943,251940,0.00000084,1.00000000,0
1531161599816,1531161599812,251941,0.00000084,1.00000000,0
1531161600595,1531161600592,251942,0.00000084,1.00000000,0
1531161601337,1531161601334,251943,0.00000084,1.00000000,0
1531161602089,1531161602087,251944,0.00000084,1.00000000,0
1531161602877,1531161602873,251945,0.00000084,1.00000000,0
