event_time,trade_time,trade_id,price,quantity,maker
1531160290762,1531160290759,5741221,0.00109200,656.71000000,1
1531160291199,1531160291197,5741222,0.00109200,656.71000000,1
1531160295938,1531160295936,5741223,0.00109200,381.86000000,1
1531160298741,1531160298740,5741224,0.00109400,1.28000000,0
1531160300192,1531160300190,5741225,0.00109000,5.68000000,1
1531160303651,1531160303649,5741226,0.00109300,3.98000000,0
1531160305434,1531160305433,5741227,0.00109200,2.22000000,1
1531160312667,1531160312664,5741228,0.00109000,3.43000000,1
1531160314105,1531160314102,5741229,0.00109000,27.47000000,1
1531160316699,1531160316697,5741230,0.00109300,1.39000000,0
1531160319053,1531160319049,5741231,0.00109000,0.31000000,1
1531160325815,1531160325815,5741232,0.00109000,68.79000000,1
1531160329813,1531160329810,5741233,0.00108900,7.63000000,1
1531160353933,1531160353929,5741234,0.00108800,35.20000000,1
1531160353933,1531160353929,5741235,0.00108700,60.87000000,1
1531160353933,1531160353929,5741236,0.00108600,27.44000000,1
1531160361298,1531160361295,5741237,0.00108600,9.12000000,1
1531160363761,1531160363758,5741238,0.00108900,108.00000000,0
1531160363761,1531160363758,5741239,0.00109100,341.34000000,0
1531160372854,1531160372850,5741240,0.00109000,2.00000000,1
1531160372864,1531160372864,5741241,0.00109000,1.00000000,1
1531160372870,1531160372865,5741242,0.00109000,1.00000000,1
1531160373748,1531160373743,5741243,0.00109000,1.00000000,1
1531160373817,1531160373813,5741244,0.00108700,7.64000000,1
1531160373817,1531160373813,5741245,0.00108600,40.82000000,1
1531160373830,1531160373827,5741246,0.00108600,141.42000000,0
1531160374004,1531160374000,5741247,0.00108600,14.75000000,0
1531160374140,1531160374140,5741248,0.00108600,14.74000000,0
1531160375123,1531160375120,5741249,0.00108600,14.74000000,0
1531160375139,1531160375138,5741250,0.00108600,6.53000000,0
1531160375150,1531160375148,5741251,0.00108600,1.00000000,0
1531160375370,1531160375366,5741252,0.00108500,4.55000000,1
1531160375391,1531160375388,5741253,0.00108600,14.74000000,0
1531160375571,1531160375568,5741254,0.00108600,25.03000000,0
1531160375860,1531160375857,5741255,0.00108600,48.00000000,0
1531160376954,1531160376949,5741256,0.00108600,2.42000000,0
1531160377613,1531160377609,5741257,0.00108600,1.04000000,0
1531160377877,1531160377875,5741258,0.00108600,5.81000000,0
1531160379399,1531160379400,5741259,0.00108600,21.19000000,0
1531160380346,1531160380341,5741260,0.00108600,25.03000000,0
1531160380871,1531160380868,5741261,0.00108600,7.79000000,0
1531160383120,1531160383118,5741262,0.00108800,7.63000000,0
1531160383120,1531160383118,5741263,0.00109100,350.51000000,0
1531160383120,1531160383118,5741264,0.00109200,103.41000000,0
1531160383802,1531160383799,5741265,0.00109200,6.22000000,0
1531160399108,1531160399105,5741266,0.00108800,107.63000000,1
1531160402822,1531160402820,5741267,0.00108800,5.47000000,0
1531160406794,1531160406791,5741268,0.00109000,62.44000000,0
1531160410758,1531160410755,5741269,0.00108800,4.58000000,1
1531160413647,1531160413644,5741270,0.00108800,46.55000000,1
1531160418193,1531160418187,5741271,0.00109100,7.61000000,0
1531160418193,1531160418187,5741272,0.00109300,51.13000000,0
1531160418193,1531160418187,5741273,0.00109400,100.60000000,0
1531160418193,1531160418187,5741274,0.00109500,109.13000000,0
1531160420910,1531160420905,5741275,0.00109000,12.32000000,1
1531160420910,1531160420906,5741276,0.00109000,12.32000000,1
1531160420924,1531160420922,5741277,0.00109000,24.64000000,1
1531160420952,1531160420949,5741278,0.00109400,0.93000000,0
1531160422048,1531160422046,5741279,0.00109000,2.46000000,1
1531160422057,1531160422053,5741280,0.00109000,2.46000000,1
1531160422071,1531160422066,5741281,0.00109000,4.92000000,1
1531160423056,1531160423051,5741282,0.00109000,1.00000000,1
1531160430755,1531160430751,5741283,0.00109200,26.86000000,1
1531160438940,1531160438936,5741284,0.00109200,17.84000000,1
1531160438949,1531160438946,5741285,0.00109200,8.92000000,1
1531160438952,1531160438948,5741286,0.00109200,8.92000000,1
1531160438965,1531160438965,5741287,0.00109200,8.93000000,1
1531160447262,1531160447258,5741288,0.00109300,5.28000000,0
1531160450807,1531160450804,5741289,0.00109400,19.44000000,1
1531160450950,1531160450946,5741290,0.00109400,3.42000000,1
1531160450955,1531160450951,5741291,0.00109400,3.42000000,1
1531160450956,1531160450954,5741292,0.00109400,10.31000000,1
1531160450966,1531160450964,5741293,0.00109300,6.85000000,1
1531160451404,1531160451401,5741294,0.00109300,93.89000000,1
1531160452342,1531160452339,5741295,0.00109400,17.89000000,0
1531160455042,1531160455040,5741296,0.00109400,1.79000000,1
1531160455062,1531160455056,5741297,0.00109400,3.58000000,1
1531160455070,1531160455065,5741298,0.00109400,1.79000000,1
1531160455961,1531160455957,5741299,0.00109400,1.80000000,1
1531160455961,1531160455957,5741300,0.00109300,68.20000000,1
1531160461063,1531160461061,5741301,0.00109500,88.61000000,0
1531160461370,1531160461367,5741302,0.00109300,18.32000000,1
1531160466860,1531160466856,5741303,0.00109400,7.00000000,0
1531160466860,1531160466856,5741304,0.00109500,22.75000000,0
1531160470557,1531160470553,5741305,0.00109300,1.96000000,1
1531160475255,1531160475252,5741306,0.00109500,82.97000000,0
1531160475960,1531160475957,5741307,0.00109300,6.25000000,1
1531160476621,1531160476618,5741308,0.00109500,1.38000000,0
1531160517828,1531160517823,5741309,0.00109300,12.21000000,1
1531160556409,1531160556406,5741310,0.00109600,91.27000000,0
1531160556453,1531160556449,5741311,0.00109600,4.60000000,1
1531160556526,1531160556523,5741312,0.00109600,4.57000000,1
1531160556697,1531160556694,5741313,0.00109600,74.22000000,1
1531160557153,1531160557150,5741314,0.00109600,144.34000000,1
1531160557190,1531160557187,5741315,0.00109600,182.81000000,1
1531160557193,1531160557190,5741316,0.00109600,91.40000000,1
1531160557403,1531160557399,5741317,0.00109600,310.32000000,1
1531160558152,1531160558150,5741318,0.00109600,44.63000000,1
1531160558200,1531160558197,5741319,0.00109600,89.27000000,1
1531160558203,1531160558200,5741320,0.00109600,44.63000000,1
1531160558236,1531160558234,5741321,0.00109600,117.56000000,1
1531160558300,1531160558296,5741322,0.00109400,9.87000000,1
1531160562024,1531160562022,5741323,0.00109600,1.83000000,0
1531160571835,1531160571831,5741324,0.00109600,2.38000000,0
1531160571835,1531160571831,5741325,0.00109700,4.70000000,0
1531160574762,1531160574760,5741326,0.00109500,0.92000000,0
1531160582135,1531160582128,5741327,0.00109600,18.29000000,0
1531160582135,1531160582128,5741328,0.00109700,195.79000000,0
1531160582135,1531160582128,5741329,0.00109800,17.58000000,0
1531160582135,1531160582128,5741330,0.00109900,30.19000000,0
1531160582135,1531160582128,5741331,0.00110000,80.38000000,0
1531160582135,1531160582128,5741332,0.00110100,54.27000000,0
1531160593991,1531160593987,5741333,0.00109800,5.46000000,0
1531160595412,1531160595407,5741334,0.00110000,0.93000000,0
1531160596165,1531160596161,5741335,0.00110000,8.56000000,0
1531160599291,1531160599287,5741336,0.00109700,6.30000000,1
1531160602762,1531160602758,5741337,0.00110000,4.96000000,0
1531160602799,1531160602795,5741338,0.00110000,4.59000000,0
1531160602977,1531160602973,5741339,0.00110000,1.84000000,0
1531160603414,1531160603409,5741340,0.00110000,0.92000000,0
1531160603795,1531160603792,5741341,0.00110000,0.92000000,0
1531160620973,1531160620969,5741342,0.00110000,436.00000000,0
1531160623389,1531160623384,5741343,0.00110000,0.92000000,0
1531160623544,1531160623541,5741344,0.00110000,1.84000000,0
1531160634096,1531160634093,5741345,0.00109800,5.44000000,1
1531160634096,1531160634093,5741346,0.00109700,16.76000000,1
1531160637164,1531160637161,5741347,0.00109700,280.43000000,1
1531160639098,1531160639093,5741348,0.00109700,358.84000000,1
1531160639098,1531160639093,5741349,0.00109600,30.78000000,1
1531160639098,1531160639093,5741350,0.00109500,80.11000000,1
1531160656778,1531160656775,5741351,0.00109600,45.00000000,0
1531160661736,1531160661729,5741352,0.00109800,7.56000000,0
1531160661736,1531160661729,5741353,0.00109900,8.53000000,0
1531160661736,1531160661729,5741354,0.00110000,74.39000000,0
1531160661736,1531160661729,5741355,0.00110100,5.44000000,0
1531160661736,1531160661729,5741356,0.00110200,57.36000000,0
1531160661736,1531160661729,5741357,0.00110300,191.24000000,0
1531160668117,1531160668114,5741358,0.00109700,7.57000000,1
1531160668117,1531160668114,5741359,0.00109500,27.47000000,1
1531160669196,1531160669193,5741360,0.00110000,10.36000000,0
1531160673841,1531160673837,5741361,0.00109800,55.03000000,1
1531160673841,1531160673837,5741362,0.00109700,45.00000000,1
1531160673841,1531160673837,5741363,0.00109600,1.50000000,1
1531160673841,1531160673837,5741364,0.00109500,43.29000000,1
1531160673841,1531160673837,5741365,0.00109400,5.18000000,1
1531160674065,1531160674061,5741366,0.00109400,11.00000000,1
1531160674066,1531160674062,5741367,0.00109400,22.01000000,1
1531160674073,1531160674067,5741368,0.00109400,11.00000000,1
1531160674418,1531160674412,5741369,0.00110100,7.54000000,0
1531160674418,1531160674412,5741370,0.00110200,46.30000000,0
1531160677196,1531160677193,5741371,0.00109500,7.58000000,1
1531160684792,1531160684789,5741372,0.00109700,0.92000000,0
1531160689420,1531160689417,5741373,0.00109700,4.56000000,0
1531160697488,1531160697483,5741374,0.00109700,37.81000000,0
1531160713737,1531160713733,5741375,0.00109600,4.70000000,1
1531160713737,1531160713733,5741376,0.00109500,13.03000000,1
1531160733862,1531160733857,5741377,0.00109400,10.62000000,1
1531160739949,1531160739946,5741378,0.00109700,5.44000000,1
1531160745913,1531160745910,5741379,0.00109700,68.48000000,1
1531160749543,1531160749540,5741380,0.00109700,0.19000000,1
1531160751693,1531160751688,5741381,0.00109700,1.33000000,1
1531160751693,1531160751688,5741382,0.00109500,187.85000000,1
1531160756526,1531160756525,5741383,0.00109800,50.00000000,0
1531160762689,1531160762685,5741384,0.00109700,54.00000000,0
1531160772336,1531160772333,5741385,0.00109700,27.37000000,1
1531160773187,1531160773184,5741386,0.00109800,2.00000000,1
1531160773189,1531160773185,5741387,0.00109800,4.00000000,1
1531160773215,1531160773211,5741388,0.00109800,2.00000000,1
1531160773380,1531160773376,5741389,0.00109800,2.00000000,1
1531160773380,1531160773376,5741390,0.00109700,2.83000000,1
1531160778845,1531160778843,5741391,0.00109700,9.33000000,1
1531160805389,1531160805384,5741392,0.00109800,1.26000000,0
1531160806805,1531160806803,5741393,0.00109800,4.19000000,0
1531160809272,1531160809266,5741394,0.00109700,5.89000000,1
1531160820249,1531160820244,5741395,0.00109900,60.61000000,0
1531160837248,1531160837245,5741396,0.00109900,12.27000000,0
1531160837779,1531160837775,5741397,0.00109900,2.12000000,1
1531160837780,1531160837776,5741398,0.00109900,2.12000000,1
1531160837784,1531160837779,5741399,0.00109900,4.24000000,1
1531160838925,1531160838921,5741400,0.00109900,2.14000000,1
1531160838925,1531160838921,5741401,0.00109700,0.26000000,1
1531160851289,1531160851284,5741402,0.00109700,10.23000000,1
1531160852165,1531160852162,5741403,0.00109700,85.96000000,1
1531160852165,1531160852162,5741404,0.00109600,67.65000000,1
1531160854969,1531160854967,5741405,0.00109600,7.58000000,1
1531160875322,1531160875320,5741406,0.00109400,1.12000000,1
1531160880338,1531160880333,5741407,0.00109400,100.00000000,1
1531160880338,1531160880333,5741408,0.00109300,160.00000000,1
1531160880355,1531160880353,5741409,0.00109300,19.35000000,0
1531160880360,1531160880358,5741410,0.00109300,19.35000000,0
1531160880375,1531160880372,5741411,0.00109300,113.01000000,0
1531160884500,1531160884497,5741412,0.00109400,5.39000000,1
1531160884500,1531160884497,5741413,0.00109300,38.63000000,1
1531160885719,1531160885715,5741414,0.00109300,38.62000000,1
1531160885828,1531160885825,5741415,0.00109300,0.01000000,1
1531160896793,1531160896788,5741416,0.00109200,1.83000000,1
1531160922007,1531160922002,5741417,0.00109500,45.74000000,1
1531160922877,1531160922874,5741418,0.00109700,7.56000000,0
1531160937755,1531160937751,5741419,0.00109500,50.00000000,1
1531160937755,1531160937751,5741420,0.00109400,7.59000000,1
1531160937755,1531160937751,5741421,0.00109300,522.65000000,1
1531160944691,1531160944691,5741422,0.00109500,18.97000000,0
1531160953029,1531160953024,5741423,0.00109500,0.02000000,0
1531160956083,1531160956079,5741424,0.00109700,0.01000000,0
1531160956083,1531160956079,5741425,0.00109800,6.27000000,0
1531160967255,1531160967251,5741426,0.00109800,144.00000000,0
1531160985985,1531160985981,5741427,0.00109700,1.00000000,0
1531160986738,1531160986732,5741428,0.00109700,4.39000000,0
1531160997640,1531160997637,5741429,0.00109800,16.00000000,0
1531160999440,1531160999436,5741430,0.00109500,23.94000000,1
1531160999485,1531160999480,5741431,0.00109300,1.02000000,0
1531160999490,1531160999485,5741432,0.00109300,75.79000000,0
1531160999564,1531160999560,5741433,0.00109300,1.02000000,0
1531160999802,1531160999799,5741434,0.00109300,65.43000000,0
1531161008355,1531161008351,5741435,0.00109300,4.72000000,0
1531161010440,1531161010436,5741436,0.00109300,5.00000000,0
1531161026853,1531161026851,5741437,0.00109300,299.54000000,0
1531161028017,1531161028013,5741438,0.00109300,7.41000000,0
1531161046693,1531161046688,5741439,0.00109700,75.00000000,0
1531161055380,1531161055376,5741440,0.00109700,1.99000000,0
1531161058688,1531161058684,5741441,0.00109700,9.18000000,0
1531161061360,1531161061357,5741442,0.00109700,0.01000000,0
1531161061360,1531161061357,5741443,0.00109900,9.99000000,0
1531161068800,1531161068797,5741444,0.00109700,1.84000000,0
1531161069471,1531161069467,5741445,0.00109700,5.68000000,0
1531161080304,1531161080299,5741446,0.00109700,17.70000000,0
1531161095384,1531161095380,5741447,0.00109700,75.00000000,0
1531161099100,1531161099097,5741448,0.00109800,10.00000000,0
1531161102770,1531161102767,5741449,0.00109800,35.71000000,0
1531161104710,1531161104705,5741450,0.00109800,266.00000000,0
1531161105074,1531161105071,5741451,0.00109500,5.00000000,1
1531161127225,1531161127221,5741452,0.00109800,99.98000000,0
1531161131848,1531161131843,5741453,0.00109900,7.56000000,0
1531161131848,1531161131843,5741454,0.00110000,110.14000000,0
1531161131848,1531161131843,5741455,0.00110100,18.71000000,0
1531161133109,1531161133105,5741456,0.00110100,532.26000000,0
1531161133638,1531161133635,5741457,0.00109600,2.00000000,1
1531161135845,1531161135840,5741458,0.00110000,0.89000000,0
1531161136166,1531161136162,5741459,0.00109600,50.00000000,1
1531161136166,1531161136162,5741460,0.00109500,2.00000000,1
1531161136874,1531161136870,5741461,0.00109900,18.29000000,0
1531161136902,1531161136898,5741462,0.00109700,3.75000000,1
1531161136902,1531161136898,5741463,0.00109700,3.75000000,1
1531161137018,1531161137013,5741464,0.00109700,7.50000000,1
1531161137368,1531161137364,5741465,0.00109700,3.75000000,1
1531161137368,1531161137364,5741466,0.00109500,22.25000000,1
1531161138257,1531161138253,5741467,0.00109500,1.00000000,1
1531161140127,1531161140126,5741468,0.00109800,50.00000000,0
1531161140660,1531161140656,5741469,0.00109600,9.00000000,1
1531161151040,1531161151034,5741470,0.00109500,19.05000000,1
1531161160480,1531161160476,5741471,0.00109300,113.07000000,1
1531161190121,1531161190116,5741472,0.00109600,41.50000000,0
1531161212963,1531161212958,5741473,0.00109600,0.04000000,0
1531161214102,1531161214098,5741474,0.00109700,7.56000000,0
1531161219003,1531161218998,5741475,0.00109900,7.56000000,0
1531161220372,1531161220367,5741476,0.00110000,117.34000000,0
1531161222590,1531161222587,5741477,0.00110000,5.59000000,0
1531161233149,1531161233147,5741478,0.00110000,0.91000000,0
1531161264803,1531161264800,5741479,0.00109500,15.48000000,1
1531161271651,1531161271647,5741480,0.00109400,39.21000000,1
1531161296721,1531161296716,5741481,0.00109700,46.00000000,0
1531161296721,1531161296716,5741482,0.00109800,72.18000000,0
1531161296721,1531161296716,5741483,0.00109900,37.20000000,0
1531161296721,1531161296716,5741484,0.00110000,33.03000000,0
1531161302592,1531161302587,5741485,0.00109900,1.30000000,0
1531161316542,1531161316537,5741486,0.00109500,0.51000000,1
1531161337355,1531161337350,5741487,0.00109900,37.91000000,0
1531161337355,1531161337350,5741488,0.00110000,431.17000000,0
1531161338773,1531161338770,5741489,0.00109600,11.00000000,1
1531161356506,1531161356502,5741490,0.00110000,398.39000000,0
1531161356506,1531161356502,5741491,0.00110200,70.53000000,0
1531161358595,1531161358595,5741492,0.00109700,7.00000000,1
1531161368804,1531161368800,5741493,0.00110100,0.97000000,0
1531161372491,1531161372488,5741494,0.00109900,32.82000000,0
1531161376033,1531161376029,5741495,0.00110000,296.25000000,0
1531161391906,1531161391900,5741496,0.00110000,1.17000000,0
1531161413210,1531161413206,5741497,0.00110000,7.38000000,0
1531161440932,1531161440928,5741498,0.00109700,0.57000000,1
1531161440932,1531161440928,5741499,0.00109500,7.25000000,1
1531161442777,1531161442773,5741500,0.00109900,0.96000000,0
1531161454422,1531161454417,5741501,0.00109900,7.56000000,0
1531161459744,1531161459740,5741502,0.00109900,2.00000000,1
1531161475454,1531161475451,5741503,0.00109900,0.44000000,1
1531161475454,1531161475451,5741504,0.00109700,6.80000000,1
1531161522495,1531161522491,5741505,0.00109800,20.58000000,1
1531161530826,1531161530822,5741506,0.00110000,0.01000000,0
1531161550757,1531161550752,5741507,0.00109800,1.10000000,1
1531161565821,1531161565818,5741508,0.00109800,3.80000000,1
1531161573269,1531161573262,5741509,0.00110000,1.05000000,0
1531161584766,1531161584763,5741510,0.00109900,2.88000000,1
1531161596834,1531161596828,5741511,0.00110000,7.27000000,0
1531161602072,1531161602068,5741512,0.00110000,6.71000000,0
1531161604868,1531161604863,5741513,0.00109800,14.06000000,1
1531161629612,1531161629608,5741514,0.00109800,15.94000000,1
1531161666545,1531161666541,5741515,0.00109800,151.84000000,1
1531161671449,1531161671447,5741516,0.00109800,1.52000000,1
1531161673353,1531161673349,5741517,0.00110000,1.01000000,0
1531161685201,1531161685197,5741518,0.00110000,1.16000000,0
1531161706924,1531161706919,5741519,0.00110000,93.04000000,0
1531161717718,1531161717712,5741520,0.00109800,32.09000000,1
1531161717718,1531161717712,5741521,0.00109700,51.00000000,1
1531161719768,1531161719763,5741522,0.00109700,14.84000000,1
1531161720593,1531161720589,5741523,0.00109900,8.95000000,0
1531161720593,1531161720589,5741524,0.00110000,92.74000000,0
1531161728987,1531161728982,5741525,0.00109900,7.42000000,0
1531161728987,1531161728982,5741526,0.00110000,16.58000000,0
1531161735653,1531161735649,5741527,0.00110000,9.03000000,0
1531161741103,1531161741098,5741528,0.00110000,11.00000000,0
1531161750495,1531161750490,5741529,0.00109800,1.36000000,1
1531161754666,1531161754661,5741530,0.00109700,1.52000000,1
1531161754966,1531161754961,5741531,0.00110000,160.00000000,0
1531161774450,1531161774445,5741532,0.00110000,64.16000000,0
1531161775577,1531161775573,5741533,0.00110000,0.96000000,0
1531161775616,1531161775612,5741534,0.00110000,11.66000000,1
1531161776514,1531161776509,5741535,0.00110000,10.49000000,1
1531161776518,1531161776516,5741536,0.00110000,10.49000000,1
1531161776595,1531161776590,5741537,0.00110000,20.98000000,1
1531161777478,1531161777475,5741538,0.00110000,2.08000000,1
1531161777481,1531161777478,5741539,0.00110000,2.08000000,1
1531161777487,1531161777483,5741540,0.00110000,4.19000000,1
1531161777903,1531161777900,5741541,0.00110000,2.19000000,1
1531161780223,1531161780219,5741542,0.00109800,6.47000000,1
1531161816358,1531161816351,5741543,0.00109900,24.00000000,1
1531161823169,1531161823165,5741544,0.00109900,24.00000000,1
1531161829623,1531161829622,5741545,0.00109900,24.00000000,1
1531161834865,1531161834859,5741546,0.00110000,2.19000000,0
1531161834865,1531161834859,5741547,0.00110200,26.24000000,0
1531161851264,1531161851261,5741548,0.00110000,24.00000000,1
1531161852716,1531161852711,5741549,0.00110000,21.00000000,1
1531161856679,1531161856676,5741550,0.00110200,132.88000000,0
1531161863554,1531161863550,5741551,0.00110000,2.24000000,1
1531161866107,1531161866102,5741552,0.00110200,99.83000000,0
1531161866107,1531161866102,5741553,0.00110300,75.46000000,0
1531161866107,1531161866102,5741554,0.00110400,28.92000000,0
1531161870091,1531161870087,5741555,0.00110000,4.35000000,1
1531161882577,1531161882571,5741556,0.00110300,44.22000000,0
1531161882577,1531161882571,5741557,0.00110400,175.82000000,0
1531161882610,1531161882605,5741558,0.00110400,2.14000000,1
1531161882613,1531161882608,5741559,0.00110400,0.99000000,1
1531161882614,1531161882610,5741560,0.00110400,0.99000000,1
1531161882632,1531161882629,5741561,0.00110400,0.84000000,1
1531161882632,1531161882629,5741562,0.00110000,1.14000000,1
1531161882644,1531161882643,5741563,0.00110000,4.55000000,1
1531161886029,1531161886023,5741564,0.00110100,6.86000000,1
1531161890057,1531161890053,5741565,0.00110200,5.43000000,0
1531161906037,1531161906033,5741566,0.00110300,6.87000000,0
1531161938462,1531161938457,5741567,0.00110200,9.00000000,1
1531161938463,1531161938458,5741568,0.00110200,9.00000000,1
1531161938480,1531161938475,5741569,0.00110200,18.00000000,1
1531161939006,1531161939002,5741570,0.00110200,9.00000000,1
1531161953468,1531161953464,5741571,0.00110200,36.00000000,0
1531161964856,1531161964850,5741572,0.00110100,1.27000000,1
1531161985575,1531161985571,5741573,0.00110100,5.00000000,1
1531161994316,1531161994311,5741574,0.00110300,307.35000000,0
1531162008758,1531162008754,5741575,0.00110200,3.75000000,1
1531162008763,1531162008760,5741576,0.00110200,3.75000000,1
1531162008768,1531162008764,5741577,0.00110200,7.51000000,1
1531162010077,1531162010073,5741578,0.00110200,1.51000000,1
1531162010102,1531162010098,5741579,0.00110300,30.62000000,0
1531162014331,1531162014325,5741580,0.00110200,2.64000000,1
1531162019350,1531162019344,5741581,0.00110200,5.98000000,1
1531162072060,1531162072056,5741582,0.00110200,11.86000000,0
1531162072134,1531162072130,5741583,0.00110200,12.47000000,1
1531162087096,1531162087092,5741584,0.00110200,32.90000000,1
1531162087111,1531162087105,5741585,0.00110200,16.45000000,1
1531162087148,1531162087143,5741586,0.00110200,16.45000000,1
1531162088065,1531162088060,5741587,0.00110200,3.29000000,1
1531162088074,1531162088068,5741588,0.00110200,3.29000000,1
1531162088114,1531162088110,5741589,0.00110200,6.59000000,1
1531162089066,1531162089060,5741590,0.00110200,1.32000000,1
1531162091777,1531162091773,5741591,0.00110200,39.22000000,1
1531162093576,1531162093570,5741592,0.00110200,64.84000000,0
1531162108976,1531162108972,5741593,0.00110100,19.99000000,1
1531162111761,1531162111756,5741594,0.00110200,17.88000000,0
1531162131080,1531162131075,5741595,0.00110200,8.24000000,0
1531162154188,1531162154184,5741596,0.00110200,10.00000000,0
1531162156337,1531162156336,5741597,0.00110100,19.98000000,1
1531162162420,1531162162416,5741598,0.00110200,297.31000000,0
1531162162420,1531162162416,5741599,0.00110500,178.78000000,0
1531162168277,1531162168273,5741600,0.00110500,3.66000000,0
1531162183808,1531162183803,5741601,0.00110100,6.12000000,1
1531162204037,1531162204032,5741602,0.00110400,34.01000000,0
1531162204037,1531162204032,5741603,0.00110500,48.60000000,0
1531162210533,1531162210527,5741604,0.00110500,3.53000000,0
1531162226853,1531162226848,5741605,0.00110200,9.07000000,1
1531162226853,1531162226848,5741606,0.00110100,174.89000000,1
1531162244769,1531162244768,5741607,0.00110300,9.06000000,0
1531162247310,1531162247306,5741608,0.00110400,5.00000000,0
1531162247413,1531162247409,5741609,0.00110400,0.67000000,0
1531162247896,1531162247893,5741610,0.00110400,0.67000000,0
1531162288911,1531162288905,5741611,0.00110400,1.17000000,0
1531162300124,1531162300120,5741612,0.00110400,0.01000000,0
1531162300124,1531162300120,5741613,0.00110500,4.63000000,0
1531162300590,1531162300584,5741614,0.00110400,65.70000000,0
1531162311208,1531162311202,5741615,0.00110100,0.91000000,1
1531162311208,1531162311202,5741616,0.00110000,72.22000000,1
1531162313372,1531162313367,5741617,0.00110300,37.00000000,0
1531162313372,1531162313367,5741618,0.00110400,13.62000000,0
1531162321727,1531162321721,5741619,0.00110100,1.00000000,1
1531162335441,1531162335440,5741620,0.00110100,3.82000000,0
1531162346337,1531162346332,5741621,0.00110000,334.00000000,1
1531162347743,1531162347738,5741622,0.00110400,5.00000000,0
1531162362812,1531162362807,5741623,0.00110400,5.00000000,0
1531162364591,1531162364587,5741624,0.00110000,111.00000000,1
1531162379069,1531162379064,5741625,0.00110300,5.00000000,0
1531162386695,1531162386690,5741626,0.00110400,3.53000000,0
1531162420010,1531162420006,5741627,0.00110100,4.54000000,0
1531162420500,1531162420494,5741628,0.00110400,0.03000000,0
1531162420500,1531162420494,5741629,0.00110500,4.51000000,0
1531162431777,1531162431773,5741630,0.00110500,5.00000000,0
1531162432954,1531162432949,5741631,0.00110000,3.58000000,1
1531162450361,1531162450356,5741632,0.00110400,5.00000000,0
1531162456739,1531162456735,5741633,0.00110000,7.51000000,1
1531162461380,1531162461376,5741634,0.00110400,5.00000000,0
1531162469924,1531162469920,5741635,0.00110100,37.00000000,1
1531162470543,1531162470538,5741636,0.00110400,5.00000000,0
1531162470863,1531162470858,5741637,0.00110000,10.00000000,1
1531162471210,1531162471206,5741638,0.00110400,18.00000000,0
1531162489142,1531162489136,5741639,0.00110000,1.32000000,1
1531162492534,1531162492531,5741640,0.00110400,5.00000000,0
1531162503465,1531162503461,5741641,0.00110400,5.00000000,0
1531162511556,1531162511551,5741642,0.00110400,29.22000000,0
1531162511556,1531162511551,5741643,0.00110500,8.14000000,0
1531162514807,1531162514801,5741644,0.00110000,5.00000000,1
1531162515330,1531162515326,5741645,0.00110100,5.00000000,1
1531162516097,1531162516091,5741646,0.00110400,5.00000000,0
1531162516332,1531162516326,5741647,0.00110100,17.60000000,1
1531162516332,1531162516326,5741648,0.00110000,4.40000000,1
1531162523955,1531162523951,5741649,0.00110300,22.60000000,0
1531162523955,1531162523951,5741650,0.00110500,37.40000000,0
1531162548241,1531162548236,5741651,0.00110500,5.00000000,0
1531162560146,1531162560140,5741652,0.00110400,5.00000000,0
1531162578412,1531162578407,5741653,0.00110400,1.00000000,0
1531162579887,1531162579882,5741654,0.00110400,5.00000000,0
1531162594511,1531162594507,5741655,0.00110400,5.00000000,0
1531162600672,1531162600668,5741656,0.00110400,24.64000000,0
1531162602227,1531162602222,5741657,0.00110400,29.69000000,0
1531162604112,1531162604107,5741658,0.00110100,3.99000000,1
1531162606099,1531162606093,5741659,0.00110400,70.00000000,0
1531162608713,1531162608708,5741660,0.00110400,5.00000000,0
1531162616701,1531162616696,5741661,0.00110400,90.57000000,0
1531162621148,1531162621146,5741662,0.00110400,5.00000000,0
1531162630069,1531162630065,5741663,0.00110400,1.00000000,0
1531162633524,1531162633519,5741664,0.00110400,5.00000000,0
1531162640201,1531162640197,5741665,0.00110400,22.75000000,0
1531162645754,1531162645749,5741666,0.00110400,5.00000000,0
1531162657765,1531162657761,5741667,0.00110400,5.00000000,0
1531162671328,1531162671324,5741668,0.00110400,1.00000000,0
1531162677700,1531162677695,5741669,0.00110400,5.00000000,0
1531162681636,1531162681630,5741670,0.00110200,300.99000000,1
1531162687799,1531162687791,5741671,0.00110400,5.00000000,0
1531162700063,1531162700060,5741672,0.00110400,5.00000000,0
1531162711460,1531162711455,5741673,0.00110400,1.22000000,0
1531162730277,1531162730272,5741674,0.00110400,5.00000000,0
1531162741443,1531162741438,5741675,0.00110500,35.00000000,0
1531162743010,1531162743007,5741676,0.00110500,49.27000000,0
1531162750877,1531162750871,5741677,0.00110200,98.12000000,1
1531162754649,1531162754644,5741678,0.00110100,197.13000000,1
1531162754649,1531162754644,5741679,0.00110000,272.07000000,1
1531162756021,1531162756015,5741680,0.00110400,417.87000000,0
1531162771532,1531162771526,5741681,0.00110400,5.00000000,0
1531162788569,1531162788564,5741682,0.00110200,201.64000000,0
1531162788569,1531162788564,5741683,0.00110300,266.96000000,0
1531162788999,1531162788994,5741684,0.00110000,127.28000000,1
1531162789251,1531162789245,5741685,0.00110000,1.92000000,0
1531162789710,1531162789703,5741686,0.00110000,30.95000000,0
1531162790795,1531162790792,5741687,0.00110100,7.54000000,0
1531162816002,1531162815999,5741688,0.00110300,5.00000000,0
1531162824662,1531162824656,5741689,0.00110000,30.95000000,1
1531162824662,1531162824656,5741690,0.00109900,7.56000000,1
1531162824662,1531162824656,5741691,0.00109800,44.49000000,1
1531162829818,1531162829814,5741692,0.00109900,13.90000000,1
1531162835711,1531162835705,5741693,0.00110300,6.13000000,0
1531162846968,1531162846963,5741694,0.00110300,5.00000000,0
1531162883716,1531162883711,5741695,0.00110300,5.00000000,0
1531162886253,1531162886246,5741696,0.00110000,8.01000000,1
1531162890579,1531162890575,5741697,0.00110300,62.12000000,0
1531162893220,1531162893215,5741698,0.00110300,0.91000000,0
1531162908872,1531162908866,5741699,0.00110300,5.00000000,0
1531162926167,1531162926164,5741700,0.00110000,3.63000000,1
1531162933825,1531162933819,5741701,0.00110300,5.00000000,0
1531162939127,1531162939122,5741702,0.00110100,3.62000000,1
1531162940103,1531162940096,5741703,0.00110100,5.00000000,1
1531162940103,1531162940097,5741704,0.00110100,5.00000000,1
1531162940228,1531162940223,5741705,0.00110100,10.00000000,1
1531162946054,1531162946049,5741706,0.00110000,33.00000000,1
1531162947081,1531162947056,5741707,0.00110000,7.26000000,0
1531162947081,1531162947056,5741708,0.00110300,7.69000000,0
1531162948056,1531162948051,5741709,0.00110300,5.06000000,0
1531162951346,1531162951341,5741710,0.00110000,32.00000000,1
1531162951358,1531162951354,5741711,0.00109900,32.00000000,1
1531162951378,1531162951376,5741712,0.00109900,32.00000000,1
1531162951671,1531162951665,5741713,0.00110000,50.00000000,1
1531162951678,1531162951673,5741714,0.00109900,22.60000000,1
1531162951678,1531162951673,5741715,0.00109800,27.40000000,1
1531162951705,1531162951700,5741716,0.00109800,22.60000000,1
1531162958624,1531162958617,5741717,0.00110000,19.00000000,0
1531162965928,1531162965924,5741718,0.00109800,65.00000000,1
1531162965928,1531162965924,5741719,0.00109700,78.84000000,1
1531162972218,1531162972212,5741720,0.00109700,5.44000000,1
1531162972234,1531162972229,5741721,0.00109700,34.80000000,0
1531162972236,1531162972231,5741722,0.00109700,0.02000000,0
1531162972267,1531162972262,5741723,0.00109900,10.57000000,0
1531162972267,1531162972262,5741724,0.00110000,24.23000000,0
1531162972507,1531162972504,5741725,0.00110000,24.00000000,0
1531162975711,1531162975708,5741726,0.00109700,0.01000000,1
1531162991450,1531162991446,5741727,0.00109700,24.22000000,1
1531162991619,1531162991614,5741728,0.00109700,1.44000000,0
1531162991914,1531162991911,5741729,0.00109700,2.16000000,0
1531162992352,1531162992347,5741730,0.00110000,24.67000000,0
1531162995299,1531162995296,5741731,0.00110000,19.00000000,0
1531162998808,1531162998801,5741732,0.00110000,0.38000000,0
1531162998808,1531162998801,5741733,0.00110100,12.98000000,0
1531162998808,1531162998801,5741734,0.00110200,0.42000000,0
1531163015428,1531163015423,5741735,0.00110000,24.20000000,0
1531163029167,1531163029161,5741736,0.00110000,0.02000000,0
1531163029167,1531163029161,5741737,0.00110200,9.98000000,0
1531163030088,1531163030083,5741738,0.00110200,16.91000000,0
1531163035860,1531163035857,5741739,0.00110100,32.00000000,0
1531163041270,1531163041265,5741740,0.00110100,33.00000000,0
1531163047012,1531163047008,5741741,0.00110100,65.00000000,0
1531163051943,1531163051937,5741742,0.00110100,14.00000000,0
1531163053663,1531163053657,5741743,0.00110100,49.16000000,0
1531163069636,1531163069630,5741744,0.00110100,0.05000000,0
1531163069636,1531163069630,5741745,0.00110200,49.95000000,0
1531163089878,1531163089874,5741746,0.00110200,5.31000000,0
1531163095403,1531163095398,5741747,0.00110200,0.68000000,0
1531163100556,1531163100551,5741748,0.00110200,0.55000000,0
1531163143785,1531163143779,5741749,0.00110100,150.00000000,0
1531163149159,1531163149153,5741750,0.00110100,23.48000000,0
1531163177722,1531163177715,5741751,0.00110200,165.00000000,0
1531163177722,1531163177715,5741752,0.00110300,235.00000000,0
1531163197431,1531163197426,5741753,0.00110000,7.00000000,1
1531163274458,1531163274453,5741754,0.00110200,0.91000000,0
1531163323650,1531163323644,5741755,0.00110000,0.17000000,1
1531163337220,1531163337213,5741756,0.00110300,0.24000000,0
1531163367238,1531163367231,5741757,0.00110300,0.06000000,0
1531163368439,1531163368435,5741758,0.00110300,254.87000000,0
1531163377040,1531163377034,5741759,0.00110300,31.56000000,0
1531163412002,1531163411997,5741760,0.00110000,1.15000000,1
1531163434644,1531163434640,5741761,0.00110300,207.50000000,0
1531163448024,1531163448019,5741762,0.00110100,1.30000000,1
1531163467922,1531163467906,5741763,0.00110000,1.68000000,1
1531163467922,1531163467906,5741764,0.00109900,7.56000000,1
1531163467922,1531163467906,5741765,0.00109800,5.38000000,1
1531163467922,1531163467906,5741766,0.00109700,5.11000000,1
1531163469983,1531163469978,5741767,0.00110200,5.37000000,0
1531163474916,1531163474910,5741768,0.00110200,2.92000000,0
1531163475424,1531163475418,5741769,0.00110200,4.63000000,0
1531163489444,1531163489438,5741770,0.00110300,74.49000000,0
1531163516463,1531163516459,5741771,0.00110200,8.00000000,1
1531163517484,1531163517478,5741772,0.00110200,226.83000000,0
1531163517617,1531163517613,5741773,0.00110200,20.86000000,0
1531163517617,1531163517613,5741774,0.00110300,79.14000000,0
1531163537497,1531163537491,5741775,0.00110300,75.00000000,0
1531163557423,1531163557417,5741776,0.00110300,1.13000000,0
1531163584613,1531163584607,5741777,0.00110300,0.07000000,0
1531163585473,1531163585468,5741778,0.00110300,181.32000000,0
1531163594065,1531163594060,5741779,0.00110300,51.15000000,0
1531163633322,1531163633319,5741780,0.00110400,9.05000000,0
1531163642054,1531163642048,5741781,0.00110400,10.00000000,0
1531163667414,1531163667408,5741782,0.00110400,1.14000000,0
1531163669337,1531163669332,5741783,0.00110300,3.24000000,1
1531163678020,1531163678014,5741784,0.00110400,2.34000000,0
1531163693917,1531163693913,5741785,0.00110300,2.34000000,0
1531163702927,1531163702919,5741786,0.00110100,7.68000000,1
1531163704180,1531163704175,5741787,0.00110300,2.59000000,0
1531163704180,1531163704175,5741788,0.00110400,1.03000000,0
1531163707303,1531163707296,5741789,0.00110100,0.86000000,1
1531163707303,1531163707296,5741790,0.00109900,99.22000000,1
1531163715261,1531163715254,5741791,0.00110300,6.45000000,0
1531163729791,1531163729785,5741792,0.00110300,6.45000000,0
1531163729791,1531163729785,5741793,0.00110400,3.55000000,0
1531163731080,1531163731075,5741794,0.00110400,3.22000000,0
1531163751979,1531163751972,5741795,0.00110400,6.25000000,0
1531163753858,1531163753853,5741796,0.00110100,2.78000000,1
1531163753870,1531163753863,5741797,0.00110100,2.78000000,1
1531163753974,1531163753968,5741798,0.00110100,5.56000000,1
1531163754801,1531163754797,5741799,0.00110100,1.66000000,1
1531163754812,1531163754811,5741800,0.00110100,3.33000000,1
1531163754825,1531163754820,5741801,0.00110100,1.66000000,1
1531163755501,1531163755495,5741802,0.00110100,2.25000000,1
1531163755820,1531163755814,5741803,0.00110100,1.11000000,1
1531163763822,1531163763817,5741804,0.00110300,32.00000000,0
1531163763822,1531163763817,5741805,0.00110400,4.23000000,0
1531163769705,1531163769699,5741806,0.00110100,62.00000000,1
1531163783345,1531163783319,5741807,0.00110300,3.71000000,0
1531163799929,1531163799923,5741808,0.00110000,30.87000000,1
1531163804300,1531163804296,5741809,0.00110000,75.69000000,0
1531163804745,1531163804742,5741810,0.00109900,4.82000000,1
1531163814035,1531163814029,5741811,0.00110000,0.98000000,0
1531163818703,1531163818697,5741812,0.00110000,9.09000000,0
1531163833771,1531163833765,5741813,0.00110000,13.56000000,0
1531163855235,1531163855228,5741814,0.00109900,7.13000000,1
1531163855626,1531163855621,5741815,0.00109700,7.00000000,1
1531163856304,1531163856298,5741816,0.00109900,16.19000000,0
1531163856304,1531163856298,5741817,0.00110000,25.69000000,0
1531163889400,1531163889396,5741818,0.00109900,32.00000000,1
1531163891066,1531163891061,5741819,0.00109800,29.00000000,1
1531163895336,1531163895330,5741820,0.00109800,70.00000000,1
1531163903344,1531163903339,5741821,0.00109800,26.89000000,0
1531163909471,1531163909467,5741822,0.00109800,29.25000000,0
1531163936820,1531163936815,5741823,0.00109800,1.00000000,1
1531163937850,1531163937844,5741824,0.00109700,25.00000000,1
1531163943229,1531163943223,5741825,0.00109800,1.00000000,1
1531163956579,1531163956575,5741826,0.00110000,1.38000000,0
1531163962847,1531163962841,5741827,0.00110000,41.13000000,0
1531163978967,1531163978960,5741828,0.00110000,8.03000000,0
1531163984978,1531163984973,5741829,0.00110000,8.03000000,0
1531163990830,1531163990828,5741830,0.00110000,38.74000000,0
1531163995192,1531163995188,5741831,0.00109800,1.27000000,1
1531164022607,1531164022600,5741832,0.00109800,1.00000000,1
1531164041285,1531164041279,5741833,0.00110000,0.04000000,0
1531164041483,1531164041477,5741834,0.00110000,0.96000000,1
1531164042039,1531164042033,5741835,0.00110300,4.82000000,0
1531164042504,1531164042500,5741836,0.00109900,5.83000000,1
1531164043202,1531164043196,5741837,0.00109900,5.76000000,1
1531164044373,1531164044367,5741838,0.00110200,5.82000000,0
1531164062980,1531164062974,5741839,0.00110200,0.01000000,0
1531164063468,1531164063465,5741840,0.00110400,5.00000000,0
1531164086515,1531164086512,5741841,0.00110300,4.53000000,0
1531164086937,1531164086932,5741842,0.00110300,3.00000000,0
1531164099294,1531164099288,5741843,0.00110400,5.00000000,0
1531164121217,1531164121213,5741844,0.00110300,5.00000000,0
1531164139899,1531164139893,5741845,0.00110400,5.00000000,0
1531164154190,1531164154184,5741846,0.00110400,5.00000000,0
1531164170751,1531164170748,5741847,0.00110400,5.00000000,0
1531164183968,1531164183962,5741848,0.00110400,5.00000000,0
1531164196508,1531164196502,5741849,0.00110400,5.00000000,0
1531164198720,1531164198715,5741850,0.00110000,7.16000000,1
1531164200347,1531164200340,5741851,0.00110400,4.50000000,0
1531164201151,1531164201147,5741852,0.00110400,5.08000000,0
1531164201942,1531164201937,5741853,0.00110400,5.73000000,0
1531164206405,1531164206401,5741854,0.00110400,5.00000000,0
1531164215606,1531164215598,5741855,0.00110400,5.00000000,0
1531164225409,1531164225404,5741856,0.00110400,5.00000000,0
1531164227454,1531164227449,5741857,0.00110400,7.85000000,0
1531164236335,1531164236328,5741858,0.00110400,5.00000000,0
1531164254942,1531164254937,5741859,0.00110100,5.00000000,0
1531164255886,1531164255881,5741860,0.00110100,20.54000000,0
1531164279763,1531164279757,5741861,0.00110000,0.51000000,1
1531164289830,1531164289824,5741862,0.00110100,0.02000000,0
1531164290237,1531164290233,5741863,0.00110200,5.88000000,0
1531164290376,1531164290371,5741864,0.00110300,5.87000000,1
1531164290431,1531164290424,5741865,0.00110400,5.00000000,0
1531164294107,1531164294101,5741866,0.00110100,25.47000000,1
1531164298944,1531164298937,5741867,0.00110100,5.03000000,1
1531164301858,1531164301856,5741868,0.00110300,5.00000000,0
1531164317729,1531164317722,5741869,0.00110300,0.47000000,0
1531164317729,1531164317722,5741870,0.00110400,12.65000000,0
1531164317729,1531164317722,5741871,0.00110500,0.58000000,0
1531164321494,1531164321487,5741872,0.00110400,0.17000000,0
1531164321600,1531164321595,5741873,0.00110400,0.21000000,0
1531164322449,1531164322445,5741874,0.00110400,13.70000000,0
1531164330325,1531164330318,5741875,0.00110400,5.00000000,0
1531164330336,1531164330327,5741876,0.00110200,5.00000000,1
1531164354798,1531164354793,5741877,0.00110400,5.00000000,0
1531164367085,1531164367079,5741878,0.00110400,20.38000000,0
1531164367869,1531164367863,5741879,0.00110400,5.00000000,0
1531164380309,1531164380304,5741880,0.00110400,5.00000000,0
1531164408621,1531164408616,5741881,0.00110400,5.00000000,0
1531164411937,1531164411936,5741882,0.00110200,59.53000000,1
1531164422249,1531164422245,5741883,0.00110200,9.29000000,1
1531164441806,1531164441802,5741884,0.00110500,5.00000000,0
1531164466865,1531164466858,5741885,0.00110500,5.00000000,0
1531164466969,1531164466963,5741886,0.00110500,3.35000000,0
1531164516231,1531164516227,5741887,0.00110300,0.91000000,0
1531164521025,1531164521020,5741888,0.00110400,5.00000000,0
1531164531174,1531164531169,5741889,0.00110200,6.68000000,1
1531164531267,1531164531261,5741890,0.00110200,6.68000000,1
1531164531293,1531164531292,5741891,0.00110200,13.37000000,1
1531164532047,1531164532041,5741892,0.00110200,2.68000000,1
1531164532060,1531164532054,5741893,0.00110200,1.34000000,1
1531164532075,1531164532071,5741894,0.00110200,1.34000000,1
1531164536033,1531164536030,5741895,0.00110300,13.00000000,1
1531164536466,1531164536461,5741896,0.00110300,7.00000000,1
1531164538898,1531164538895,5741897,0.00110400,5.00000000,0
1531164539194,1531164539187,5741898,0.00110300,39.00000000,1
1531164542168,1531164542162,5741899,0.00110300,41.00000000,1
1531164548515,1531164548510,5741900,0.00110200,63.20000000,1
1531164549537,1531164549531,5741901,0.00110400,5.00000000,0
1531164549681,1531164549676,5741902,0.00110400,6.79000000,0
1531164550319,1531164550314,5741903,0.00110400,2.52000000,0
1531164553537,1531164553533,5741904,0.00110400,9.04000000,0
1531164561717,1531164561710,5741905,0.00110400,5.00000000,0
1531164563122,1531164563115,5741906,0.00110400,0.93000000,0
1531164567990,1531164567986,5741907,0.00110300,4.00000000,1
1531164568407,1531164568402,5741908,0.00110300,9.00000000,1
1531164572293,1531164572289,5741909,0.00110400,5.00000000,0
1531164581361,1531164581358,5741910,0.00110400,5.00000000,0
1531164588782,1531164588776,5741911,0.00110300,87.00000000,1
1531164588782,1531164588776,5741912,0.00110200,433.97000000,1
1531164589570,1531164589563,5741913,0.00110200,22.98000000,1
1531164591131,1531164591126,5741914,0.00110200,10.82000000,1
1531164592441,1531164592436,5741915,0.00110400,5.00000000,0
1531164603353,1531164603348,5741916,0.00110400,5.00000000,0
1531164616384,1531164616380,5741917,0.00110500,5.00000000,0
1531164626110,1531164626108,5741918,0.00110200,6.95000000,1
1531164629278,1531164629273,5741919,0.00110500,5.00000000,0
1531164648111,1531164648105,5741920,0.00110500,5.00000000,0
1531164655743,1531164655738,5741921,0.00110500,9.04000000,0
1531164660636,1531164660633,5741922,0.00110500,0.94000000,0
1531164665619,1531164665613,5741923,0.00110500,5.00000000,0
1531164691365,1531164691360,5741924,0.00110500,5.00000000,0
1531164716545,1531164716543,5741925,0.00110500,5.00000000,0
1531164742821,1531164742815,5741926,0.00110300,161.33000000,1
1531164742821,1531164742815,5741927,0.00110200,77.59000000,1
1531164768405,1531164768403,5741928,0.00110400,0.67000000,0
1531164792453,1531164792451,5741929,0.00110500,0.67000000,0
1531164829369,1531164829363,5741930,0.00110500,0.67000000,0
1531164856881,1531164856876,5741931,0.00110300,25.03000000,0
1531164862155,1531164862150,5741932,0.00110300,25.03000000,0
1531164862399,1531164862397,5741933,0.00110300,11.00000000,0
1531164867080,1531164867074,5741934,0.00110300,25.03000000,0
1531164872480,1531164872475,5741935,0.00110300,2.95000000,0
1531164905906,1531164905899,5741936,0.00110500,9.21000000,0
1531164954822,1531164954817,5741937,0.00110500,1.69000000,0
1531164981418,1531164981416,5741938,0.00110500,53.93000000,0
1531165017086,1531165017081,5741939,0.00110500,29.39000000,0
1531165021337,1531165021331,5741940,0.00110200,13.00000000,1
1531165148011,1531165148003,5741941,0.00110200,159.78000000,1
1531165148011,1531165148003,5741942,0.00110100,650.62000000,1
1531165148011,1531165148003,5741943,0.00110000,255.14000000,1
1531165148036,1531165148031,5741944,0.00110000,28.64000000,0
1531165148037,1531165148034,5741945,0.00110000,28.60000000,0
1531165148121,1531165148116,5741946,0.00110000,27.27000000,0
1531165148320,1531165148313,5741947,0.00110000,1.85000000,0
1531165149261,1531165149257,5741948,0.00110000,1.85000000,0
1531165149295,1531165149290,5741949,0.00110000,1.85000000,0
1531165149336,1531165149314,5741950,0.00110000,1.85000000,0
1531165159709,1531165159708,5741951,0.00110000,10.91000000,0
1531165173522,1531165173519,5741952,0.00109900,1.47000000,1
1531165175054,1531165175047,5741953,0.00109900,247.98000000,1
1531165175054,1531165175047,5741954,0.00109800,144.01000000,1
1531165175054,1531165175047,5741955,0.00109700,268.82000000,1
1531165175054,1531165175047,5741956,0.00109600,537.83000000,1
1531165180762,1531165180757,5741957,0.00109600,0.16000000,1
1531165201180,1531165201175,5741958,0.00110000,54.55000000,0
1531165206110,1531165206106,5741959,0.00110000,18.19000000,0
1531165222314,1531165222307,5741960,0.00109800,3.00000000,1
1531165242686,1531165242679,5741961,0.00109800,12.00000000,0
1531165276303,1531165276297,5741962,0.00109900,12.82000000,1
1531165276303,1531165276297,5741963,0.00109800,58.29000000,1
1531165342202,1531165342197,5741964,0.00109800,78.28000000,1
1531165406369,1531165406366,5741965,0.00110100,3.67000000,0
1531165419561,1531165419555,5741966,0.00109900,6.68000000,1
1531165419696,1531165419692,5741967,0.00109900,27.30000000,0
1531165420039,1531165420032,5741968,0.00109900,91.65000000,0
1531165420074,1531165420068,5741969,0.00109900,13.28000000,0
1531165420097,1531165420091,5741970,0.00109900,8.56000000,0
1531165420601,1531165420595,5741971,0.00109900,0.01000000,0
1531165421287,1531165421282,5741972,0.00110100,4.22000000,0
1531165476840,1531165476833,5741973,0.00110100,17.27000000,0
1531165477353,1531165477348,5741974,0.00110100,29.48000000,1
1531165500911,1531165500904,5741975,0.00110000,3.57000000,1
1531165500911,1531165500904,5741976,0.00109900,7.56000000,1
1531165500911,1531165500904,5741977,0.00109800,15.18000000,1
1531165517932,1531165517926,5741978,0.00110100,7.87000000,0
1531165540813,1531165540806,5741979,0.00109900,24.00000000,1
1531165540813,1531165540806,5741980,0.00109800,69.85000000,1
1531165632717,1531165632711,5741981,0.00110000,6.04000000,0
1531165697110,1531165697104,5741982,0.00109900,11.00000000,1
1531165697110,1531165697104,5741983,0.00109800,69.22000000,1
1531165722975,1531165722972,5741984,0.00110000,0.68000000,0
1531165730728,1531165730722,5741985,0.00110000,0.68000000,0
1531165739837,1531165739832,5741986,0.00110000,1.70000000,0
1531165745102,1531165745095,5741987,0.00109800,7.15000000,1
1531165767136,1531165767130,5741988,0.00109800,59.20000000,1
1531165888740,1531165888735,5741989,0.00109800,158.13000000,1
1531165957039,1531165957033,5741990,0.00110000,0.90000000,0
1531166115172,1531166115165,5741991,0.00110100,9.08000000,0
1531166138780,1531166138775,5741992,0.00109800,24.01000000,1
1531166165820,1531166165813,5741993,0.00110200,2.00000000,0
1531166171649,1531166171643,5741994,0.00110100,30.00000000,0
1531166175172,1531166175157,5741995,0.00109800,247.66000000,1
1531166175206,1531166175200,5741996,0.00109800,23.53000000,0
1531166175230,1531166175224,5741997,0.00109800,6.72000000,0
1531166175252,1531166175248,5741998,0.00109800,3.38000000,0
1531166175252,1531166175248,5741999,0.00110200,3.34000000,0
1531166175258,1531166175254,5742000,0.00110200,13.45000000,0
1531166194451,1531166194445,5742001,0.00110300,0.21000000,0
1531166194523,1531166194521,5742002,0.00110200,0.21000000,0
1531166205194,1531166205189,5742003,0.00110200,34.43000000,1
1531166206615,1531166206609,5742004,0.00110100,9.07000000,0
1531166217297,1531166217291,5742005,0.00110100,0.01000000,0
1531166222439,1531166222435,5742006,0.00110100,1.73000000,1
1531166254701,1531166254695,5742007,0.00110100,40.78000000,1
1531166254725,1531166254720,5742008,0.00110100,16.22000000,0
1531166268549,1531166268543,5742009,0.00110100,513.82000000,0
1531166304194,1531166304188,5742010,0.00110100,45.33000000,0
1531166325427,1531166325421,5742011,0.00109900,2.83000000,1
1531166325667,1531166325661,5742012,0.00109900,326.36000000,1
1531166328516,1531166328511,5742013,0.00110000,25.03000000,0
1531166390174,1531166390166,5742014,0.00110000,6.06000000,0
1531166424806,1531166424800,5742015,0.00109700,0.13000000,1
1531166424899,1531166424893,5742016,0.00109700,90.46000000,1
1531166433234,1531166433227,5742017,0.00109600,39.20000000,1
1531166433319,1531166433318,5742018,0.00109600,4.87000000,1
1531166437815,1531166437809,5742019,0.00109600,100.88000000,1
1531166449600,1531166449594,5742020,0.00109700,84.86000000,1
1531166451597,1531166451591,5742021,0.00109700,17.66000000,1
1531166453459,1531166453454,5742022,0.00109700,8.82000000,1
1531166480456,1531166480455,5742023,0.00109700,14.23000000,1
1531166480652,1531166480646,5742024,0.00109900,1.20000000,0
1531166480875,1531166480868,5742025,0.00109900,2.76000000,0
1531166493717,1531166493711,5742026,0.00109600,143.76000000,1
1531166512220,1531166512212,5742027,0.00109600,91.98000000,1
1531166523224,1531166523218,5742028,0.00109600,44.63000000,1
1531166525449,1531166525443,5742029,0.00109600,83.10000000,1
1531166526460,1531166526458,5742030,0.00109600,4.54000000,1
1531166555898,1531166555895,5742031,0.00109900,17.16000000,0
1531166558576,1531166558573,5742032,0.00109900,5.58000000,0
1531166569342,1531166569335,5742033,0.00109900,42.37000000,0
1531166569428,1531166569425,5742034,0.00109900,28.03000000,1
1531166601720,1531166601714,5742035,0.00109900,10.00000000,0
1531166602440,1531166602435,5742036,0.00109900,2.28000000,1
1531166620207,1531166620201,5742037,0.00109700,21.00000000,1
1531166620207,1531166620201,5742038,0.00109600,168.67000000,1
1531166620238,1531166620232,5742039,0.00109600,6.41000000,0
1531166620352,1531166620346,5742040,0.00109600,27.37000000,0
1531166620359,1531166620353,5742041,0.00109600,82.12000000,0
1531166620518,1531166620512,5742042,0.00109500,926.01000000,1
1531166620518,1531166620512,5742043,0.00109400,4.77000000,0
1531166620536,1531166620532,5742044,0.00109400,95.23000000,0
1531166621174,1531166621167,5742045,0.00109600,95.58000000,0
1531166621197,1531166621191,5742046,0.00109600,91.24000000,0
1531166621315,1531166621315,5742047,0.00109600,177.77000000,0
1531166622172,1531166622166,5742048,0.00109600,27.37000000,0
1531166622476,1531166622470,5742049,0.00109600,13.95000000,0
1531166624633,1531166624629,5742050,0.00109600,32.52000000,0
1531166626995,1531166626991,5742051,0.00109500,4.54000000,1
1531166626995,1531166626991,5742052,0.00109400,4.77000000,1
1531166627093,1531166627088,5742053,0.00109600,10.84000000,0
1531166628643,1531166628637,5742054,0.00109600,27.37000000,0
1531166633527,1531166633521,5742055,0.00109600,9.12000000,0
1531166635668,1531166635662,5742056,0.00109500,6.07000000,1
1531166640480,1531166640474,5742057,0.00109400,0.16000000,1
1531166641566,1531166641560,5742058,0.00109600,1.00000000,0
1531166642347,1531166642343,5742059,0.00109600,9.12000000,0
1531166643206,1531166643201,5742060,0.00109500,4.55000000,1
1531166643206,1531166643201,5742061,0.00109400,4.38000000,1
1531166643235,1531166643229,5742062,0.00109400,14.27000000,0
1531166643238,1531166643233,5742063,0.00109400,0.01000000,0
1531166644518,1531166644512,5742064,0.00109500,4.54000000,1
1531166646890,1531166646886,5742065,0.00109300,0.01000000,1
1531166651728,1531166651724,5742066,0.00109500,4.55000000,1
1531166654397,1531166654391,5742067,0.00109600,35.73000000,0
1531166656517,1531166656517,5742068,0.00109500,4.55000000,1
1531166657185,1531166657178,5742069,0.00109600,9.12000000,0
1531166658180,1531166658171,5742070,0.00109400,4.54000000,1
1531166658180,1531166658171,5742071,0.00109300,21.42000000,1
1531166658180,1531166658171,5742072,0.00109200,97.38000000,1
1531166658472,1531166658468,5742073,0.00109500,4.54000000,0
1531166658952,1531166658946,5742074,0.00109500,4.54000000,0
1531166658956,1531166658949,5742075,0.00109500,5.00000000,0
1531166659451,1531166659450,5742076,0.00109500,4.55000000,0
1531166659526,1531166659519,5742077,0.00109400,4.54000000,1
1531166659587,1531166659581,5742078,0.00109500,2.37000000,0
1531166659833,1531166659827,5742079,0.00109600,6.60000000,0
1531166660604,1531166660597,5742080,0.00109500,4.55000000,1
1531166662082,1531166662076,5742081,0.00109600,9.12000000,0
1531166662108,1531166662102,5742082,0.00109600,9.12000000,0
1531166665524,1531166665517,5742083,0.00109500,3.85000000,1
1531166670514,1531166670509,5742084,0.00109500,3.85000000,1
1531166672641,1531166672640,5742085,0.00109600,10.00000000,0
1531166674452,1531166674448,5742086,0.00109600,10.77000000,0
1531166676285,1531166676280,5742087,0.00109600,9.12000000,0
1531166680515,1531166680510,5742088,0.00109500,3.85000000,1
1531166685375,1531166685374,5742089,0.00109500,3.85000000,0
1531166685787,1531166685782,5742090,0.00109500,4.04000000,0
1531166694283,1531166694279,5742091,0.00109600,3.57000000,0
1531166696520,1531166696514,5742092,0.00109500,10.00000000,1
1531166702751,1531166702745,5742093,0.00109400,5.43000000,1
1531166706738,1531166706735,5742094,0.00109400,4.57000000,1
1531166706738,1531166706735,5742095,0.00109300,0.56000000,1
1531166760353,1531166760347,5742096,0.00109400,25.16000000,0
1531166780463,1531166780457,5742097,0.00109300,6.44000000,1
1531166780463,1531166780457,5742098,0.00109200,112.37000000,1
1531166787213,1531166787208,5742099,0.00109200,0.16000000,1
1531166798165,1531166798158,5742100,0.00109200,89.29000000,1
1531166801572,1531166801566,5742101,0.00109300,19.56000000,1
1531166801572,1531166801566,5742102,0.00109200,7.34000000,1
1531166809597,1531166809596,5742103,0.00109400,1.22000000,0
1531166810317,1531166810311,5742104,0.00109200,23.36000000,1
1531166814351,1531166814345,5742105,0.00109200,34.65000000,1
1531166814582,1531166814576,5742106,0.00109200,120.79000000,1
1531166815924,1531166815919,5742107,0.00109300,8.64000000,0
1531166816100,1531166816096,5742108,0.00109300,5.00000000,0
1531166816669,1531166816663,5742109,0.00109300,1.08000000,0
1531166817470,1531166817464,5742110,0.00109300,2.72000000,0
1531166817535,1531166817533,5742111,0.00109300,5.26000000,0
1531166821645,1531166821644,5742112,0.00109300,21.90000000,0
1531166823702,1531166823701,5742113,0.00109300,11.08000000,0
1531166828775,1531166828772,5742114,0.00109300,1.45000000,0
1531166830864,1531166830859,5742115,0.00109300,2.99000000,0
1531166831556,1531166831548,5742116,0.00109200,11.37000000,1
1531166831556,1531166831548,5742117,0.00109100,5.50000000,1
1531166831556,1531166831548,5742118,0.00109000,2.31000000,1
1531166831556,1531166831548,5742119,0.00108900,112.65000000,1
1531166831557,1531166831548,5742120,0.00108800,266.00000000,1
1531166831557,1531166831548,5742121,0.00108800,13.72000000,1
1531166831569,1531166831563,5742122,0.00108900,90.24000000,0
1531166831889,1531166831885,5742123,0.00109200,5.67000000,0
1531166832829,1531166832823,5742124,0.00109100,0.16000000,1
1531166833746,1531166833739,5742125,0.00109100,0.14000000,1
1531166833932,1531166833928,5742126,0.00109300,2.84000000,0
1531166836683,1531166836682,5742127,0.00109300,0.91000000,0
1531166837048,1531166837042,5742128,0.00109100,0.13000000,1
1531166840743,1531166840736,5742129,0.00109200,1.08000000,0
1531166844894,1531166844892,5742130,0.00109100,3.55000000,1
1531166845273,1531166845265,5742131,0.00109300,2.77000000,0
1531166845952,1531166845948,5742132,0.00109300,5.00000000,0
1531166861750,1531166861743,5742133,0.00109300,5.00000000,0
1531166872835,1531166872829,5742134,0.00109200,1.90000000,0
1531166878547,1531166878542,5742135,0.00109200,6.07000000,0
1531166879714,1531166879708,5742136,0.00109200,5.00000000,0
1531166884540,1531166884523,5742137,0.00109200,1.84000000,0
1531166890487,1531166890480,5742138,0.00109200,0.91000000,0
1531166915321,1531166915315,5742139,0.00109000,27.55000000,1
1531166915349,1531166915343,5742140,0.00109000,73.11000000,0
1531166918103,1531166918099,5742141,0.00109000,0.04000000,0
1531166924140,1531166924133,5742142,0.00109000,22.76000000,1
1531166924140,1531166924133,5742143,0.00108900,644.20000000,1
1531166924301,1531166924297,5742144,0.00108900,27.55000000,0
1531166924307,1531166924302,5742145,0.00108900,27.55000000,0
1531166924396,1531166924392,5742146,0.00108900,16.87000000,0
1531166924405,1531166924398,5742147,0.00108900,16.87000000,0
1531166924514,1531166924508,5742148,0.00108900,59.84000000,0
1531166924542,1531166924535,5742149,0.00108900,33.75000000,0
1531166924627,1531166924619,5742150,0.00108900,8.89000000,0
1531166924627,1531166924619,5742151,0.00109200,7.60000000,0
1531166924627,1531166924619,5742152,0.00109300,6.51000000,0
1531166924937,1531166924934,5742153,0.00109300,5.00000000,0
1531166925082,1531166925078,5742154,0.00108700,0.16000000,1
1531166931497,1531166931490,5742155,0.00109200,18.28000000,1
1531166940863,1531166940862,5742156,0.00108900,0.16000000,1
1531166941957,1531166941955,5742157,0.00109200,6.00000000,0
1531166943578,1531166943571,5742158,0.00109200,1.69000000,0
1531166953373,1531166953367,5742159,0.00109200,15.01000000,0
1531166979351,1531166979343,5742160,0.00109200,60.87000000,0
1531166983361,1531166983355,5742161,0.00109200,1.37000000,0
1531166983428,1531166983423,5742162,0.00109200,30.80000000,0
1531166985467,1531166985461,5742163,0.00109200,15.58000000,0
1531166987527,1531166987522,5742164,0.00109200,7.89000000,0
1531166989579,1531166989575,5742165,0.00109200,3.99000000,0
1531166991609,1531166991602,5742166,0.00109200,2.02000000,0
1531167001110,1531167001103,5742167,0.00109200,0.92000000,0
1531167001856,1531167001855,5742168,0.00109100,10.00000000,1
1531167015966,1531167015960,5742169,0.00109000,9.28000000,1
1531167031227,1531167031227,5742170,0.00109200,17.00000000,0
1531167038389,1531167038385,5742171,0.00109200,308.98000000,0
1531167080575,1531167080569,5742172,0.00109200,6.31000000,0
1531167083830,1531167083824,5742173,0.00109200,0.91000000,0
1531167114910,1531167114904,5742174,0.00109000,14.42000000,1
1531167114910,1531167114904,5742175,0.00108900,1.04000000,1
1531167119057,1531167119054,5742176,0.00109200,1.21000000,0
1531167125061,1531167125054,5742177,0.00109200,0.98000000,0
1531167142843,1531167142836,5742178,0.00109200,63.88000000,0
1531167143075,1531167143068,5742179,0.00109200,10.42000000,0
1531167167369,1531167167362,5742180,0.00109200,10.00000000,0
1531167207020,1531167207003,5742181,0.00109100,0.52000000,1
1531167211183,1531167211177,5742182,0.00109000,10.00000000,1
1531167211199,1531167211197,5742183,0.00108900,10.00000000,1
1531167224199,1531167224194,5742184,0.00108900,16.43000000,1
1531167227574,1531167227569,5742185,0.00108800,0.16000000,1
1531167228702,1531167228696,5742186,0.00108900,69.54000000,1
1531167259415,1531167259412,5742187,0.00109200,0.91000000,0
1531167265178,1531167265176,5742188,0.00108900,30.46000000,1
1531167266239,1531167266232,5742189,0.00109000,8.27000000,0
1531167270184,1531167270177,5742190,0.00109000,17.04000000,0
1531167272219,1531167272218,5742191,0.00109000,5.15000000,0
1531167272219,1531167272218,5742192,0.00109100,3.46000000,0
1531167282439,1531167282433,5742193,0.00109000,4.35000000,0
1531167286566,1531167286560,5742194,0.00109000,2.20000000,0
1531167294082,1531167294076,5742195,0.00108900,9.90000000,0
1531167294483,1531167294479,5742196,0.00108900,0.66000000,0
1531167294524,1531167294518,5742197,0.00108900,0.66000000,0
1531167297323,1531167297317,5742198,0.00108900,3.97000000,0
1531167300157,1531167300151,5742199,0.00108900,389.26000000,0
1531167300157,1531167300151,5742200,0.00109000,41.01000000,0
1531167300157,1531167300151,5742201,0.00109200,0.85000000,0
1531167301238,1531167301237,5742202,0.00109000,3.48000000,1
1531167302404,1531167302398,5742203,0.00109200,51.29000000,0
1531167304194,1531167304188,5742204,0.00109100,2.30000000,0
1531167306854,1531167306848,5742205,0.00109100,23.32000000,0
1531167309654,1531167309648,5742206,0.00109100,30.95000000,1
1531167310693,1531167310687,5742207,0.00108800,30.95000000,1
1531167330336,1531167330333,5742208,0.00109000,502.03000000,1
1531167330346,1531167330341,5742209,0.00108800,120.95000000,1
1531167330346,1531167330341,5742210,0.00108700,115.30000000,1
1531167330346,1531167330341,5742211,0.00108600,78.20000000,1
1531167330346,1531167330341,5742212,0.00108500,187.58000000,1
1531167330349,1531167330341,5742213,0.00108500,30.06000000,1
1531167330349,1531167330341,5742214,0.00108400,264.40000000,1
1531167330349,1531167330341,5742215,0.00108300,108.93000000,1
1531167330349,1531167330341,5742216,0.00108200,235.07000000,1
1531167330349,1531167330341,5742217,0.00108200,153.17000000,1
1531167330351,1531167330341,5742218,0.00108200,301.11000000,1
1531167330351,1531167330341,5742219,0.00108100,975.81000000,1
1531167330381,1531167330377,5742220,0.00108400,15.42000000,0
1531167330408,1531167330403,5742221,0.00108400,0.01000000,0
1531167333106,1531167333101,5742222,0.00108800,0.66000000,0
1531167333128,1531167333124,5742223,0.00108800,0.66000000,0
1531167333278,1531167333271,5742224,0.00108400,0.16000000,1
1531167333553,1531167333552,5742225,0.00108400,0.01000000,1
1531167333657,1531167333652,5742226,0.00108800,2.10000000,0
1531167333677,1531167333672,5742227,0.00108800,3.95000000,0
1531167335326,1531167335323,5742228,0.00108800,5.00000000,0
1531167336661,1531167336658,5742229,0.00108800,0.66000000,0
1531167336718,1531167336715,5742230,0.00108500,0.16000000,1
1531167339466,1531167339460,5742231,0.00108700,7.99000000,0
1531167339934,1531167339931,5742232,0.00108700,1.54000000,0
1531167340279,1531167340274,5742233,0.00108700,37.00000000,0
1531167341190,1531167341184,5742234,0.00108700,6.17000000,0
1531167341691,1531167341690,5742235,0.00108700,9.20000000,0
1531167343852,1531167343848,5742236,0.00108700,9.20000000,0
1531167345237,1531167345233,5742237,0.00108500,3.94000000,1
1531167345916,1531167345910,5742238,0.00108500,0.94000000,1
1531167346716,1531167346712,5742239,0.00108700,2.93000000,0
1531167348842,1531167348837,5742240,0.00108700,10.00000000,0
1531167349394,1531167349387,5742241,0.00108700,10.83000000,0
1531167349421,1531167349414,5742242,0.00108700,22.01000000,0
1531167351169,1531167351168,5742243,0.00108800,0.91000000,0
1531167353131,1531167353128,5742244,0.00108700,2.11000000,0
1531167362825,1531167362823,5742245,0.00108600,2.03000000,1
1531167363710,1531167363703,5742246,0.00108700,20.00000000,0
1531167371383,1531167371380,5742247,0.00108700,9.90000000,0
1531167381836,1531167381828,5742248,0.00108700,3.48000000,0
1531167382485,1531167382478,5742249,0.00108700,5.00000000,0
1531167384442,1531167384435,5742250,0.00108700,100.00000000,0
1531167391678,1531167391671,5742251,0.00108700,2.61000000,0
1531167392472,1531167392469,5742252,0.00108700,0.91000000,0
1531167393060,1531167393052,5742253,0.00108700,17.36000000,0
1531167393561,1531167393555,5742254,0.00108700,26.58000000,0
1531167394143,1531167394137,5742255,0.00108700,64.08000000,0
1531167398102,1531167398096,5742256,0.00108800,3.57000000,0
1531167404817,1531167404811,5742257,0.00108700,0.93000000,1
1531167406972,1531167406968,5742258,0.00108700,194.38000000,1
1531167411638,1531167411632,5742259,0.00108800,3.82000000,0
1531167413096,1531167413092,5742260,0.00108700,70.00000000,1
1531167415944,1531167415939,5742261,0.00108800,5.00000000,0
1531167436493,1531167436490,5742262,0.00108800,74.76000000,0
1531167449520,1531167449514,5742263,0.00108900,20.95000000,0
1531167449520,1531167449514,5742264,0.00109000,162.57000000,0
1531167449592,1531167449586,5742265,0.00109000,82.64000000,1
1531167451009,1531167451004,5742266,0.00109000,13.65000000,1
1531167451029,1531167451029,5742267,0.00109000,750.82000000,1
1531167457231,1531167457225,5742268,0.00109000,21.93000000,0
1531167462235,1531167462231,5742269,0.00109000,10.89000000,0
1531167469319,1531167469312,5742270,0.00109000,0.96000000,0
1531167476903,1531167476898,5742271,0.00108900,8.05000000,1
1531167481091,1531167481084,5742272,0.00109000,9.90000000,0
1531167502289,1531167502282,5742273,0.00108900,9.19000000,1
1531167512351,1531167512350,5742274,0.00109000,15.83000000,0
1531167512514,1531167512509,5742275,0.00108900,71.20000000,1
1531167516787,1531167516780,5742276,0.00108900,5.00000000,1
1531167518921,1531167518915,5742277,0.00108900,20.00000000,1
1531167519585,1531167519579,5742278,0.00108900,37.15000000,1
1531167553576,1531167553570,5742279,0.00108800,25.24000000,1
1531167557666,1531167557658,5742280,0.00108800,5.00000000,0
1531167563595,1531167563590,5742281,0.00108800,124.15000000,0
1531167575823,1531167575820,5742282,0.00108800,20.02000000,0
1531167580359,1531167580353,5742283,0.00108800,5.00000000,0
1531167587505,1531167587504,5742284,0.00108800,37.24000000,0
1531167601861,1531167601857,5742285,0.00108700,80.78000000,0
1531167601861,1531167601857,5742286,0.00108800,33.17000000,0
1531167616230,1531167616218,5742287,0.00108800,5.00000000,0
1531167628623,1531167628616,5742288,0.00108800,0.91000000,0
1531167633124,1531167633117,5742289,0.00108800,0.91000000,0
1531167635906,1531167635900,5742290,0.00108800,50.00000000,0
1531167637070,1531167637064,5742291,0.00108800,15.45000000,0
1531167641657,1531167641656,5742292,0.00108800,5.00000000,0
1531167663283,1531167663277,5742293,0.00108800,57.43000000,0
1531167665411,1531167665408,5742294,0.00108800,28.94000000,0
1531167669414,1531167669411,5742295,0.00108800,14.58000000,0
1531167671496,1531167671489,5742296,0.00108800,7.35000000,0
1531167673554,1531167673550,5742297,0.00108800,3.70000000,0
1531167673869,1531167673868,5742298,0.00108800,5.00000000,0
1531167675600,1531167675594,5742299,0.00108800,1.87000000,0
1531167676622,1531167676617,5742300,0.00108600,21.31000000,1
1531167680892,1531167680890,5742301,0.00108600,3.03000000,1
1531167697491,1531167697488,5742302,0.00108800,5.00000000,0
1531167722332,1531167722325,5742303,0.00108800,5.00000000,0
1531167739620,1531167739616,5742304,0.00108800,5.00000000,0
1531167754060,1531167754057,5742305,0.00108800,5.00000000,0
1531167754774,1531167754768,5742306,0.00108600,49.43000000,1
1531167760741,1531167760737,5742307,0.00108600,61.25000000,1
1531167760772,1531167760770,5742308,0.00108600,59.02000000,0
1531167762725,1531167762720,5742309,0.00108600,0.03000000,0
1531167762725,1531167762720,5742310,0.00108800,0.51000000,0
1531167762782,1531167762776,5742311,0.00108800,0.67000000,0
1531167767807,1531167767808,5742312,0.00108800,367.64000000,0
1531167769151,1531167769145,5742313,0.00108800,5.00000000,0
1531167778297,1531167778291,5742314,0.00108600,2.77000000,1
1531167783983,1531167783982,5742315,0.00108800,5.00000000,0
1531167796218,1531167796218,5742316,0.00108800,5.00000000,0
1531167798674,1531167798669,5742317,0.00108800,18.80000000,0
1531167805959,1531167805953,5742318,0.00108800,1.03000000,0
1531167821562,1531167821556,5742319,0.00108600,2.52000000,1
1531167838071,1531167838067,5742320,0.00108700,4.00000000,1
1531167838533,1531167838528,5742321,0.00108700,32.83000000,1
1531167838533,1531167838528,5742322,0.00108600,3.17000000,1
1531167841367,1531167841362,5742323,0.00108700,15.00000000,1
1531167853398,1531167853392,5742324,0.00108700,0.31000000,1
1531167853398,1531167853392,5742325,0.00108600,0.86000000,1
1531167855371,1531167855370,5742326,0.00108700,7.00000000,1
1531167855476,1531167855470,5742327,0.00108800,93.23000000,0
1531167907859,1531167907856,5742328,0.00108800,0.91000000,0
1531167908118,1531167908112,5742329,0.00108800,0.91000000,0
1531167924465,1531167924459,5742330,0.00108800,19.72000000,0
1531167958573,1531167958566,5742331,0.00108800,9.19000000,0
1531167962249,1531167962242,5742332,0.00108800,1.09000000,0
1531167971031,1531167971026,5742333,0.00108500,88.91000000,1
1531167985445,1531167985441,5742334,0.00108700,90.91000000,0
1531167992098,1531167992093,5742335,0.00108700,90.91000000,0
1531167999878,1531167999875,5742336,0.00108700,51.40000000,0
1531168007612,1531168007610,5742337,0.00108700,46.60000000,0
1531168027229,1531168027223,5742338,0.00108500,90.57000000,1
1531168033975,1531168033970,5742339,0.00108700,8.51000000,0
1531168053232,1531168053231,5742340,0.00108700,0.01000000,0
1531168053648,1531168053643,5742341,0.00108700,4.27000000,1
1531168055925,1531168055917,5742342,0.00108800,3.57000000,0
1531168091277,1531168091278,5742343,0.00108500,2.98000000,1
1531168120528,1531168120523,5742344,0.00108800,0.70000000,0
1531168135129,1531168135122,5742345,0.00108600,21.89000000,1
1531168135129,1531168135122,5742346,0.00108500,63.04000000,1
1531168135129,1531168135122,5742347,0.00108300,200.60000000,1
1531168135129,1531168135122,5742348,0.00108200,100.00000000,1
1531168135129,1531168135122,5742349,0.00108100,4.47000000,1
1531168139497,1531168139491,5742350,0.00108300,0.16000000,1
1531168161585,1531168161579,5742351,0.00108700,100.50000000,0
1531168181893,1531168181891,5742352,0.00108600,150.00000000,0
1531168196188,1531168196187,5742353,0.00108700,0.10000000,0
1531168196188,1531168196187,5742354,0.00108800,0.57000000,0
1531168210304,1531168210297,5742355,0.00108700,150.12000000,0
1531168215929,1531168215923,5742356,0.00108700,8.15000000,0
1531168258177,1531168258172,5742357,0.00108500,9.23000000,1
1531168273094,1531168273074,5742358,0.00108600,10.76000000,1
1531168278480,1531168278475,5742359,0.00108600,5.51000000,0
1531168288865,1531168288859,5742360,0.00108500,52.97000000,1
1531168288865,1531168288859,5742361,0.00108400,110.00000000,1
1531168288885,1531168288883,5742362,0.00108400,7.17000000,0
1531168289375,1531168289371,5742363,0.00108400,71.54000000,0
1531168289582,1531168289576,5742364,0.00108400,7.19000000,0
1531168289756,1531168289750,5742365,0.00108400,4.60000000,0
1531168290185,1531168290180,5742366,0.00108400,9.88000000,0
1531168290567,1531168290561,5742367,0.00108400,25.91000000,0
1531168290686,1531168290681,5742368,0.00108400,40.14000000,0
1531168291013,1531168291007,5742369,0.00108400,1.33000000,0
1531168291679,1531168291676,5742370,0.00108400,15.57000000,0
1531168291968,1531168291962,5742371,0.00108400,15.71000000,0
1531168292949,1531168292941,5742372,0.00108400,139.52000000,0
1531168292949,1531168292941,5742373,0.00108600,82.06000000,0
1531168292949,1531168292941,5742374,0.00108700,142.00000000,0
1531168292949,1531168292941,5742375,0.00108800,32.56000000,0
1531168293065,1531168293060,5742376,0.00108600,5.87000000,1
1531168299737,1531168299733,5742377,0.00108400,93.56000000,0
1531168306346,1531168306341,5742378,0.00108300,10.98000000,1
1531168342537,1531168342537,5742379,0.00108400,4.32000000,0
1531168414078,1531168414073,5742380,0.00108300,18.14000000,1
1531168414078,1531168414073,5742381,0.00108100,0.48000000,1
1531168416383,1531168416378,5742382,0.00108200,0.16000000,1
1531168418221,1531168418215,5742383,0.00108400,13.10000000,0
1531168420354,1531168420348,5742384,0.00108400,1.79000000,0
1531168425539,1531168425533,5742385,0.00108400,44.51000000,0
1531168425543,1531168425537,5742386,0.00108400,44.51000000,0
1531168425560,1531168425560,5742387,0.00108400,0.95000000,0
1531168429349,1531168429345,5742388,0.00108400,1.29000000,0
1531168432304,1531168432298,5742389,0.00108200,2.50000000,1
1531168432869,1531168432863,5742390,0.00108400,1.16000000,0
1531168438725,1531168438720,5742391,0.00108400,3.40000000,0
1531168438980,1531168438974,5742392,0.00108400,68.72000000,0
1531168461463,1531168461457,5742393,0.00108600,7.35000000,0
1531168461463,1531168461457,5742394,0.00108800,17.26000000,0
1531168467218,1531168467213,5742395,0.00108800,8.61000000,0
1531168467707,1531168467700,5742396,0.00108800,22.98000000,0
1531168493342,1531168493337,5742397,0.00108400,7.36000000,1
1531168528277,1531168528271,5742398,0.00108400,103.71000000,0
1531168542796,1531168542789,5742399,0.00108400,68.25000000,0
1531168557039,1531168557033,5742400,0.00108400,45.37000000,0
1531168565993,1531168565990,5742401,0.00108200,10.00000000,1
1531168566775,1531168566769,5742402,0.00108200,4.61000000,0
1531168566861,1531168566854,5742403,0.00108200,17.82000000,0
1531168566861,1531168566854,5742404,0.00108400,4.61000000,0
1531168569238,1531168569232,5742405,0.00108400,22.43000000,0
1531168569691,1531168569690,5742406,0.00108100,0.16000000,1
1531168570161,1531168570159,5742407,0.00108400,1.00000000,0
1531168598444,1531168598438,5742408,0.00108400,138.08000000,0
1531168603571,1531168603570,5742409,0.00108400,19.00000000,0
1531168609060,1531168609054,5742410,0.00108400,0.94000000,0
1531168609158,1531168609152,5742411,0.00108400,82.17000000,0
1531168615784,1531168615782,5742412,0.00108400,1.00000000,0
1531168619422,1531168619414,5742413,0.00108400,1.39000000,0
1531168634783,1531168634782,5742414,0.00108400,19.00000000,0
1531168657110,1531168657105,5742415,0.00108400,21.93000000,0
1531168658517,1531168658511,5742416,0.00108400,190.49000000,0
1531168659924,1531168659919,5742417,0.00108400,19.00000000,0
1531168688278,1531168688272,5742418,0.00108400,19.00000000,0
1531168691716,1531168691711,5742419,0.00108400,235.27000000,0
1531168713114,1531168713110,5742420,0.00108700,7.35000000,0
1531168723527,1531168723522,5742421,0.00108700,7.34000000,0
1531168732031,1531168732031,5742422,0.00108700,2.31000000,1
1531168734945,1531168734942,5742423,0.00108700,18.32000000,0
1531168739031,1531168739025,5742424,0.00108600,5.40000000,1
1531168740586,1531168740580,5742425,0.00108700,27.65000000,1
1531168741085,1531168741083,5742426,0.00108700,48.24000000,1
1531168741130,1531168741125,5742427,0.00108700,48.24000000,1
1531168741233,1531168741227,5742428,0.00108700,96.48000000,1
1531168742041,1531168742039,5742429,0.00108700,80.00000000,1
1531168742048,1531168742042,5742430,0.00108700,40.00000000,1
1531168742049,1531168742044,5742431,0.00108700,40.00000000,1
1531168743036,1531168743031,5742432,0.00108700,1.40000000,1
1531168743056,1531168743051,5742433,0.00108700,1.40000000,1
1531168743065,1531168743060,5742434,0.00108700,2.81000000,1
1531168744011,1531168744007,5742435,0.00108700,9.20000000,1
1531168747738,1531168747733,5742436,0.00108800,15.48000000,0
1531168752938,1531168752931,5742437,0.00108800,5.00000000,0
1531168753583,1531168753577,5742438,0.00108700,5.00000000,1
1531168754118,1531168754112,5742439,0.00108800,0.98000000,0
1531168761882,1531168761877,5742440,0.00108700,5.51000000,1
1531168766261,1531168766255,5742441,0.00108800,5.00000000,0
1531168777147,1531168777141,5742442,0.00108800,5.00000000,0
1531168781358,1531168781353,5742443,0.00108800,63.16000000,0
1531168788987,1531168788986,5742444,0.00108900,5.00000000,0
1531168797964,1531168797963,5742445,0.00108900,3.54000000,0
1531168817458,1531168817452,5742446,0.00109000,5.00000000,0
1531168830471,1531168830465,5742447,0.00109000,5.00000000,0
1531168833677,1531168833670,5742448,0.00109000,11.15000000,0
1531168833677,1531168833670,5742449,0.00109100,14.43000000,0
1531168833677,1531168833670,5742450,0.00109200,70.00000000,0
1531168833677,1531168833670,5742451,0.00109300,260.60000000,0
1531168834457,1531168834451,5742452,0.00109300,0.21000000,0
1531168834895,1531168834890,5742453,0.00108900,27.57000000,1
1531168834945,1531168834939,5742454,0.00108900,9.18000000,1
1531168865688,1531168865682,5742455,0.00109100,1.00000000,1
1531168881623,1531168881616,5742456,0.00109200,0.93000000,0
1531168936118,1531168936114,5742457,0.00109200,3.48000000,0
1531168941993,1531168941987,5742458,0.00109200,17.62000000,1
1531168942671,1531168942665,5742459,0.00109200,8.43000000,1
1531168973521,1531168973506,5742460,0.00109100,88.40000000,1
1531168973521,1531168973506,5742461,0.00109000,79.89000000,1
1531168973521,1531168973506,5742462,0.00108900,7.33000000,1
1531168973521,1531168973506,5742463,0.00108800,80.03000000,1
1531168973521,1531168973506,5742464,0.00108700,100.43000000,1
1531168973521,1531168973506,5742465,0.00108600,147.05000000,1
1531168973521,1531168973506,5742466,0.00108500,69.71000000,1
1531168973521,1531168973506,5742467,0.00108400,250.43000000,1
1531168973521,1531168973506,5742468,0.00108300,86.79000000,1
1531168973521,1531168973506,5742469,0.00108200,20.66000000,1
1531168973521,1531168973506,5742470,0.00108100,253.56000000,1
1531168973521,1531168973506,5742471,0.00108000,904.91000000,1
1531168973521,1531168973506,5742472,0.00108000,2.00000000,1
1531168973953,1531168973949,5742473,0.00108400,5.17000000,0
1531168974039,1531168974036,5742474,0.00108400,4.71000000,1
1531168974055,1531168974049,5742475,0.00108400,4.61000000,1
1531168974063,1531168974058,5742476,0.00108400,4.71000000,1
1531168974112,1531168974106,5742477,0.00108400,5.26000000,1
1531168974114,1531168974107,5742478,0.00108400,4.61000000,1
1531168974132,1531168974126,5742479,0.00108400,5.26000000,1
1531168974233,1531168974230,5742480,0.00108400,2.95000000,1
1531168974305,1531168974302,5742481,0.00108500,1.84000000,0
1531168974339,1531168974337,5742482,0.00108900,5.44000000,0
1531168974415,1531168974412,5742483,0.00108800,2.52000000,0
1531168974576,1531168974542,5742484,0.00108800,0.70000000,0
1531168974576,1531168974542,5742485,0.00108900,0.02000000,0
1531168974576,1531168974542,5742486,0.00109100,3.41000000,0
1531168974576,1531168974542,5742487,0.00109300,0.87000000,0
1531168974974,1531168974968,5742488,0.00108500,4.34000000,1
1531168976810,1531168976806,5742489,0.00108900,27.55000000,0
1531168976810,1531168976806,5742490,0.00108900,27.55000000,0
1531168977647,1531168977642,5742491,0.00108900,4.25000000,0
1531168977665,1531168977661,5742492,0.00108900,4.25000000,0
1531168977757,1531168977753,5742493,0.00108900,8.50000000,0
1531168981830,1531168981825,5742494,0.00108800,76.30000000,0
1531168981845,1531168981844,5742495,0.00108800,193.77000000,0
1531168986794,1531168986788,5742496,0.00108800,14.69000000,0
1531168994590,1531168994585,5742497,0.00108800,3.21000000,0
1531168994590,1531168994585,5742498,0.00108900,1.79000000,0
1531169013324,1531169013323,5742499,0.00108900,5.00000000,0
1531169021247,1531169021241,5742500,0.00108900,32.04000000,0
1531169021279,1531169021273,5742501,0.00108900,56.52000000,0
1531169023242,1531169023240,5742502,0.00108900,0.94000000,1
1531169024195,1531169024191,5742503,0.00109000,5.00000000,0
1531169035031,1531169035028,5742504,0.00109000,3.52000000,0
1531169054962,1531169054956,5742505,0.00109000,1.18000000,0
1531169054962,1531169054956,5742506,0.00109100,62.96000000,0
1531169058430,1531169058424,5742507,0.00109100,9.16000000,0
1531169104143,1531169104137,5742508,0.00108900,23.25000000,1
1531169104819,1531169104817,5742509,0.00108900,10.95000000,1
1531169104819,1531169104817,5742510,0.00108700,2.06000000,1
1531169104846,1531169104843,5742511,0.00108600,4.00000000,0
1531169104879,1531169104874,5742512,0.00108600,6.31000000,0
1531169104895,1531169104893,5742513,0.00108600,4.00000000,0
1531169104929,1531169104924,5742514,0.00108600,4.01000000,0
1531169104981,1531169104977,5742515,0.00108600,8.52000000,0
1531169104984,1531169104982,5742516,0.00108600,8.52000000,0
1531169104986,1531169104982,5742517,0.00108600,9.21000000,0
1531169105112,1531169105107,5742518,0.00108600,12.42000000,0
1531169105112,1531169105107,5742519,0.00109100,4.65000000,0
1531169108465,1531169108460,5742520,0.00109100,8.97000000,0
1531169134356,1531169134354,5742521,0.00109000,2.50000000,0
1531169134894,1531169134888,5742522,0.00108700,6.00000000,1
1531169138942,1531169138936,5742523,0.00108700,5.93000000,1
1531169147202,1531169147196,5742524,0.00109000,9.17000000,0
1531169156506,1531169156499,5742525,0.00109000,2.79000000,0
1531169161411,1531169161406,5742526,0.00109000,43.11000000,0
1531169161455,1531169161449,5742527,0.00109000,8.82000000,1
1531169174723,1531169174718,5742528,0.00109000,73.30000000,0
1531169174723,1531169174718,5742529,0.00109100,417.98000000,0
1531169178709,1531169178705,5742530,0.00109100,306.11000000,0
1531169178744,1531169178740,5742531,0.00109100,62.37000000,1
1531169182882,1531169182877,5742532,0.00109000,9.17000000,0
1531169182882,1531169182877,5742533,0.00109100,347.46000000,0
1531169182945,1531169182940,5742534,0.00109100,27.57000000,1
1531169182993,1531169182984,5742535,0.00109100,27.57000000,1
1531169183017,1531169183011,5742536,0.00109100,28.18000000,1
1531169183033,1531169183027,5742537,0.00109100,28.18000000,1
1531169183041,1531169183034,5742538,0.00109100,56.37000000,1
1531169183091,1531169183088,5742539,0.00109100,1.05000000,1
1531169183132,1531169183127,5742540,0.00109100,27.17000000,1
1531169186604,1531169186599,5742541,0.00108600,0.01000000,1
1531169194177,1531169194171,5742542,0.00109100,138.18000000,0
1531169199495,1531169199488,5742543,0.00109100,18.71000000,0
1531169199495,1531169199488,5742544,0.00109200,198.99000000,0
1531169199547,1531169199544,5742545,0.00109200,32.87000000,1
1531169199558,1531169199554,5742546,0.00109200,27.52000000,1
1531169199559,1531169199554,5742547,0.00109200,32.88000000,1
1531169199570,1531169199569,5742548,0.00109200,65.76000000,1
1531169199581,1531169199575,5742549,0.00109200,32.88000000,1
1531169199819,1531169199812,5742550,0.00109200,4.56000000,1
1531169202905,1531169202902,5742551,0.00108900,8.41000000,1
1531169203764,1531169203761,5742552,0.00108900,8.41000000,1
1531169245223,1531169245216,5742553,0.00108900,5.51000000,1
1531169360232,1531169360227,5742554,0.00109100,8.22000000,0
1531169363583,1531169363578,5742555,0.00108900,0.33000000,1
1531169377241,1531169377236,5742556,0.00109000,9.17000000,1
1531169377241,1531169377236,5742557,0.00108900,71.49000000,1
1531169377241,1531169377236,5742558,0.00108700,260.33000000,1
1531169383868,1531169383864,5742559,0.00108900,0.99000000,0
1531169419403,1531169419395,5742560,0.00109100,7.32000000,0
1531169419403,1531169419395,5742561,0.00109200,150.00000000,0
1531169419403,1531169419395,5742562,0.00109300,6.21000000,0
1531169419403,1531169419395,5742563,0.00109400,16.82000000,0
1531169419403,1531169419395,5742564,0.00109500,177.78000000,0
1531169419417,1531169419409,5742565,0.00109500,153.84000000,1
1531169421031,1531169421025,5742566,0.00109200,1.46000000,1
1531169421056,1531169421050,5742567,0.00109200,1.46000000,1
1531169421196,1531169421192,5742568,0.00109200,2.92000000,1
1531169421383,1531169421377,5742569,0.00109500,2.10000000,0
1531169421465,1531169421460,5742570,0.00109200,1.47000000,1
1531169423153,1531169423148,5742571,0.00109200,2.99000000,0
1531169423153,1531169423148,5742572,0.00109500,6.17000000,0
1531169425080,1531169425074,5742573,0.00109200,9.17000000,1
1531169425246,1531169425240,5742574,0.00109200,9.17000000,1
1531169426000,1531169425995,5742575,0.00109200,3.66000000,1
1531169426018,1531169426012,5742576,0.00109200,3.66000000,1
1531169426019,1531169426015,5742577,0.00109200,7.32000000,1
1531169453198,1531169453192,5742578,0.00109200,3.68000000,1
1531169453198,1531169453192,5742579,0.00109100,5.50000000,1
1531169455131,1531169455125,5742580,0.00109200,7.15000000,1
1531169455131,1531169455125,5742581,0.00109200,3.57000000,1
1531169455137,1531169455134,5742582,0.00109200,3.57000000,1
1531169459092,1531169459087,5742583,0.00109200,3.60000000,1
1531169459092,1531169459087,5742584,0.00109100,5.58000000,1
1531169462834,1531169462829,5742585,0.00109300,1.84000000,1
1531169463413,1531169463408,5742586,0.00109200,9.18000000,1
1531169464104,1531169464098,5742587,0.00109200,0.89000000,1
1531169507538,1531169507534,5742588,0.00109100,9.17000000,1
1531169549440,1531169549436,5742589,0.00109400,1.85000000,0
1531169564244,1531169564240,5742590,0.00109100,8.74000000,1
1531169570799,1531169570794,5742591,0.00109100,9.17000000,1
1531169576636,1531169576631,5742592,0.00109100,2.18000000,1
1531169609273,1531169609268,5742593,0.00109100,1.63000000,1
1531169610478,1531169610472,5742594,0.00109100,43.86000000,1
1531169620472,1531169620467,5742595,0.00109100,1.63000000,1
1531169713065,1531169713058,5742596,0.00109100,25.00000000,1
1531169713319,1531169713312,5742597,0.00109100,35.16000000,1
1531169714126,1531169714121,5742598,0.00109100,23.65000000,1
1531169714855,1531169714849,5742599,0.00109100,5.93000000,1
1531169716172,1531169716166,5742600,0.00109100,90.76000000,1
1531169716544,1531169716538,5742601,0.00109200,57.72000000,0
1531169716544,1531169716538,5742602,0.00109300,135.28000000,0
1531169717309,1531169717303,5742603,0.00108900,5.33000000,1
1531169744855,1531169744848,5742604,0.00109000,100.00000000,1
1531169748451,1531169748445,5742605,0.00109100,100.00000000,0
1531169752954,1531169752948,5742606,0.00109100,28.79000000,0
1531169786665,1531169786659,5742607,0.00109100,81.11000000,0
1531169833325,1531169833319,5742608,0.00109100,252.53000000,0
1531169833325,1531169833319,5742609,0.00109200,7.31000000,0
1531169833325,1531169833319,5742610,0.00109300,116.78000000,0
1531169833341,1531169833335,5742611,0.00109300,164.38000000,1
1531169833395,1531169833391,5742612,0.00108900,32.86000000,1
1531169833419,1531169833412,5742613,0.00108900,65.75000000,1
1531169833421,1531169833419,5742614,0.00108900,20.91000000,1
1531169833421,1531169833419,5742615,0.00108800,11.95000000,1
1531169836457,1531169836453,5742616,0.00108900,164.38000000,1
1531169872198,1531169872193,5742617,0.00109300,1.85000000,0
1531169878071,1531169878065,5742618,0.00109300,9.14000000,0
1531169913859,1531169913854,5742619,0.00109300,54.62000000,0
1531169928286,1531169928281,5742620,0.00109300,21.55000000,0
1531169950379,1531169950373,5742621,0.00109300,1.36000000,0
1531169952199,1531169952193,5742622,0.00109300,0.93000000,0
1531169970051,1531169970045,5742623,0.00109300,9.14000000,0
1531170011220,1531170011216,5742624,0.00109300,1.14000000,0
1531170012551,1531170012546,5742625,0.00109300,1.59000000,0
1531170024671,1531170024667,5742626,0.00109000,0.51000000,1
1531170024672,1531170024667,5742627,0.00109000,4.49000000,1
1531170024672,1531170024667,5742628,0.00108900,14.68000000,1
1531170024672,1531170024667,5742629,0.00108800,2.36000000,1
1531170047473,1531170047468,5742630,0.00109300,2.50000000,0
1531170065742,1531170065736,5742631,0.00109000,1.50000000,1
1531170089817,1531170089812,5742632,0.00109300,14.63000000,0
1531170090862,1531170090857,5742633,0.00109200,13.31000000,0
1531170093743,1531170093735,5742634,0.00109300,23.25000000,0
1531170103026,1531170103021,5742635,0.00109200,0.06000000,1
1531170128495,1531170128488,5742636,0.00109200,0.44000000,1
1531170207440,1531170207434,5742637,0.00109200,11.22000000,1
1531170207440,1531170207434,5742638,0.00108900,43.03000000,1
1531170225973,1531170225967,5742639,0.00108900,34.71000000,1
1531170265847,1531170265841,5742640,0.00108900,5.00000000,1
1531170307762,1531170307755,5742641,0.00109200,1.00000000,0
1531170318419,1531170318413,5742642,0.00109200,8.85000000,0
1531170318419,1531170318413,5742643,0.00109300,41.15000000,0
1531170323010,1531170323004,5742644,0.00109300,8.92000000,0
1531170328674,1531170328669,5742645,0.00109300,1.86000000,0
1531170339878,1531170339872,5742646,0.00109300,9.14000000,0
1531170455659,1531170455655,5742647,0.00109000,4.50000000,1
1531170491155,1531170491149,5742648,0.00109200,0.95000000,0
1531170516769,1531170516762,5742649,0.00109200,1.25000000,0
1531170516769,1531170516762,5742650,0.00109300,3.55000000,0
1531170516769,1531170516762,5742651,0.00109400,345.20000000,0
1531170538448,1531170538442,5742652,0.00109400,24.29000000,0
1531170543496,1531170543491,5742653,0.00109400,0.02000000,0
1531170616190,1531170616184,5742654,0.00109100,16.60000000,1
1531170660840,1531170660838,5742655,0.00109400,2.31000000,0
1531170694555,1531170694551,5742656,0.00109100,8.67000000,1
1531170725097,1531170725092,5742657,0.00109400,20.00000000,0
1531170761609,1531170761605,5742658,0.00109400,9.23000000,0
1531170788711,1531170788709,5742659,0.00109100,5.32000000,1
1531170793294,1531170793289,5742660,0.00109400,17.84000000,0
1531170802401,1531170802396,5742661,0.00109400,17.06000000,0
1531170821520,1531170821517,5742662,0.00109400,1.20000000,0
1531170853793,1531170853787,5742663,0.00109100,15.09000000,1
1531170853793,1531170853787,5742664,0.00109000,1.51000000,1
1531170864516,1531170864510,5742665,0.00109400,32.55000000,0
1531170864750,1531170864745,5742666,0.00109400,9.14000000,1
1531170865448,1531170865443,5742667,0.00109400,123.86000000,1
1531170870942,1531170870937,5742668,0.00109500,64.06000000,0
1531170876347,1531170876344,5742669,0.00109700,0.21000000,0
1531170876883,1531170876878,5742670,0.00109500,79.73000000,1
1531170880479,1531170880472,5742671,0.00109400,1.11000000,1
1531170880659,1531170880653,5742672,0.00109400,8.05000000,1
1531170886121,1531170886117,5742673,0.00109400,9.14000000,1
1531170905877,1531170905870,5742674,0.00109400,32.66000000,1
1531170910867,1531170910862,5742675,0.00109400,1.85000000,1
1531170935162,1531170935157,5742676,0.00109400,13.42000000,1
1531170959778,1531170959773,5742677,0.00109400,1.61000000,1
1531170963897,1531170963891,5742678,0.00109500,1.83000000,1
1531171031373,1531171031366,5742679,0.00109500,10.93000000,1
1531171047392,1531171047387,5742680,0.00109600,0.92000000,0
1531171055412,1531171055409,5742681,0.00109500,10.93000000,1
1531171062219,1531171062214,5742682,0.00109600,0.10000000,0
1531171062352,1531171062348,5742683,0.00109600,44.77000000,1
1531171095394,1531171095391,5742684,0.00109500,38.18000000,1
1531171122231,1531171122225,5742685,0.00109500,5.15000000,1
1531171149131,1531171149126,5742686,0.00109400,813.51000000,1
1531171218272,1531171218268,5742687,0.00109300,7.30000000,1
1531171218272,1531171218268,5742688,0.00109100,110.57000000,1
1531171218272,1531171218268,5742689,0.00109000,5.03000000,1
1531171247670,1531171247665,5742690,0.00109100,7.31000000,1
1531171247670,1531171247665,5742691,0.00108900,43.48000000,1
1531171266914,1531171266909,5742692,0.00109000,6.21000000,1
1531171266914,1531171266909,5742693,0.00108900,6.41000000,1
1531171316856,1531171316854,5742694,0.00108900,291.76000000,1
1531171363064,1531171363059,5742695,0.00108900,93.46000000,1
1531171364262,1531171364258,5742696,0.00108800,6.21000000,1
1531171384628,1531171384622,5742697,0.00108900,5.00000000,0
1531171394036,1531171394031,5742698,0.00108900,10.00000000,0
1531171395186,1531171395181,5742699,0.00108900,12.62000000,0
1531171402948,1531171402946,5742700,0.00108900,5.00000000,0
1531171414801,1531171414799,5742701,0.00108900,5.00000000,0
1531171414825,1531171414821,5742702,0.00108900,4.50000000,0
1531171510236,1531171510231,5742703,0.00109100,7.31000000,0
1531171511080,1531171511075,5742704,0.00109400,6.31000000,0
1531171547535,1531171547529,5742705,0.00109400,6.46000000,0
1531171551757,1531171551753,5742706,0.00109400,5.94000000,0
1531171611963,1531171611959,5742707,0.00109400,27.68000000,0
1531171617301,1531171617297,5742708,0.00109400,6.32000000,0
1531171617301,1531171617297,5742709,0.00109500,0.82000000,0
1531171631230,1531171631226,5742710,0.00109500,2.77000000,0
1531171645227,1531171645223,5742711,0.00109500,17.00000000,0
1531171660496,1531171660492,5742712,0.00109500,40.87000000,0
1531171775433,1531171775432,5742713,0.00109500,1.26000000,0
1531171801034,1531171801031,5742714,0.00109300,3.80000000,1
1531171871106,1531171871102,5742715,0.00109400,1.13000000,0
1531171871106,1531171871102,5742716,0.00109500,21.62000000,0
1531171871621,1531171871615,5742717,0.00109500,31.48000000,0
1531171871621,1531171871615,5742718,0.00109600,1.52000000,0
1531171919464,1531171919460,5742719,0.00109500,170.76000000,1
1531171919469,1531171919465,5742720,0.00109500,114.94000000,1
1531171919717,1531171919713,5742721,0.00109500,86.45000000,1
1531171919735,1531171919732,5742722,0.00109500,84.47000000,1
1531171985865,1531171985861,5742723,0.00109600,10.00000000,0
1531171987917,1531171987914,5742724,0.00109600,1.48000000,0
1531171987918,1531171987914,5742725,0.00109700,7.64000000,0
1531172005765,1531172005760,5742726,0.00109500,40.00000000,0
1531172006637,1531172006636,5742727,0.00109700,35.16000000,0
1531172007409,1531172007405,5742728,0.00109600,9.12000000,1
1531172023090,1531172023084,5742729,0.00109600,10.11000000,1
1531172028117,1531172028112,5742730,0.00109600,13.77000000,1
1531172033363,1531172033359,5742731,0.00109400,2.13000000,1
1531172035384,1531172035379,5742732,0.00109600,19.00000000,0
1531172046852,1531172046848,5742733,0.00109600,12.28000000,0
1531172050804,1531172050800,5742734,0.00109400,5.16000000,1
1531172050804,1531172050800,5742735,0.00109100,2.62000000,1
1531172089184,1531172089179,5742736,0.00109100,7.31000000,1
1531172089184,1531172089179,5742737,0.00109000,315.71000000,1
1531172089198,1531172089195,5742738,0.00109000,3.99000000,0
1531172089221,1531172089216,5742739,0.00109000,28.38000000,0
1531172089452,1531172089451,5742740,0.00109000,4.01000000,0
1531172156247,1531172156243,5742741,0.00109500,0.93000000,0
1531172158979,1531172158976,5742742,0.00109300,0.92000000,1
1531172316330,1531172316325,5742743,0.00109300,0.05000000,0
1531172334448,1531172334445,5742744,0.00109000,50.09000000,1
1531172413497,1531172413493,5742745,0.00109100,50.00000000,1
1531172413497,1531172413493,5742746,0.00109000,9.44000000,1
1531172440845,1531172440840,5742747,0.00109000,2.71000000,1
1531172490111,1531172490104,5742748,0.00109100,1.05000000,0
1531172490111,1531172490104,5742749,0.00109300,7.30000000,0
1531172490111,1531172490104,5742750,0.00109400,5.41000000,0
1531172490111,1531172490104,5742751,0.00109500,181.68000000,0
1531172490111,1531172490104,5742752,0.00109600,10.88000000,0
1531172490111,1531172490104,5742753,0.00109700,113.01000000,0
1531172559824,1531172559819,5742754,0.00109600,10.59000000,1
1531172567786,1531172567781,5742755,0.00109500,56.56000000,1
1531172584647,1531172584644,5742756,0.00109600,1.00000000,1
1531172607645,1531172607644,5742757,0.00109600,0.83000000,1
1531172607645,1531172607644,5742758,0.00109500,1.01000000,1
1531172613982,1531172613979,5742759,0.00109500,44.00000000,1
1531172614435,1531172614431,5742760,0.00109500,0.43000000,1
1531172614435,1531172614431,5742761,0.00109400,1.57000000,1
1531172620410,1531172620406,5742762,0.00109700,0.92000000,0
1531172650264,1531172650261,5742763,0.00109700,3.32000000,0
1531172660590,1531172660588,5742764,0.00109400,0.51000000,1
1531172667011,1531172667008,5742765,0.00109700,26.68000000,0
1531172748688,1531172748684,5742766,0.00109400,0.64000000,1
1531172749689,1531172749686,5742767,0.00109400,0.64000000,1
1531172750684,1531172750679,5742768,0.00109400,0.64000000,1
1531172752022,1531172752019,5742769,0.00109400,0.64000000,1
1531172753360,1531172753357,5742770,0.00109400,0.64000000,1
1531172754699,1531172754694,5742771,0.00109400,0.64000000,1
1531172755695,1531172755690,5742772,0.00109400,0.64000000,1
1531172757052,1531172757049,5742773,0.00109400,0.64000000,1
1531172758392,1531172758389,5742774,0.00109400,0.64000000,1
1531172759402,1531172759398,5742775,0.00109400,0.64000000,1
1531172842916,1531172842912,5742776,0.00109400,8.31000000,1
1531172842916,1531172842912,5742777,0.00109300,69.59000000,1
1531172842916,1531172842912,5742778,0.00109200,72.04000000,1
1531172842916,1531172842912,5742779,0.00109100,251.45000000,1
1531172842916,1531172842912,5742780,0.00109000,111.54000000,1
1531172847940,1531172847936,5742781,0.00109000,0.16000000,1
1531172865489,1531172865485,5742782,0.00109000,132.88000000,1
1531172897525,1531172897522,5742783,0.00109000,24.98000000,1
1531172916886,1531172916882,5742784,0.00109400,9.14000000,0
1531172979216,1531172979213,5742785,0.00109000,7.69000000,1
1531173017744,1531173017740,5742786,0.00109000,8.05000000,1
1531173048387,1531173048383,5742787,0.00109400,6.62000000,0
1531173049910,1531173049907,5742788,0.00109400,1.66000000,0
1531173049910,1531173049907,5742789,0.00109500,7.25000000,0
1531173064407,1531173064404,5742790,0.00109500,2.77000000,0
1531173081679,1531173081675,5742791,0.00109500,0.10000000,0
1531173088720,1531173088716,5742792,0.00109500,74.24000000,0
1531173100025,1531173100024,5742793,0.00109200,36.79000000,1
1531173100193,1531173100189,5742794,0.00109200,1.84000000,1
1531173100193,1531173100189,5742795,0.00109100,7.31000000,1
1531173100193,1531173100189,5742796,0.00109000,26.01000000,1
1531173100540,1531173100539,5742797,0.00109200,36.79000000,0
1531173116438,1531173116436,5742798,0.00109500,34.14000000,0
1531173116438,1531173116436,5742799,0.00109600,14.19000000,0
1531173117488,1531173117486,5742800,0.00109500,20.00000000,1
1531173146949,1531173146945,5742801,0.00109600,20.00000000,0
1531173177166,1531173177161,5742802,0.00109600,20.00000000,0
1531173190585,1531173190581,5742803,0.00109200,1.17000000,1
1531173191297,1531173191293,5742804,0.00109600,1.79000000,0
1531173207730,1531173207728,5742805,0.00109600,20.00000000,0
1531173237963,1531173237960,5742806,0.00109600,16.67000000,0
1531173286037,1531173286035,5742807,0.00109600,9.12000000,0
1531173394038,1531173394034,5742808,0.00109600,150.00000000,0
1531173419810,1531173419807,5742809,0.00109300,4.96000000,1
1531173419810,1531173419807,5742810,0.00109200,39.72000000,1
1531173419810,1531173419807,5742811,0.00109000,114.14000000,1
1531173509012,1531173509008,5742812,0.00109600,1.02000000,0
1531173512660,1531173512657,5742813,0.00109100,154.52000000,1
1531173515668,1531173515667,5742814,0.00109500,6.22000000,0
1531173515668,1531173515667,5742815,0.00109600,1.68000000,0
1531173522920,1531173522917,5742816,0.00109600,8.66000000,0
1531173617064,1531173617060,5742817,0.00109600,12.96000000,0
1531173668629,1531173668625,5742818,0.00109600,13.97000000,0
1531173679724,1531173679721,5742819,0.00109600,10.00000000,0
1531173681749,1531173681746,5742820,0.00109600,68.36000000,0
1531173687986,1531173687983,5742821,0.00109500,10.77000000,1
1531173778007,1531173778004,5742822,0.00109500,16.30000000,1
1531173789036,1531173789033,5742823,0.00109600,106.45000000,0
1531173832744,1531173832742,5742824,0.00109600,35.43000000,0
1531173833743,1531173833740,5742825,0.00109600,10.00000000,1
1531173905427,1531173905424,5742826,0.00109700,25.03000000,0
1531173910908,1531173910905,5742827,0.00109700,23.14000000,0
1531173911699,1531173911697,5742828,0.00109700,25.03000000,0
1531173934303,1531173934299,5742829,0.00109600,80.00000000,1
1531173974662,1531173974658,5742830,0.00109600,0.68000000,0
1531174009034,1531174009031,5742831,0.00109600,5.00000000,0
1531174065607,1531174065605,5742832,0.00109600,98.46000000,0
1531174074415,1531174074412,5742833,0.00109700,129.52000000,0
1531174104161,1531174104158,5742834,0.00109600,134.27000000,1
1531174115516,1531174115514,5742835,0.00109600,27.86000000,1
1531174120400,1531174120397,5742836,0.00109700,2.44000000,0
1531174139088,1531174139084,5742837,0.00109700,9.11000000,0
1531174148333,1531174148331,5742838,0.00109600,270.32000000,1
1531174183117,1531174183115,5742839,0.00109600,57.85000000,1
1531174219116,1531174219114,5742840,0.00109700,4.22000000,0
1531174227887,1531174227884,5742841,0.00109800,12.98000000,0
1531174228915,1531174228913,5742842,0.00109800,57.64000000,1
1531174231879,1531174231876,5742843,0.00109900,0.21000000,0
1531174241206,1531174241204,5742844,0.00109700,86.31000000,1
1531174243048,1531174243045,5742845,0.00109800,8.89000000,1
1531174246856,1531174246854,5742846,0.00109900,4.22000000,0
1531174253221,1531174253220,5742847,0.00109700,6.31000000,1
1531174254727,1531174254724,5742848,0.00109700,72.44000000,1
1531174255808,1531174255806,5742849,0.00109700,31.06000000,1
1531174261359,1531174261357,5742850,0.00109700,2.52000000,1
1531174275262,1531174275260,5742851,0.00109700,1.00000000,1
1531174281127,1531174281125,5742852,0.00109700,5.21000000,1
1531174285192,1531174285189,5742853,0.00109800,31.72000000,1
1531174285898,1531174285896,5742854,0.00109900,10.00000000,0
1531174287226,1531174287223,5742855,0.00109700,127.48000000,1
1531174287424,1531174287422,5742856,0.00109700,30.88000000,0
1531174288895,1531174288892,5742857,0.00109900,21.11000000,0
1531174288895,1531174288892,5742858,0.00110000,53.89000000,0
1531174289643,1531174289641,5742859,0.00110000,10.00000000,0
1531174291427,1531174291424,5742860,0.00110000,162.01000000,0
1531174291465,1531174291463,5742861,0.00110100,0.21000000,0
1531174297599,1531174297596,5742862,0.00110100,3.03000000,0
1531174298523,1531174298521,5742863,0.00110100,4.01000000,0
1531174301632,1531174301628,5742864,0.00110200,0.21000000,0
1531174304519,1531174304515,5742865,0.00110200,5.31000000,0
1531174312718,1531174312714,5742866,0.00110300,93.83000000,0
1531174314098,1531174314095,5742867,0.00110400,10.14000000,0
1531174314106,1531174314103,5742868,0.00110400,10.14000000,0
1531174314208,1531174314205,5742869,0.00110400,20.28000000,0
1531174314623,1531174314621,5742870,0.00110400,0.21000000,0
