event_time,trade_time,trade_id,price,quantity,maker
1531160295524,1531160295521,4673249,0.00014297,1252.00000000,0
1531160295534,1531160295530,4673250,0.00014285,457.00000000,1
1531160295549,1531160295546,4673251,0.00014285,438.00000000,1
1531160310146,1531160310143,4673252,0.00014285,174.00000000,1
1531160310160,1531160310156,4673253,0.00014285,549.00000000,1
1531160321299,1531160321295,4673254,0.00014296,131.00000000,0
1531160321314,1531160321311,4673255,0.00014285,404.00000000,1
1531160321337,1531160321333,4673256,0.00014285,50.00000000,1
1531160336337,1531160336333,4673257,0.00014296,554.00000000,0
1531160336344,1531160336340,4673258,0.00014285,380.00000000,1
1531160341392,1531160341389,4673259,0.00014284,29.00000000,1
1531160348543,1531160348540,4673260,0.00014284,16.00000000,1
1531160367488,1531160367484,4673261,0.00014285,44.00000000,1
1531160374853,1531160374850,4673262,0.00014294,1102.00000000,0
1531160374865,1531160374862,4673263,0.00014285,524.00000000,1
1531160374883,1531160374878,4673264,0.00014285,331.00000000,1
1531160376101,1531160376097,4673265,0.00014285,4.00000000,0
1531160381248,1531160381244,4673266,0.00014285,40.00000000,0
1531160383757,1531160383753,4673267,0.00014304,149.00000000,0
1531160393090,1531160393087,4673268,0.00014286,584.00000000,1
1531160393112,1531160393109,4673269,0.00014286,550.00000000,1
1531160393127,1531160393123,4673270,0.00014285,335.00000000,1
1531160417676,1531160417673,4673271,0.00014285,40.00000000,0
1531160423463,1531160423461,4673272,0.00014285,335.00000000,1
1531160424616,1531160424612,4673273,0.00014284,158.00000000,1
1531160462762,1531160462759,4673274,0.00014285,32.00000000,0
1531160462762,1531160462759,4673275,0.00014307,33.00000000,0
1531160470892,1531160470889,4673276,0.00014285,58.00000000,1
1531160470892,1531160470889,4673277,0.00014284,53.00000000,1
1531160493277,1531160493274,4673278,0.00014289,646.00000000,0
1531160493291,1531160493288,4673279,0.00014285,294.00000000,1
1531160504389,1531160504386,4673280,0.00014284,1400.00000000,1
1531160506817,1531160506816,4673281,0.00014285,535.00000000,1
1531160506817,1531160506816,4673282,0.00014284,898.00000000,1
1531160515215,1531160515211,4673283,0.00014285,462.00000000,1
1531160515235,1531160515232,4673284,0.00014285,87.00000000,1
1531160532409,1531160532406,4673285,0.00014284,1400.00000000,1
1531160542033,1531160542031,4673286,0.00014284,71.00000000,1
1531160558465,1531160558462,4673287,0.00014284,1400.00000000,1
1531160560844,1531160560842,4673288,0.00014284,112.00000000,1
1531160561279,1531160561274,4673289,0.00014284,112.00000000,1
1531160570077,1531160570074,4673290,0.00014285,28.00000000,0
1531160587755,1531160587751,4673291,0.00014305,178.00000000,0
1531160587770,1531160587766,4673292,0.00014305,236.00000000,0
1531160605509,1531160605506,4673293,0.00014305,149.00000000,0
1531160605524,1531160605520,4673294,0.00014305,176.00000000,0
1531160608213,1531160608210,4673295,0.00014306,504.00000000,0
1531160619322,1531160619319,4673296,0.00014305,203.00000000,0
1531160648617,1531160648612,4673297,0.00014285,8.00000000,1
1531160652548,1531160652545,4673298,0.00014285,3.00000000,1
1531160653427,1531160653423,4673299,0.00014284,1400.00000000,1
1531160662868,1531160662864,4673300,0.00014285,567.00000000,1
1531160678465,1531160678461,4673301,0.00014285,73.00000000,1
1531160679437,1531160679433,4673302,0.00014285,759.00000000,1
1531160680417,1531160680414,4673303,0.00014284,954.00000000,1
1531160687428,1531160687425,4673304,0.00014284,10.00000000,1
1531160689530,1531160689525,4673305,0.00014275,885.00000000,1
1531160690422,1531160690418,4673306,0.00014274,141.00000000,1
1531160691788,1531160691785,4673307,0.00014272,135.00000000,0
1531160693437,1531160693433,4673308,0.00014271,24.00000000,1
1531160694444,1531160694440,4673309,0.00014270,1401.00000000,1
1531160695863,1531160695863,4673310,0.00014272,4.00000000,0
1531160695904,1531160695903,4673311,0.00014272,4.00000000,0
1531160695938,1531160695935,4673312,0.00014272,4.00000000,0
1531160697017,1531160697013,4673313,0.00014271,425.00000000,0
1531160697037,1531160697032,4673314,0.00014272,5.00000000,0
1531160697963,1531160697958,4673315,0.00014282,13.00000000,0
1531160705057,1531160705054,4673316,0.00014272,9.00000000,1
1531160707473,1531160707437,4673317,0.00014272,138.00000000,1
1531160709424,1531160709421,4673318,0.00014270,1401.00000000,1
1531160710127,1531160710124,4673319,0.00014270,11.00000000,1
1531160716444,1531160716441,4673320,0.00014270,1401.00000000,1
1531160720239,1531160720236,4673321,0.00014271,3.00000000,0
1531160747509,1531160747503,4673322,0.00014270,1516.00000000,1
1531160747509,1531160747503,4673323,0.00014269,36.00000000,1
1531160747509,1531160747503,4673324,0.00014263,251.00000000,1
1531160747509,1531160747503,4673325,0.00014262,443.00000000,1
1531160747509,1531160747503,4673326,0.00014261,23.00000000,1
1531160747509,1531160747503,4673327,0.00014260,447.00000000,1
1531160747509,1531160747503,4673328,0.00014259,181.00000000,1
1531160747509,1531160747503,4673329,0.00014257,41.00000000,1
1531160747509,1531160747503,4673330,0.00014254,22.00000000,1
1531160747509,1531160747503,4673331,0.00014250,658.00000000,1
1531160747510,1531160747503,4673332,0.00014250,30.00000000,1
1531160747511,1531160747503,4673333,0.00014250,812.00000000,1
1531160747511,1531160747503,4673334,0.00014248,94.00000000,1
1531160747511,1531160747503,4673335,0.00014247,71.00000000,1
1531160747511,1531160747503,4673336,0.00014247,4732.00000000,1
1531160747518,1531160747506,4673337,0.00014247,98.00000000,1
1531160747518,1531160747506,4673338,0.00014244,23.00000000,1
1531160747518,1531160747506,4673339,0.00014242,8.00000000,1
1531160747518,1531160747506,4673340,0.00014239,142.00000000,1
1531160747518,1531160747506,4673341,0.00014236,24.00000000,1
1531160747518,1531160747506,4673342,0.00014234,106.00000000,1
1531160747518,1531160747506,4673343,0.00014233,10.00000000,1
1531160747518,1531160747506,4673344,0.00014232,16.00000000,1
1531160747518,1531160747506,4673345,0.00014229,15.00000000,1
1531160747518,1531160747506,4673346,0.00014228,15.00000000,1
1531160747518,1531160747506,4673347,0.00014225,65.00000000,1
1531160747518,1531160747506,4673348,0.00014221,970.00000000,1
1531160747518,1531160747506,4673349,0.00014219,24.00000000,1
1531160747519,1531160747506,4673350,0.00014219,73.00000000,1
1531160747519,1531160747506,4673351,0.00014213,377.00000000,1
1531160747519,1531160747506,4673352,0.00014213,206.00000000,1
1531160747572,1531160747569,4673353,0.00014216,18.00000000,0
1531160747577,1531160747574,4673354,0.00014216,18.00000000,0
1531160747585,1531160747582,4673355,0.00014216,185.00000000,0
1531160747605,1531160747602,4673356,0.00014216,18.00000000,0
1531160747613,1531160747609,4673357,0.00014216,9.00000000,0
1531160747669,1531160747666,4673358,0.00014213,273.00000000,1
1531160747741,1531160747738,4673359,0.00014213,9.00000000,1
1531160747746,1531160747742,4673360,0.00014216,3.00000000,0
1531160747746,1531160747742,4673361,0.00014240,11.00000000,0
1531160747793,1531160747788,4673362,0.00014240,43.00000000,0
1531160747989,1531160747984,4673363,0.00014213,18.00000000,1
1531160748093,1531160748089,4673364,0.00014240,3.00000000,0
1531160748177,1531160748174,4673365,0.00014240,4.00000000,0
1531160748194,1531160748191,4673366,0.00014213,640.00000000,1
1531160748224,1531160748221,4673367,0.00014240,4.00000000,0
1531160748251,1531160748247,4673368,0.00014240,4.00000000,0
1531160748293,1531160748290,4673369,0.00014240,3.00000000,0
1531160748332,1531160748328,4673370,0.00014240,3.00000000,0
1531160748496,1531160748492,4673371,0.00014240,4.00000000,0
1531160748505,1531160748502,4673372,0.00014240,4.00000000,0
1531160748556,1531160748552,4673373,0.00014240,2.00000000,0
1531160748631,1531160748628,4673374,0.00014240,4.00000000,0
1531160748655,1531160748650,4673375,0.00014240,4.00000000,0
1531160748691,1531160748688,4673376,0.00014240,4.00000000,0
1531160748737,1531160748733,4673377,0.00014240,2.00000000,0
1531160749411,1531160749410,4673378,0.00014239,34.00000000,0
1531160752433,1531160752429,4673379,0.00014212,10.00000000,1
1531160754620,1531160754615,4673380,0.00014212,5.00000000,1
1531160754620,1531160754615,4673381,0.00014210,321.00000000,1
1531160754819,1531160754814,4673382,0.00014237,4.00000000,0
1531160754849,1531160754845,4673383,0.00014237,4.00000000,0
1531160754880,1531160754878,4673384,0.00014237,1.00000000,0
1531160754880,1531160754878,4673385,0.00014238,2.00000000,0
1531160754949,1531160754946,4673386,0.00014238,4.00000000,0
1531160754989,1531160754985,4673387,0.00014238,4.00000000,0
1531160755021,1531160755017,4673388,0.00014238,4.00000000,0
1531160755061,1531160755058,4673389,0.00014238,4.00000000,0
1531160755125,1531160755122,4673390,0.00014238,4.00000000,0
1531160755232,1531160755232,4673391,0.00014238,3.00000000,0
1531160755280,1531160755279,4673392,0.00014238,4.00000000,0
1531160755325,1531160755324,4673393,0.00014238,4.00000000,0
1531160755374,1531160755370,4673394,0.00014238,4.00000000,0
1531160755403,1531160755397,4673395,0.00014238,4.00000000,0
1531160755438,1531160755434,4673396,0.00014238,4.00000000,0
1531160755508,1531160755506,4673397,0.00014238,4.00000000,0
1531160755536,1531160755531,4673398,0.00014238,3.00000000,0
1531160755560,1531160755557,4673399,0.00014238,4.00000000,0
1531160755632,1531160755629,4673400,0.00014238,3.00000000,0
1531160755761,1531160755755,4673401,0.00014238,4.00000000,0
1531160755766,1531160755762,4673402,0.00014238,4.00000000,0
1531160755965,1531160755962,4673403,0.00014238,2.00000000,0
1531160756168,1531160756163,4673404,0.00014238,3.00000000,0
1531160756296,1531160756294,4673405,0.00014238,6.00000000,0
1531160756437,1531160756434,4673406,0.00014238,3.00000000,0
1531160756469,1531160756466,4673407,0.00014238,5.00000000,0
1531160756512,1531160756509,4673408,0.00014238,6.00000000,0
1531160756541,1531160756537,4673409,0.00014238,6.00000000,0
1531160756585,1531160756582,4673410,0.00014238,3.00000000,0
1531160756618,1531160756614,4673411,0.00014238,3.00000000,0
1531160761254,1531160761249,4673412,0.00014238,306.00000000,0
1531160762921,1531160762917,4673413,0.00014238,17.00000000,1
1531160763985,1531160763980,4673414,0.00014238,87.00000000,1
1531160764863,1531160764862,4673415,0.00014239,8.00000000,0
1531160775573,1531160775569,4673416,0.00014239,2169.00000000,1
1531160780234,1531160780230,4673417,0.00014211,65.00000000,1
1531160781965,1531160781963,4673418,0.00014230,59.00000000,0
1531160784735,1531160784730,4673419,0.00014211,466.00000000,1
1531160784750,1531160784747,4673420,0.00014211,342.00000000,1
1531160785030,1531160785027,4673421,0.00014211,15.00000000,0
1531160785060,1531160785056,4673422,0.00014211,50.00000000,0
1531160786425,1531160786421,4673423,0.00014211,12.00000000,0
1531160786454,1531160786449,4673424,0.00014211,17.00000000,0
1531160786826,1531160786825,4673425,0.00014229,4.00000000,0
1531160791446,1531160791442,4673426,0.00014229,4.00000000,0
1531160791541,1531160791536,4673427,0.00014229,4.00000000,0
1531160792336,1531160792332,4673428,0.00014229,351.00000000,0
1531160792364,1531160792359,4673429,0.00014229,167.00000000,0
1531160800732,1531160800728,4673430,0.00014229,12.00000000,1
1531160805028,1531160805026,4673431,0.00014210,8.00000000,1
1531160810592,1531160810587,4673432,0.00014228,147.00000000,0
1531160810624,1531160810621,4673433,0.00014228,8.00000000,0
1531160810640,1531160810635,4673434,0.00014229,167.00000000,0
1531160824350,1531160824345,4673435,0.00014219,3.00000000,0
1531160830101,1531160830100,4673436,0.00014218,71.00000000,0
1531160830533,1531160830529,4673437,0.00014219,5.00000000,0
1531160834224,1531160834221,4673438,0.00014220,29.00000000,0
1531160838696,1531160838693,4673439,0.00014220,72.00000000,0
1531160840895,1531160840893,4673440,0.00014236,59.00000000,0
1531160861998,1531160861995,4673441,0.00014234,434.00000000,0
1531160873256,1531160873252,4673442,0.00014226,502.00000000,0
1531160873268,1531160873264,4673443,0.00014233,429.00000000,0
1531160873280,1531160873276,4673444,0.00014233,433.00000000,0
1531160884751,1531160884746,4673445,0.00014220,453.00000000,1
1531160884776,1531160884771,4673446,0.00014220,393.00000000,1
1531160896094,1531160896090,4673447,0.00014219,11.00000000,1
1531160905550,1531160905545,4673448,0.00014226,138.00000000,0
1531160905566,1531160905563,4673449,0.00014233,112.00000000,0
1531160905588,1531160905584,4673450,0.00014233,103.00000000,0
1531160918559,1531160918555,4673451,0.00014219,9.00000000,1
1531160918559,1531160918555,4673452,0.00014210,699.00000000,1
1531160931564,1531160931559,4673453,0.00014211,595.00000000,1
1531160953377,1531160953371,4673454,0.00014231,443.00000000,0
1531160953388,1531160953384,4673455,0.00014231,386.00000000,0
1531160964608,1531160964604,4673456,0.00014222,121.00000000,0
1531160964623,1531160964620,4673457,0.00014212,119.00000000,1
1531160973509,1531160973505,4673458,0.00014212,412.00000000,1
1531160973526,1531160973523,4673459,0.00014212,26.00000000,1
1531160980501,1531160980498,4673460,0.00014221,824.00000000,0
1531160980521,1531160980516,4673461,0.00014231,335.00000000,0
1531160999168,1531160999165,4673462,0.00014221,205.00000000,0
1531160999188,1531160999183,4673463,0.00014231,118.00000000,0
1531161010082,1531161010078,4673464,0.00014231,422.00000000,0
1531161010099,1531161010096,4673465,0.00014231,597.00000000,0
1531161018303,1531161018299,4673466,0.00014232,1100.00000000,0
1531161045816,1531161045812,4673467,0.00014236,280.00000000,0
1531161045835,1531161045831,4673468,0.00014233,225.00000000,1
1531161045851,1531161045850,4673469,0.00014233,143.00000000,1
1531161059135,1531161059134,4673470,0.00014233,508.00000000,1
1531161059155,1531161059151,4673471,0.00014233,231.00000000,1
1531161068904,1531161068900,4673472,0.00014236,1336.00000000,0
1531161068912,1531161068908,4673473,0.00014239,404.00000000,0
1531161068928,1531161068924,4673474,0.00014239,514.00000000,0
1531161078859,1531161078854,4673475,0.00014239,183.00000000,0
1531161082142,1531161082138,4673476,0.00014240,1.00000000,0
1531161082142,1531161082138,4673477,0.00014244,136.00000000,0
1531161082142,1531161082138,4673478,0.00014249,554.00000000,0
1531161082142,1531161082138,4673479,0.00014254,58.00000000,0
1531161082142,1531161082138,4673480,0.00014263,50.00000000,0
1531161082142,1531161082138,4673481,0.00014283,18.00000000,0
1531161082873,1531161082869,4673482,0.00014250,100.00000000,0
1531161087843,1531161087841,4673483,0.00014282,22.00000000,0
1531161088082,1531161088079,4673484,0.00014240,49.00000000,1
1531161089910,1531161089905,4673485,0.00014239,149.00000000,1
1531161094900,1531161094895,4673486,0.00014278,159.00000000,0
1531161094900,1531161094895,4673487,0.00014279,49.00000000,0
1531161094900,1531161094895,4673488,0.00014282,71.00000000,0
1531161094900,1531161094895,4673489,0.00014283,1159.00000000,0
1531161103731,1531161103727,4673490,0.00014242,49.00000000,1
1531161143200,1531161143196,4673491,0.00014236,228.00000000,1
1531161146274,1531161146270,4673492,0.00014243,14.00000000,1
1531161146274,1531161146270,4673493,0.00014235,211.00000000,1
1531161146274,1531161146270,4673494,0.00014234,87.00000000,1
1531161146274,1531161146270,4673495,0.00014233,56.00000000,1
1531161146274,1531161146270,4673496,0.00014232,163.00000000,1
1531161160756,1531161160752,4673497,0.00014233,355.00000000,1
1531161160756,1531161160752,4673498,0.00014232,680.00000000,1
1531161172720,1531161172714,4673499,0.00014237,816.00000000,0
1531161172736,1531161172732,4673500,0.00014233,169.00000000,1
1531161172759,1531161172755,4673501,0.00014233,324.00000000,1
1531161197841,1531161197837,4673502,0.00014237,95.00000000,0
1531161197856,1531161197851,4673503,0.00014233,88.00000000,1
1531161214832,1531161214829,4673504,0.00014234,478.00000000,1
1531161214859,1531161214855,4673505,0.00014234,376.00000000,1
1531161225809,1531161225807,4673506,0.00014233,14.00000000,1
1531161226824,1531161226820,4673507,0.00014232,424.00000000,1
1531161231449,1531161231445,4673508,0.00014241,332.00000000,0
1531161231449,1531161231445,4673509,0.00014242,467.00000000,0
1531161247388,1531161247383,4673510,0.00014242,10.00000000,0
1531161251346,1531161251342,4673511,0.00014229,297.00000000,1
1531161251366,1531161251363,4673512,0.00014229,452.00000000,1
1531161251607,1531161251605,4673513,0.00014264,38.00000000,0
1531161274155,1531161274150,4673514,0.00014244,274.00000000,0
1531161274163,1531161274159,4673515,0.00014226,158.00000000,1
1531161308940,1531161308937,4673516,0.00014233,463.00000000,1
1531161331935,1531161331930,4673517,0.00014254,5.00000000,0
1531161436008,1531161436004,4673518,0.00014232,70.00000000,1
1531161436008,1531161436004,4673519,0.00014225,19.00000000,1
1531161466107,1531161466102,4673520,0.00014237,1.00000000,0
1531161470656,1531161470652,4673521,0.00014236,44.00000000,0
1531161470656,1531161470652,4673522,0.00014252,206.00000000,0
1531161477207,1531161477202,4673523,0.00014241,377.00000000,0
1531161477224,1531161477221,4673524,0.00014230,290.00000000,1
1531161495764,1531161495759,4673525,0.00014251,87.00000000,0
1531161502614,1531161502609,4673526,0.00014230,254.00000000,1
1531161514703,1531161514700,4673527,0.00014229,13.00000000,1
1531161514703,1531161514700,4673528,0.00014225,5.00000000,1
1531161514703,1531161514700,4673529,0.00014220,32.00000000,1
1531161514980,1531161514975,4673530,0.00014220,19.00000000,1
1531161520176,1531161520170,4673531,0.00014234,1157.00000000,0
1531161520189,1531161520184,4673532,0.00014249,526.00000000,0
1531161527472,1531161527468,4673533,0.00014236,841.00000000,0
1531161527484,1531161527479,4673534,0.00014221,397.00000000,1
1531161554509,1531161554504,4673535,0.00014250,176.00000000,0
1531161554517,1531161554514,4673536,0.00014250,399.00000000,0
1531161566304,1531161566299,4673537,0.00014227,574.00000000,1
1531161576718,1531161576714,4673538,0.00014226,14.00000000,1
1531161576718,1531161576714,4673539,0.00014221,86.00000000,1
1531161580263,1531161580258,4673540,0.00014235,758.00000000,0
1531161580275,1531161580271,4673541,0.00014250,355.00000000,0
1531161580286,1531161580282,4673542,0.00014250,566.00000000,0
1531161583207,1531161583203,4673543,0.00014221,146.00000000,1
1531161583207,1531161583203,4673544,0.00014220,454.00000000,1
1531161584828,1531161584824,4673545,0.00014221,17.00000000,0
1531161590173,1531161590170,4673546,0.00014237,393.00000000,0
1531161590183,1531161590179,4673547,0.00014250,281.00000000,0
1531161602415,1531161602413,4673548,0.00014239,70.00000000,0
1531161602425,1531161602421,4673549,0.00014226,30.00000000,1
1531161613295,1531161613291,4673550,0.00014226,310.00000000,1
1531161613314,1531161613309,4673551,0.00014226,544.00000000,1
1531161621829,1531161621824,4673552,0.00014226,999.00000000,0
1531161636713,1531161636709,4673553,0.00014240,494.00000000,0
1531161636727,1531161636723,4673554,0.00014228,224.00000000,1
1531161636739,1531161636735,4673555,0.00014228,369.00000000,1
1531161651123,1531161651119,4673556,0.00014240,180.00000000,0
1531161651138,1531161651133,4673557,0.00014228,14.00000000,1
1531161651154,1531161651151,4673558,0.00014228,69.00000000,1
1531161669837,1531161669833,4673559,0.00014228,662.00000000,0
1531161670955,1531161670950,4673560,0.00014227,13.00000000,0
1531161670985,1531161670980,4673561,0.00014227,176.00000000,0
1531161671075,1531161671073,4673562,0.00014227,1134.00000000,0
1531161677016,1531161677013,4673563,0.00014236,308.00000000,0
1531161677028,1531161677023,4673564,0.00014251,286.00000000,0
1531161677043,1531161677041,4673565,0.00014251,227.00000000,0
1531161685897,1531161685895,4673566,0.00014227,497.00000000,0
1531161692799,1531161692795,4673567,0.00014236,38.00000000,0
1531161692816,1531161692810,4673568,0.00014251,292.00000000,0
1531161692836,1531161692831,4673569,0.00014251,14.00000000,0
1531161704334,1531161704329,4673570,0.00014236,89.00000000,0
1531161704348,1531161704343,4673571,0.00014250,77.00000000,0
1531161704361,1531161704357,4673572,0.00014250,31.00000000,0
1531161713385,1531161713379,4673573,0.00014228,353.00000000,1
1531161713408,1531161713404,4673574,0.00014228,46.00000000,1
1531161727913,1531161727910,4673575,0.00014228,279.00000000,0
1531161733423,1531161733419,4673576,0.00014241,654.00000000,0
1531161733435,1531161733431,4673577,0.00014250,574.00000000,0
1531161744765,1531161744761,4673578,0.00014232,8.00000000,1
1531161755513,1531161755509,4673579,0.00014222,49.00000000,1
1531161765171,1531161765166,4673580,0.00014224,926.00000000,0
1531161765187,1531161765183,4673581,0.00014227,429.00000000,0
1531161767001,1531161766997,4673582,0.00014221,15.00000000,1
1531161767002,1531161766997,4673583,0.00014220,47.00000000,1
1531161773459,1531161773456,4673584,0.00014220,126.00000000,1
1531161779619,1531161779618,4673585,0.00014221,429.00000000,1
1531161779838,1531161779833,4673586,0.00014220,198.00000000,1
1531161794883,1531161794879,4673587,0.00014223,17.00000000,0
1531161794902,1531161794897,4673588,0.00014226,8.00000000,0
1531161802589,1531161802587,4673589,0.00014222,244.00000000,1
1531161803421,1531161803417,4673590,0.00014221,13.00000000,1
1531161803421,1531161803417,4673591,0.00014220,186.00000000,1
1531161814703,1531161814699,4673592,0.00014223,577.00000000,0
1531161814712,1531161814709,4673593,0.00014226,479.00000000,0
1531161814735,1531161814731,4673594,0.00014226,498.00000000,0
1531161815993,1531161815988,4673595,0.00014220,202.00000000,1
1531161826057,1531161826052,4673596,0.00014222,15.00000000,1
1531161826057,1531161826052,4673597,0.00014220,136.00000000,1
1531161850064,1531161850060,4673598,0.00014230,227.00000000,1
1531161853971,1531161853967,4673599,0.00014248,53.00000000,0
1531161863164,1531161863159,4673600,0.00014233,15.00000000,1
1531161863164,1531161863159,4673601,0.00014230,99.00000000,1
1531161875135,1531161875133,4673602,0.00014239,750.00000000,0
1531161875145,1531161875141,4673603,0.00014248,136.00000000,0
1531161875163,1531161875159,4673604,0.00014248,341.00000000,0
1531161887514,1531161887510,4673605,0.00014249,53.00000000,0
1531161887663,1531161887661,4673606,0.00014250,697.00000000,1
1531161903147,1531161903143,4673607,0.00014241,812.00000000,0
1531161903157,1531161903153,4673608,0.00014249,481.00000000,0
1531161903175,1531161903171,4673609,0.00014249,514.00000000,0
1531161916971,1531161916966,4673610,0.00014241,80.00000000,0
1531161916988,1531161916984,4673611,0.00014248,388.00000000,0
1531161917008,1531161917005,4673612,0.00014248,69.00000000,0
1531161933285,1531161933280,4673613,0.00014247,52.00000000,0
1531161934534,1531161934528,4673614,0.00014238,218.00000000,0
1531161934547,1531161934541,4673615,0.00014247,109.00000000,0
1531161937795,1531161937790,4673616,0.00014233,13.00000000,1
1531161937795,1531161937790,4673617,0.00014230,125.00000000,1
1531161950276,1531161950271,4673618,0.00014231,114.00000000,1
1531161953967,1531161953963,4673619,0.00014231,113.00000000,1
1531161972338,1531161972334,4673620,0.00014231,91.00000000,0
1531161986517,1531161986513,4673621,0.00014231,113.00000000,1
1531161990285,1531161990280,4673622,0.00014230,59.00000000,1
1531161990372,1531161990368,4673623,0.00014219,59.00000000,1
1531162008421,1531162008417,4673624,0.00014230,523.00000000,0
1531162026493,1531162026487,4673625,0.00014226,720.00000000,0
1531162026507,1531162026503,4673626,0.00014222,136.00000000,1
1531162026522,1531162026519,4673627,0.00014222,383.00000000,1
1531162036828,1531162036824,4673628,0.00014230,182.00000000,0
1531162051835,1531162051829,4673629,0.00014224,12.00000000,0
1531162051847,1531162051843,4673630,0.00014224,356.00000000,0
1531162066014,1531162066008,4673631,0.00014223,923.00000000,0
1531162066026,1531162066020,4673632,0.00014221,347.00000000,1
1531162066041,1531162066037,4673633,0.00014221,355.00000000,1
1531162082089,1531162082084,4673634,0.00014224,308.00000000,0
1531162082109,1531162082104,4673635,0.00014224,228.00000000,0
1531162092086,1531162092082,4673636,0.00014225,15.00000000,0
1531162096439,1531162096436,4673637,0.00014220,187.00000000,1
1531162100129,1531162100123,4673638,0.00014224,469.00000000,0
1531162106597,1531162106592,4673639,0.00014225,54.00000000,0
1531162106597,1531162106592,4673640,0.00014249,795.00000000,0
1531162113978,1531162113973,4673641,0.00014221,74.00000000,1
1531162114786,1531162114783,4673642,0.00014220,19.00000000,1
1531162115120,1531162115115,4673643,0.00014220,103.00000000,1
1531162146533,1531162146528,4673644,0.00014248,495.00000000,0
1531162146545,1531162146540,4673645,0.00014248,240.00000000,0
1531162174954,1531162174950,4673646,0.00014248,236.00000000,0
1531162174976,1531162174972,4673647,0.00014248,232.00000000,0
1531162195000,1531162194996,4673648,0.00014234,967.00000000,0
1531162195012,1531162195008,4673649,0.00014248,569.00000000,0
1531162198405,1531162198401,4673650,0.00014249,4.00000000,0
1531162212818,1531162212813,4673651,0.00014248,82.00000000,0
1531162212857,1531162212852,4673652,0.00014248,91.00000000,1
1531162213248,1531162213243,4673653,0.00014248,177.00000000,1
1531162214470,1531162214466,4673654,0.00014225,14.00000000,1
1531162214470,1531162214466,4673655,0.00014220,186.00000000,1
1531162228178,1531162228173,4673656,0.00014221,414.00000000,1
1531162228200,1531162228195,4673657,0.00014221,401.00000000,1
1531162242387,1531162242382,4673658,0.00014236,1573.00000000,0
1531162242401,1531162242396,4673659,0.00014248,175.00000000,0
1531162242416,1531162242411,4673660,0.00014248,596.00000000,0
1531162265898,1531162265894,4673661,0.00014240,14.00000000,0
1531162283289,1531162283285,4673662,0.00014244,60.00000000,0
1531162290247,1531162290243,4673663,0.00014246,35.00000000,0
1531162293401,1531162293396,4673664,0.00014246,1.00000000,0
1531162293401,1531162293396,4673665,0.00014247,13.00000000,0
1531162293818,1531162293813,4673666,0.00014223,14.00000000,1
1531162293818,1531162293813,4673667,0.00014220,264.00000000,1
1531162302257,1531162302253,4673668,0.00014233,1166.00000000,0
1531162302268,1531162302264,4673669,0.00014246,507.00000000,0
1531162327735,1531162327730,4673670,0.00014246,272.00000000,0
1531162327763,1531162327758,4673671,0.00014246,410.00000000,0
1531162338339,1531162338333,4673672,0.00014220,19.00000000,1
1531162343974,1531162343970,4673673,0.00014246,381.00000000,0
1531162358666,1531162358661,4673674,0.00014225,14.00000000,1
1531162358666,1531162358661,4673675,0.00014220,379.00000000,1
1531162364317,1531162364311,4673676,0.00014232,556.00000000,0
1531162364333,1531162364328,4673677,0.00014245,287.00000000,0
1531162371828,1531162371823,4673678,0.00014245,50.00000000,0
1531162373531,1531162373526,4673679,0.00014245,514.00000000,0
1531162373556,1531162373550,4673680,0.00014245,27.00000000,0
1531162376897,1531162376892,4673681,0.00014245,50.00000000,1
1531162396409,1531162396403,4673682,0.00014234,1108.00000000,0
1531162396421,1531162396418,4673683,0.00014245,476.00000000,0
1531162396441,1531162396437,4673684,0.00014245,420.00000000,0
1531162403735,1531162403730,4673685,0.00014245,400.00000000,0
1531162403748,1531162403742,4673686,0.00014245,388.00000000,0
1531162421936,1531162421932,4673687,0.00014234,234.00000000,0
1531162421951,1531162421946,4673688,0.00014245,234.00000000,0
1531162434154,1531162434148,4673689,0.00014246,70.00000000,0
1531162455438,1531162455433,4673690,0.00014238,880.00000000,0
1531162455453,1531162455451,4673691,0.00014230,500.00000000,1
1531162459756,1531162459754,4673692,0.00014229,14.00000000,1
1531162462785,1531162462780,4673693,0.00014220,51.00000000,1
1531162464729,1531162464727,4673694,0.00014220,308.00000000,1
1531162474442,1531162474440,4673695,0.00014234,575.00000000,0
1531162474456,1531162474451,4673696,0.00014244,223.00000000,0
1531162487354,1531162487349,4673697,0.00014245,304.00000000,0
1531162488149,1531162488144,4673698,0.00014245,446.00000000,1
1531162495153,1531162495149,4673699,0.00014246,9.00000000,0
1531162500622,1531162500619,4673700,0.00014229,15.00000000,1
1531162500622,1531162500619,4673701,0.00014220,1.00000000,1
1531162511301,1531162511298,4673702,0.00014232,59.00000000,0
1531162511313,1531162511307,4673703,0.00014245,41.00000000,0
1531162531614,1531162531610,4673704,0.00014245,120.00000000,0
1531162541069,1531162541067,4673705,0.00014246,10.00000000,0
1531162541406,1531162541401,4673706,0.00014226,376.00000000,1
1531162541422,1531162541418,4673707,0.00014226,549.00000000,1
1531162548432,1531162548427,4673708,0.00014225,14.00000000,1
1531162548432,1531162548427,4673709,0.00014220,154.00000000,1
1531162548432,1531162548427,4673710,0.00014219,2270.00000000,1
1531162558929,1531162558924,4673711,0.00014244,455.00000000,0
1531162558947,1531162558941,4673712,0.00014244,431.00000000,0
1531162565846,1531162565841,4673713,0.00014217,70.00000000,1
1531162565846,1531162565841,4673714,0.00014216,661.00000000,1
1531162578502,1531162578496,4673715,0.00014233,1262.00000000,0
1531162578511,1531162578507,4673716,0.00014222,85.00000000,1
1531162578533,1531162578528,4673717,0.00014222,505.00000000,1
1531162602422,1531162602418,4673718,0.00014222,272.00000000,1
1531162602433,1531162602429,4673719,0.00014222,197.00000000,1
1531162613766,1531162613761,4673720,0.00014233,387.00000000,0
1531162613781,1531162613776,4673721,0.00014222,24.00000000,1
1531162613794,1531162613792,4673722,0.00014222,352.00000000,1
1531162635247,1531162635243,4673723,0.00014216,1564.00000000,1
1531162635267,1531162635263,4673724,0.00014216,143.00000000,1
1531162636946,1531162636941,4673725,0.00014212,13.00000000,1
1531162638218,1531162638213,4673726,0.00014210,1407.00000000,1
1531162639271,1531162639269,4673727,0.00014210,1160.00000000,1
1531162640684,1531162640679,4673728,0.00014210,306.00000000,1
1531162641942,1531162641937,4673729,0.00014209,87.00000000,1
1531162643129,1531162643122,4673730,0.00014200,4812.00000000,1
1531162643134,1531162643122,4673731,0.00014199,15.00000000,1
1531162643134,1531162643122,4673732,0.00014195,11.00000000,1
1531162643134,1531162643122,4673733,0.00014192,19.00000000,1
1531162643134,1531162643122,4673734,0.00014190,36.00000000,1
1531162643134,1531162643122,4673735,0.00014188,59.00000000,1
1531162643134,1531162643122,4673736,0.00014187,15.00000000,1
1531162643134,1531162643122,4673737,0.00014186,86.00000000,1
1531162643134,1531162643122,4673738,0.00014184,22.00000000,1
1531162643134,1531162643122,4673739,0.00014183,8.00000000,1
1531162643134,1531162643122,4673740,0.00014180,184.00000000,1
1531162643134,1531162643122,4673741,0.00014178,80.00000000,1
1531162643134,1531162643122,4673742,0.00014177,8.00000000,1
1531162643134,1531162643122,4673743,0.00014174,30.00000000,1
1531162643134,1531162643122,4673744,0.00014169,15.00000000,1
1531162643134,1531162643122,4673745,0.00014164,46.00000000,1
1531162643134,1531162643122,4673746,0.00014164,1114.00000000,1
1531162643134,1531162643122,4673747,0.00014164,200.00000000,1
1531162643158,1531162643153,4673748,0.00014190,51.00000000,0
1531162643169,1531162643167,4673749,0.00014190,148.00000000,0
1531162643169,1531162643167,4673750,0.00014191,184.00000000,0
1531162644850,1531162644847,4673751,0.00014200,2.00000000,0
1531162646203,1531162646200,4673752,0.00014200,4.00000000,0
1531162646245,1531162646239,4673753,0.00014200,4.00000000,0
1531162646332,1531162646327,4673754,0.00014200,4.00000000,0
1531162646407,1531162646401,4673755,0.00014200,1.00000000,0
1531162646407,1531162646401,4673756,0.00014211,3.00000000,0
1531162646510,1531162646506,4673757,0.00014211,4.00000000,0
1531162646525,1531162646523,4673758,0.00014211,4.00000000,0
1531162646612,1531162646607,4673759,0.00014211,6.00000000,0
1531162646660,1531162646656,4673760,0.00014211,6.00000000,0
1531162646690,1531162646684,4673761,0.00014211,6.00000000,0
1531162646718,1531162646713,4673762,0.00014211,5.00000000,0
1531162646757,1531162646753,4673763,0.00014211,6.00000000,0
1531162646812,1531162646806,4673764,0.00014211,6.00000000,0
1531162647125,1531162647120,4673765,0.00014211,4.00000000,0
1531162647316,1531162647309,4673766,0.00014211,4.00000000,0
1531162648948,1531162648943,4673767,0.00014196,14.00000000,1
1531162651529,1531162651526,4673768,0.00014210,6.00000000,0
1531162651764,1531162651761,4673769,0.00014210,38.00000000,0
1531162653201,1531162653195,4673770,0.00014175,34.00000000,1
1531162657640,1531162657633,4673771,0.00014175,141.00000000,1
1531162661316,1531162661313,4673772,0.00014176,82.00000000,1
1531162662170,1531162662167,4673773,0.00014209,221.00000000,0
1531162673626,1531162673620,4673774,0.00014178,11.00000000,1
1531162674900,1531162674896,4673775,0.00014184,15.00000000,1
1531162674900,1531162674896,4673776,0.00014178,72.00000000,1
1531162682180,1531162682175,4673777,0.00014208,6.00000000,0
1531162682238,1531162682233,4673778,0.00014208,6.00000000,0
1531162682271,1531162682266,4673779,0.00014208,5.00000000,0
1531162682300,1531162682298,4673780,0.00014208,6.00000000,0
1531162683167,1531162683160,4673781,0.00014174,273.00000000,1
1531162683167,1531162683160,4673782,0.00014166,45.00000000,1
1531162683167,1531162683160,4673783,0.00014164,59.00000000,1
1531162683167,1531162683160,4673784,0.00014163,30.00000000,1
1531162683167,1531162683160,4673785,0.00014161,8.00000000,1
1531162683167,1531162683160,4673786,0.00014160,8.00000000,1
1531162683167,1531162683160,4673787,0.00014158,577.00000000,1
1531162683167,1531162683160,4673788,0.00014158,836.00000000,1
1531162684238,1531162684234,4673789,0.00014160,249.00000000,1
1531162684238,1531162684234,4673790,0.00014159,774.00000000,1
1531162688432,1531162688426,4673791,0.00014208,680.00000000,0
1531162693354,1531162693350,4673792,0.00014172,22.00000000,1
1531162694441,1531162694436,4673793,0.00014172,5.00000000,1
1531162694441,1531162694436,4673794,0.00014171,31.00000000,1
1531162695351,1531162695345,4673795,0.00014193,4.00000000,0
1531162695401,1531162695397,4673796,0.00014193,5.00000000,0
1531162695464,1531162695460,4673797,0.00014193,18.00000000,0
1531162695470,1531162695465,4673798,0.00014207,4.00000000,0
1531162695470,1531162695466,4673799,0.00014207,4.00000000,0
1531162695561,1531162695557,4673800,0.00014207,4.00000000,0
1531162695586,1531162695581,4673801,0.00014207,2.00000000,0
1531162695610,1531162695604,4673802,0.00014207,4.00000000,0
1531162695692,1531162695688,4673803,0.00014207,3.00000000,0
1531162701467,1531162701465,4673804,0.00014206,14.00000000,0
1531162702807,1531162702800,4673805,0.00014206,23.00000000,0
1531162707145,1531162707141,4673806,0.00014206,426.00000000,0
1531162707257,1531162707252,4673807,0.00014206,173.00000000,0
1531162707958,1531162707955,4673808,0.00014206,37.00000000,1
1531162709055,1531162709051,4673809,0.00014206,14.00000000,1
1531162732990,1531162732988,4673810,0.00014191,528.00000000,0
1531162733009,1531162733003,4673811,0.00014206,459.00000000,0
1531162733029,1531162733024,4673812,0.00014206,213.00000000,0
1531162750359,1531162750353,4673813,0.00014206,189.00000000,0
1531162750379,1531162750375,4673814,0.00014206,423.00000000,0
1531162766678,1531162766673,4673815,0.00014183,25.00000000,1
1531162766699,1531162766693,4673816,0.00014183,439.00000000,1
1531162766947,1531162766942,4673817,0.00014182,11.00000000,1
1531162769429,1531162769426,4673818,0.00014207,130.00000000,0
1531162801385,1531162801380,4673819,0.00014206,483.00000000,0
1531162801398,1531162801393,4673820,0.00014206,336.00000000,0
1531162813392,1531162813386,4673821,0.00014173,247.00000000,1
1531162813392,1531162813386,4673822,0.00014171,95.00000000,1
1531162813392,1531162813386,4673823,0.00014157,20.00000000,1
1531162813392,1531162813386,4673824,0.00014156,8.00000000,1
1531162813392,1531162813386,4673825,0.00014155,130.00000000,1
1531162823365,1531162823359,4673826,0.00014191,549.00000000,0
1531162823365,1531162823360,4673827,0.00014176,87.00000000,1
1531162823377,1531162823372,4673828,0.00014206,218.00000000,0
1531162840204,1531162840198,4673829,0.00014171,200.00000000,1
1531162849743,1531162849738,4673830,0.00014171,199.00000000,1
1531162849743,1531162849738,4673831,0.00014167,10.00000000,1
1531162851497,1531162851492,4673832,0.00014205,152.00000000,0
1531162851497,1531162851492,4673833,0.00014206,107.00000000,0
1531162851497,1531162851492,4673834,0.00014207,94.00000000,0
1531162863991,1531162863986,4673835,0.00014189,647.00000000,0
1531162864003,1531162863997,4673836,0.00014206,476.00000000,0
1531162875248,1531162875244,4673837,0.00014190,1340.00000000,0
1531162875267,1531162875263,4673838,0.00014174,133.00000000,1
1531162875291,1531162875288,4673839,0.00014174,588.00000000,1
1531162884206,1531162884201,4673840,0.00014206,247.00000000,0
1531162888103,1531162888098,4673841,0.00014173,247.00000000,1
1531162888103,1531162888098,4673842,0.00014171,172.00000000,1
1531162888103,1531162888098,4673843,0.00014158,273.00000000,1
1531162888103,1531162888098,4673844,0.00014156,684.00000000,1
1531162904769,1531162904763,4673845,0.00014188,241.00000000,0
1531162904781,1531162904777,4673846,0.00014205,106.00000000,0
1531162904793,1531162904788,4673847,0.00014205,151.00000000,0
1531162913567,1531162913562,4673848,0.00014206,100.00000000,0
1531162915956,1531162915953,4673849,0.00014199,35.00000000,1
1531162943900,1531162943894,4673850,0.00014176,203.00000000,1
1531162943927,1531162943922,4673851,0.00014176,551.00000000,1
1531162943962,1531162943957,4673852,0.00014175,273.00000000,1
1531162944464,1531162944459,4673853,0.00014199,100.00000000,0
1531162946956,1531162946950,4673854,0.00014173,247.00000000,1
1531162947970,1531162947965,4673855,0.00014173,247.00000000,1
1531162949247,1531162949242,4673856,0.00014173,105.00000000,1
1531162949912,1531162949907,4673857,0.00014199,17.00000000,0
1531162950973,1531162950968,4673858,0.00014174,393.00000000,1
1531162952046,1531162952040,4673859,0.00014171,273.00000000,1
1531162953100,1531162953095,4673860,0.00014170,249.00000000,1
1531162954960,1531162954956,4673861,0.00014170,124.00000000,1
1531162968346,1531162968340,4673862,0.00014170,125.00000000,1
1531162968367,1531162968364,4673863,0.00014170,108.00000000,0
1531162984202,1531162984197,4673864,0.00014177,247.00000000,1
1531162984202,1531162984197,4673865,0.00014175,273.00000000,1
1531162984213,1531162984207,4673866,0.00014170,2321.00000000,0
1531162988947,1531162988941,4673867,0.00014173,247.00000000,1
1531162988961,1531162988955,4673868,0.00014173,1991.00000000,0
1531162989394,1531162989389,4673869,0.00014199,33.00000000,0
1531162992750,1531162992723,4673870,0.00014198,78.00000000,0
1531162992750,1531162992723,4673871,0.00014199,26.00000000,0
1531163008913,1531163008907,4673872,0.00014199,20.00000000,0
1531163023002,1531163022998,4673873,0.00014177,232.00000000,1
1531163042176,1531163042171,4673874,0.00014198,97.00000000,0
1531163064759,1531163064753,4673875,0.00014197,451.00000000,0
1531163094251,1531163094244,4673876,0.00014197,5.00000000,0
1531163101570,1531163101564,4673877,0.00014197,329.00000000,0
1531163101582,1531163101577,4673878,0.00014197,70.00000000,0
1531163103938,1531163103934,4673879,0.00014198,4.00000000,0
1531163115719,1531163115715,4673880,0.00014197,5.00000000,1
1531163119028,1531163119024,4673881,0.00014197,69.00000000,0
1531163127149,1531163127143,4673882,0.00014196,239.00000000,0
1531163132964,1531163132960,4673883,0.00014196,223.00000000,0
1531163132996,1531163132991,4673884,0.00014197,1.00000000,0
1531163147021,1531163147015,4673885,0.00014197,229.00000000,0
1531163150693,1531163150688,4673886,0.00014197,41.00000000,0
1531163153936,1531163153931,4673887,0.00014197,207.00000000,0
1531163166326,1531163166321,4673888,0.00014186,1153.00000000,0
1531163166342,1531163166338,4673889,0.00014197,65.00000000,0
1531163166356,1531163166352,4673890,0.00014197,406.00000000,0
1531163185809,1531163185803,4673891,0.00014196,448.00000000,0
1531163185824,1531163185820,4673892,0.00014196,308.00000000,0
1531163201626,1531163201623,4673893,0.00014197,17.00000000,0
1531163201648,1531163201645,4673894,0.00014197,8.00000000,0
1531163206521,1531163206516,4673895,0.00014166,249.00000000,1
1531163206544,1531163206539,4673896,0.00014166,11.00000000,0
1531163211981,1531163211976,4673897,0.00014170,156.00000000,1
1531163224927,1531163224922,4673898,0.00014181,91.00000000,0
1531163224941,1531163224937,4673899,0.00014197,438.00000000,0
1531163224952,1531163224947,4673900,0.00014197,60.00000000,0
1531163242444,1531163242439,4673901,0.00014197,314.00000000,0
1531163280902,1531163280897,4673902,0.00014198,79.00000000,0
1531163280902,1531163280897,4673903,0.00014199,35.00000000,0
1531163280915,1531163280910,4673904,0.00014199,16.00000000,0
1531163281214,1531163281210,4673905,0.00014199,16.00000000,0
1531163283194,1531163283189,4673906,0.00014199,36.00000000,0
1531163302316,1531163302311,4673907,0.00014191,302.00000000,1
1531163302336,1531163302331,4673908,0.00014191,102.00000000,1
1531163306027,1531163306020,4673909,0.00014190,30.00000000,1
1531163306027,1531163306020,4673910,0.00014183,14.00000000,1
1531163306027,1531163306020,4673911,0.00014171,63.00000000,1
1531163310334,1531163310329,4673912,0.00014198,595.00000000,0
1531163327664,1531163327660,4673913,0.00014198,350.00000000,0
1531163348346,1531163348339,4673914,0.00014192,1255.00000000,0
1531163348360,1531163348354,4673915,0.00014186,472.00000000,1
1531163363184,1531163363178,4673916,0.00014198,256.00000000,0
1531163363196,1531163363192,4673917,0.00014198,221.00000000,0
1531163367948,1531163367942,4673918,0.00014199,1999.00000000,0
1531163367948,1531163367942,4673919,0.00014203,312.00000000,0
1531163367948,1531163367942,4673920,0.00014204,223.00000000,0
1531163369663,1531163369656,4673921,0.00014204,677.00000000,0
1531163369663,1531163369656,4673922,0.00014207,164.00000000,0
1531163380971,1531163380966,4673923,0.00014206,221.00000000,0
1531163380987,1531163380982,4673924,0.00014206,323.00000000,0
1531163402034,1531163402029,4673925,0.00014196,742.00000000,0
1531163402049,1531163402044,4673926,0.00014206,490.00000000,0
1531163402061,1531163402058,4673927,0.00014206,320.00000000,0
1531163407667,1531163407662,4673928,0.00014186,120.00000000,1
1531163416984,1531163416980,4673929,0.00014186,273.00000000,1
1531163416984,1531163416980,4673930,0.00014185,25.00000000,1
1531163417010,1531163417003,4673931,0.00014185,234.00000000,0
1531163439838,1531163439833,4673932,0.00014208,14.00000000,0
1531163439923,1531163439920,4673933,0.00014185,1602.00000000,0
1531163447102,1531163447097,4673934,0.00014207,35.00000000,0
1531163449668,1531163449633,4673935,0.00014207,70.00000000,0
1531163449731,1531163449726,4673936,0.00014207,75.00000000,0
1531163462767,1531163462760,4673937,0.00014207,105.00000000,1
1531163466817,1531163466812,4673938,0.00014207,75.00000000,0
1531163478813,1531163478809,4673939,0.00014208,8.00000000,0
1531163484341,1531163484336,4673940,0.00014197,286.00000000,0
1531163484353,1531163484348,4673941,0.00014186,179.00000000,1
1531163499755,1531163499750,4673942,0.00014186,322.00000000,1
1531163513949,1531163513945,4673943,0.00014197,730.00000000,0
1531163513966,1531163513961,4673944,0.00014186,332.00000000,1
1531163525607,1531163525600,4673945,0.00014197,517.00000000,0
1531163525620,1531163525613,4673946,0.00014186,278.00000000,1
1531163540679,1531163540673,4673947,0.00014207,8.00000000,0
1531163540679,1531163540673,4673948,0.00014208,62.00000000,0
1531163551044,1531163551038,4673949,0.00014208,10.00000000,0
1531163563005,1531163562998,4673950,0.00014196,777.00000000,0
1531163563017,1531163563011,4673951,0.00014207,385.00000000,0
1531163582686,1531163582683,4673952,0.00014196,360.00000000,0
1531163582698,1531163582693,4673953,0.00014207,158.00000000,0
1531163593819,1531163593813,4673954,0.00014208,35.00000000,0
1531163596221,1531163596215,4673955,0.00014186,562.00000000,1
1531163596246,1531163596239,4673956,0.00014186,598.00000000,1
1531163613443,1531163613437,4673957,0.00014207,408.00000000,1
1531163618697,1531163618692,4673958,0.00014206,273.00000000,0
1531163623734,1531163623729,4673959,0.00014206,38.00000000,0
1531163625501,1531163625495,4673960,0.00014206,273.00000000,1
1531163625523,1531163625518,4673961,0.00014199,355.00000000,0
1531163629506,1531163629501,4673962,0.00014199,141.00000000,0
1531163639505,1531163639500,4673963,0.00014186,26.00000000,1
1531163648015,1531163648008,4673964,0.00014185,551.00000000,1
1531163648015,1531163648008,4673965,0.00014172,32.00000000,1
1531163648015,1531163648008,4673966,0.00014171,749.00000000,1
1531163649905,1531163649900,4673967,0.00014206,341.00000000,0
1531163649920,1531163649915,4673968,0.00014206,50.00000000,0
1531163657080,1531163657074,4673969,0.00014207,46.00000000,0
1531163676450,1531163676444,4673970,0.00014207,337.00000000,0
1531163676450,1531163676444,4673971,0.00014208,366.00000000,0
1531163682506,1531163682501,4673972,0.00014193,104.00000000,0
1531163682523,1531163682517,4673973,0.00014193,103.00000000,1
1531163682523,1531163682517,4673974,0.00014179,122.00000000,1
1531163682536,1531163682531,4673975,0.00014179,87.00000000,1
1531163692076,1531163692070,4673976,0.00014178,34.00000000,1
1531163698001,1531163697997,4673977,0.00014208,500.00000000,0
1531163698992,1531163698987,4673978,0.00014208,660.00000000,0
1531163699235,1531163699230,4673979,0.00014179,259.00000000,1
1531163719430,1531163719425,4673980,0.00014193,603.00000000,0
1531163719444,1531163719439,4673981,0.00014193,435.00000000,1
1531163733746,1531163733741,4673982,0.00014200,239.00000000,0
1531163733758,1531163733753,4673983,0.00014207,121.00000000,0
1531163753483,1531163753478,4673984,0.00014200,1517.00000000,0
1531163753493,1531163753488,4673985,0.00014207,554.00000000,0
1531163771055,1531163771050,4673986,0.00014208,15.00000000,0
1531163773901,1531163773895,4673987,0.00014194,204.00000000,1
1531163773915,1531163773908,4673988,0.00014194,427.00000000,1
1531163793908,1531163793905,4673989,0.00014194,71.00000000,1
1531163793928,1531163793923,4673990,0.00014194,420.00000000,1
1531163796885,1531163796879,4673991,0.00014208,34.00000000,0
1531163810792,1531163810765,4673992,0.00014200,1317.00000000,0
1531163810792,1531163810778,4673993,0.00014207,481.00000000,0
1531163813024,1531163813021,4673994,0.00014208,19.00000000,0
1531163819189,1531163819185,4673995,0.00014207,583.00000000,0
1531163834116,1531163834110,4673996,0.00014201,637.00000000,0
1531163834127,1531163834122,4673997,0.00014194,236.00000000,1
1531163836618,1531163836612,4673998,0.00014208,99.00000000,0
1531163837210,1531163837205,4673999,0.00014208,27.00000000,0
1531163853736,1531163853732,4674000,0.00014194,498.00000000,1
1531163853750,1531163853743,4674001,0.00014194,554.00000000,1
1531163882235,1531163882230,4674002,0.00014194,176.00000000,1
1531163882252,1531163882249,4674003,0.00014194,292.00000000,1
1531163892650,1531163892646,4674004,0.00014201,485.00000000,0
1531163892652,1531163892649,4674005,0.00014201,1.00000000,0
1531163892664,1531163892659,4674006,0.00014201,33.00000000,1
1531163911893,1531163911887,4674007,0.00014202,513.00000000,1
1531163922720,1531163922716,4674008,0.00014207,222.00000000,0
1531163922739,1531163922735,4674009,0.00014207,361.00000000,0
1531163939870,1531163939864,4674010,0.00014194,276.00000000,1
1531163939884,1531163939879,4674011,0.00014194,569.00000000,1
1531163945423,1531163945417,4674012,0.00014194,117.00000000,1
1531163946494,1531163946489,4674013,0.00014194,143.00000000,1
1531163946519,1531163946514,4674014,0.00014194,69.00000000,1
1531163946670,1531163946664,4674015,0.00014194,116.00000000,0
1531163955315,1531163955312,4674016,0.00014194,1.00000000,0
1531163955315,1531163955312,4674017,0.00014208,499.00000000,0
1531163963849,1531163963844,4674018,0.00014201,877.00000000,0
1531163963863,1531163963856,4674019,0.00014194,467.00000000,1
1531163969713,1531163969709,4674020,0.00014194,130.00000000,1
1531163973787,1531163973782,4674021,0.00014201,73.00000000,0
1531163973801,1531163973797,4674022,0.00014194,161.00000000,1
1531163973836,1531163973833,4674023,0.00014194,96.00000000,0
1531163987058,1531163987053,4674024,0.00014194,1.00000000,0
1531163996606,1531163996603,4674025,0.00014194,11.00000000,1
1531164001607,1531164001602,4674026,0.00014201,513.00000000,0
1531164001623,1531164001618,4674027,0.00014195,186.00000000,1
1531164022836,1531164022831,4674028,0.00014208,394.00000000,0
1531164022836,1531164022831,4674029,0.00014217,58.00000000,0
1531164022836,1531164022831,4674030,0.00014222,54.00000000,0
1531164023352,1531164023350,4674031,0.00014209,85.00000000,0
1531164023364,1531164023358,4674032,0.00014196,138.00000000,1
1531164023389,1531164023384,4674033,0.00014196,33.00000000,1
1531164025568,1531164025562,4674034,0.00014222,778.00000000,0
1531164026843,1531164026837,4674035,0.00014222,12.00000000,0
1531164028816,1531164028812,4674036,0.00014222,69.00000000,0
1531164035235,1531164035230,4674037,0.00014196,453.00000000,1
1531164049780,1531164049775,4674038,0.00014196,55.00000000,1
1531164050951,1531164050944,4674039,0.00014221,553.00000000,0
1531164064587,1531164064582,4674040,0.00014221,3.00000000,0
1531164076277,1531164076270,4674041,0.00014211,106.00000000,0
1531164076296,1531164076291,4674042,0.00014201,92.00000000,1
1531164092754,1531164092752,4674043,0.00014221,26.00000000,0
1531164095001,1531164094995,4674044,0.00014201,186.00000000,1
1531164122094,1531164122090,4674045,0.00014210,1166.00000000,0
1531164122113,1531164122108,4674046,0.00014220,323.00000000,0
1531164122126,1531164122122,4674047,0.00014220,583.00000000,0
1531164123900,1531164123893,4674048,0.00014221,25.00000000,0
1531164140988,1531164140983,4674049,0.00014201,533.00000000,1
1531164161563,1531164161557,4674050,0.00014211,945.00000000,0
1531164161583,1531164161578,4674051,0.00014211,591.00000000,1
1531164171446,1531164171441,4674052,0.00014211,475.00000000,0
1531164171456,1531164171451,4674053,0.00014202,403.00000000,1
1531164182022,1531164182015,4674054,0.00014211,418.00000000,0
1531164182036,1531164182031,4674055,0.00014202,225.00000000,1
1531164199629,1531164199623,4674056,0.00014202,226.00000000,1
1531164199654,1531164199649,4674057,0.00014202,271.00000000,1
1531164205741,1531164205737,4674058,0.00014202,82.00000000,1
1531164205741,1531164205737,4674059,0.00014201,105.00000000,1
1531164205774,1531164205767,4674060,0.00014201,268.00000000,0
1531164205801,1531164205797,4674061,0.00014201,1.00000000,0
1531164211926,1531164211921,4674062,0.00014201,173.00000000,1
1531164221202,1531164221197,4674063,0.00014209,772.00000000,0
1531164221216,1531164221211,4674064,0.00014209,272.00000000,1
1531164229590,1531164229588,4674065,0.00014210,39.00000000,0
1531164238555,1531164238550,4674066,0.00014201,284.00000000,1
1531164238579,1531164238574,4674067,0.00014201,263.00000000,1
1531164259742,1531164259735,4674068,0.00014201,376.00000000,1
1531164262873,1531164262867,4674069,0.00014210,1.00000000,0
1531164262873,1531164262867,4674070,0.00014218,146.00000000,0
1531164272179,1531164272173,4674071,0.00014209,480.00000000,0
1531164272201,1531164272198,4674072,0.00014201,523.00000000,1
1531164272225,1531164272220,4674073,0.00014201,308.00000000,1
1531164282101,1531164282097,4674074,0.00014209,99.00000000,0
1531164282120,1531164282115,4674075,0.00014201,39.00000000,1
1531164300499,1531164300495,4674076,0.00014209,682.00000000,0
1531164300502,1531164300497,4674077,0.00014209,1.00000000,0
1531164300511,1531164300506,4674078,0.00014209,410.00000000,1
1531164316258,1531164316251,4674079,0.00014214,563.00000000,0
1531164316276,1531164316271,4674080,0.00014210,347.00000000,1
1531164316298,1531164316295,4674081,0.00014210,512.00000000,1
1531164316322,1531164316317,4674082,0.00014209,272.00000000,1
1531164333686,1531164333680,4674083,0.00014209,5.00000000,0
1531164333789,1531164333784,4674084,0.00014188,77.00000000,1
1531164333811,1531164333806,4674085,0.00014209,406.00000000,0
1531164341926,1531164341920,4674086,0.00014214,277.00000000,0
1531164341938,1531164341933,4674087,0.00014210,156.00000000,1
1531164341956,1531164341951,4674088,0.00014209,277.00000000,1
1531164343082,1531164343080,4674089,0.00014209,5.00000000,0
1531164356230,1531164356224,4674090,0.00014209,401.00000000,0
1531164358462,1531164358456,4674091,0.00014210,198.00000000,0
1531164358475,1531164358469,4674092,0.00014202,91.00000000,1
1531164369953,1531164369949,4674093,0.00014210,1310.00000000,0
1531164369961,1531164369954,4674094,0.00014202,512.00000000,1
1531164383866,1531164383860,4674095,0.00014210,299.00000000,0
1531164383880,1531164383875,4674096,0.00014202,117.00000000,1
1531164400168,1531164400162,4674097,0.00014202,61.00000000,1
1531164403405,1531164403401,4674098,0.00014202,431.00000000,1
1531164403426,1531164403421,4674099,0.00014202,69.00000000,1
1531164403444,1531164403439,4674100,0.00014202,60.00000000,0
1531164403466,1531164403463,4674101,0.00014202,1.00000000,0
1531164418395,1531164418390,4674102,0.00014202,577.00000000,1
1531164418413,1531164418407,4674103,0.00014202,510.00000000,1
1531164420346,1531164420340,4674104,0.00014201,52.00000000,1
1531164433194,1531164433188,4674105,0.00014201,200.00000000,1
1531164442755,1531164442752,4674106,0.00014210,1008.00000000,0
1531164442767,1531164442762,4674107,0.00014210,178.00000000,1
1531164455545,1531164455538,4674108,0.00014218,285.00000000,0
1531164461419,1531164461416,4674109,0.00014211,129.00000000,1
1531164474494,1531164474488,4674110,0.00014211,499.00000000,1
1531164474518,1531164474512,4674111,0.00014211,559.00000000,1
1531164489348,1531164489346,4674112,0.00014218,1.00000000,0
1531164489348,1531164489346,4674113,0.00014219,70.00000000,0
1531164489381,1531164489376,4674114,0.00014221,451.00000000,0
1531164491011,1531164491003,4674115,0.00014221,191.00000000,0
1531164491561,1531164491555,4674116,0.00014212,48.00000000,1
1531164495278,1531164495272,4674117,0.00014216,1016.00000000,0
1531164495290,1531164495285,4674118,0.00014212,340.00000000,1
1531164495321,1531164495315,4674119,0.00014212,47.00000000,0
1531164507825,1531164507820,4674120,0.00014211,596.00000000,1
1531164507840,1531164507834,4674121,0.00014211,284.00000000,0
1531164507857,1531164507853,4674122,0.00014212,1.00000000,0
1531164520397,1531164520391,4674123,0.00014217,833.00000000,0
1531164520414,1531164520407,4674124,0.00014213,541.00000000,1
1531164520441,1531164520436,4674125,0.00014212,387.00000000,1
1531164535618,1531164535613,4674126,0.00014212,1.00000000,0
1531164569251,1531164569248,4674127,0.00014221,36.00000000,0
1531164574826,1531164574821,4674128,0.00014220,168.00000000,1
1531164582177,1531164582172,4674129,0.00014221,93.00000000,0
1531164597143,1531164597137,4674130,0.00014221,16.00000000,0
1531164632591,1531164632585,4674131,0.00014221,273.00000000,0
1531164646866,1531164646861,4674132,0.00014221,73.00000000,0
1531164656359,1531164656352,4674133,0.00014221,1561.00000000,0
1531164676110,1531164676105,4674134,0.00014222,800.00000000,0
1531164718615,1531164718611,4674135,0.00014222,50.00000000,0
1531164725748,1531164725742,4674136,0.00014221,85.00000000,1
1531164771761,1531164771755,4674137,0.00014222,288.00000000,0
1531164778017,1531164778011,4674138,0.00014221,161.00000000,1
1531164780625,1531164780618,4674139,0.00014222,1949.00000000,0
1531164780625,1531164780618,4674140,0.00014237,58.00000000,0
1531164780625,1531164780618,4674141,0.00014245,254.00000000,0
1531164780625,1531164780618,4674142,0.00014247,14.00000000,0
1531164780625,1531164780618,4674143,0.00014249,2125.00000000,0
1531164783395,1531164783393,4674144,0.00014248,8.00000000,0
1531164784855,1531164784851,4674145,0.00014248,2.00000000,0
1531164784907,1531164784900,4674146,0.00014248,2.00000000,0
1531164784916,1531164784912,4674147,0.00014248,2.00000000,0
1531164784964,1531164784961,4674148,0.00014248,2.00000000,0
1531164785684,1531164785680,4674149,0.00014248,14.00000000,0
1531164787006,1531164787000,4674150,0.00014248,56.00000000,0
1531164802831,1531164802827,4674151,0.00014247,32.00000000,0
1531164802831,1531164802827,4674152,0.00014248,1350.00000000,0
1531164802979,1531164802975,4674153,0.00014230,607.00000000,0
1531164802996,1531164802992,4674154,0.00014212,180.00000000,1
1531164803012,1531164803007,4674155,0.00014212,482.00000000,1
1531164817620,1531164817615,4674156,0.00014248,5.00000000,0
1531164818999,1531164818994,4674157,0.00014213,175.00000000,1
1531164819029,1531164819024,4674158,0.00014213,453.00000000,1
1531164842170,1531164842163,4674159,0.00014213,33.00000000,1
1531164842189,1531164842185,4674160,0.00014213,245.00000000,1
1531164845447,1531164845441,4674161,0.00014248,5.00000000,0
1531164849480,1531164849476,4674162,0.00014213,367.00000000,1
1531164857375,1531164857370,4674163,0.00014212,12.00000000,1
1531164857375,1531164857370,4674164,0.00014211,22.00000000,1
1531164864572,1531164864566,4674165,0.00014212,574.00000000,1
1531164864593,1531164864588,4674166,0.00014212,66.00000000,1
1531164883073,1531164883067,4674167,0.00014212,342.00000000,1
1531164883089,1531164883083,4674168,0.00014212,280.00000000,1
1531164899296,1531164899295,4674169,0.00014229,809.00000000,0
1531164899308,1531164899305,4674170,0.00014212,83.00000000,1
1531164899325,1531164899320,4674171,0.00014212,352.00000000,1
1531164917627,1531164917621,4674172,0.00014212,445.00000000,1
1531164948234,1531164948228,4674173,0.00014214,8.00000000,1
1531164962620,1531164962614,4674174,0.00014213,200.00000000,1
1531164969367,1531164969361,4674175,0.00014229,405.00000000,0
1531164969385,1531164969378,4674176,0.00014212,209.00000000,1
1531164983946,1531164983941,4674177,0.00014212,231.00000000,1
1531165000082,1531165000076,4674178,0.00014230,1230.00000000,0
1531165000096,1531165000090,4674179,0.00014213,496.00000000,1
1531165028593,1531165028588,4674180,0.00014212,233.00000000,1
1531165047132,1531165047128,4674181,0.00014212,512.00000000,1
1531165064581,1531165064576,4674182,0.00014229,573.00000000,0
1531165064594,1531165064590,4674183,0.00014212,449.00000000,1
1531165064607,1531165064602,4674184,0.00014212,214.00000000,1
1531165073439,1531165073434,4674185,0.00014229,931.00000000,0
1531165073453,1531165073449,4674186,0.00014212,512.00000000,1
1531165074535,1531165074529,4674187,0.00014211,115.00000000,1
1531165088742,1531165088740,4674188,0.00014212,278.00000000,1
1531165095832,1531165095825,4674189,0.00014246,19.00000000,0
1531165106294,1531165106288,4674190,0.00014229,238.00000000,0
1531165106310,1531165106305,4674191,0.00014212,282.00000000,1
1531165106330,1531165106324,4674192,0.00014212,119.00000000,1
1531165124600,1531165124594,4674193,0.00014212,483.00000000,1
1531165124625,1531165124619,4674194,0.00014212,383.00000000,1
1531165131705,1531165131703,4674195,0.00014246,96.00000000,0
1531165131705,1531165131703,4674196,0.00014247,76.00000000,0
1531165131705,1531165131703,4674197,0.00014248,1658.00000000,0
1531165155786,1531165155781,4674198,0.00014247,477.00000000,1
1531165155802,1531165155797,4674199,0.00014247,437.00000000,1
1531165170020,1531165170015,4674200,0.00014246,12.00000000,1
1531165198629,1531165198624,4674201,0.00014229,138.00000000,0
1531165198641,1531165198636,4674202,0.00014212,332.00000000,1
1531165198659,1531165198654,4674203,0.00014212,78.00000000,1
1531165234245,1531165234240,4674204,0.00014216,8.00000000,1
1531165234263,1531165234258,4674205,0.00014216,366.00000000,1
1531165243610,1531165243605,4674206,0.00014216,437.00000000,1
1531165243632,1531165243626,4674207,0.00014216,8.00000000,1
1531165262595,1531165262589,4674208,0.00014231,846.00000000,0
1531165262614,1531165262608,4674209,0.00014216,525.00000000,1
1531165262630,1531165262625,4674210,0.00014216,588.00000000,1
1531165265903,1531165265900,4674211,0.00014216,104.00000000,1
1531165273813,1531165273808,4674212,0.00014216,340.00000000,1
1531165294517,1531165294516,4674213,0.00014231,214.00000000,0
1531165294526,1531165294520,4674214,0.00014217,202.00000000,1
1531165309072,1531165309065,4674215,0.00014217,53.00000000,1
1531165337844,1531165337838,4674216,0.00014219,333.00000000,1
1531165337868,1531165337864,4674217,0.00014219,285.00000000,1
1531165370569,1531165370564,4674218,0.00014233,966.00000000,0
1531165370586,1531165370581,4674219,0.00014221,188.00000000,1
1531165370610,1531165370604,4674220,0.00014221,469.00000000,1
1531165397289,1531165397283,4674221,0.00014234,1509.00000000,0
1531165397309,1531165397302,4674222,0.00014223,524.00000000,1
1531165430685,1531165430679,4674223,0.00014235,1245.00000000,0
1531165430695,1531165430689,4674224,0.00014225,593.00000000,1
1531165439633,1531165439627,4674225,0.00014235,155.00000000,0
1531165439646,1531165439640,4674226,0.00014225,362.00000000,1
1531165439671,1531165439666,4674227,0.00014225,72.00000000,1
1531165455044,1531165455038,4674228,0.00014225,99.00000000,1
1531165455063,1531165455060,4674229,0.00014225,68.00000000,1
1531165472001,1531165471996,4674230,0.00014231,1294.00000000,0
1531165472010,1531165472005,4674231,0.00014217,28.00000000,1
1531165472027,1531165472021,4674232,0.00014217,476.00000000,1
1531165491062,1531165491056,4674233,0.00014231,678.00000000,0
1531165491082,1531165491075,4674234,0.00014217,283.00000000,1
1531165491110,1531165491106,4674235,0.00014217,390.00000000,1
1531165513515,1531165513510,4674236,0.00014217,8.00000000,1
1531165534073,1531165534068,4674237,0.00014232,686.00000000,0
1531165534087,1531165534081,4674238,0.00014217,599.00000000,1
1531165534105,1531165534098,4674239,0.00014217,327.00000000,1
1531165554529,1531165554524,4674240,0.00014217,552.00000000,1
1531165568726,1531165568720,4674241,0.00014217,558.00000000,1
1531165568749,1531165568744,4674242,0.00014217,259.00000000,1
1531165586009,1531165586004,4674243,0.00014232,1282.00000000,0
1531165586024,1531165586017,4674244,0.00014217,164.00000000,1
1531165586052,1531165586046,4674245,0.00014217,501.00000000,1
1531165603476,1531165603469,4674246,0.00014217,242.00000000,1
1531165621613,1531165621608,4674247,0.00014217,139.00000000,1
1531165621640,1531165621636,4674248,0.00014217,506.00000000,1
1531165643538,1531165643533,4674249,0.00014218,252.00000000,1
1531165643561,1531165643556,4674250,0.00014218,245.00000000,1
1531165660106,1531165660101,4674251,0.00014233,1082.00000000,0
1531165660113,1531165660109,4674252,0.00014218,404.00000000,1
1531165660463,1531165660457,4674253,0.00014217,2417.00000000,1
1531165678797,1531165678792,4674254,0.00014233,252.00000000,0
1531165678807,1531165678801,4674255,0.00014218,280.00000000,1
1531165678825,1531165678820,4674256,0.00014218,129.00000000,1
1531165681722,1531165681717,4674257,0.00014248,5.00000000,0
1531165687154,1531165687148,4674258,0.00014248,5.00000000,0
1531165697614,1531165697609,4674259,0.00014218,87.00000000,1
1531165720201,1531165720195,4674260,0.00014233,759.00000000,0
1531165720218,1531165720211,4674261,0.00014218,517.00000000,1
1531165720229,1531165720223,4674262,0.00014218,322.00000000,1
1531165730975,1531165730970,4674263,0.00014233,504.00000000,0
1531165730988,1531165730981,4674264,0.00014218,260.00000000,1
1531165744543,1531165744537,4674265,0.00014218,554.00000000,1
1531165744556,1531165744550,4674266,0.00014218,252.00000000,1
1531165758447,1531165758441,4674267,0.00014218,68.00000000,1
1531165758468,1531165758462,4674268,0.00014218,510.00000000,1
1531165768767,1531165768761,4674269,0.00014217,372.00000000,1
1531165768767,1531165768761,4674270,0.00014216,92.00000000,1
1531165768767,1531165768761,4674271,0.00014211,214.00000000,1
1531165768767,1531165768761,4674272,0.00014210,24.00000000,1
1531165787442,1531165787436,4674273,0.00014211,446.00000000,1
1531165808937,1531165808932,4674274,0.00014211,538.00000000,1
1531165808956,1531165808951,4674275,0.00014211,280.00000000,1
1531165819331,1531165819326,4674276,0.00014211,184.00000000,1
1531165819345,1531165819339,4674277,0.00014211,411.00000000,1
1531165837794,1531165837788,4674278,0.00014210,111.00000000,1
1531165861381,1531165861376,4674279,0.00014203,482.00000000,1
1531165861401,1531165861396,4674280,0.00014203,427.00000000,1
1531165868348,1531165868342,4674281,0.00014210,49.00000000,0
1531165868376,1531165868371,4674282,0.00014210,1.00000000,0
1531165868377,1531165868371,4674283,0.00014211,297.00000000,0
1531165875884,1531165875882,4674284,0.00014203,8.00000000,1
1531165895650,1531165895643,4674285,0.00014211,375.00000000,1
1531165902428,1531165902426,4674286,0.00014202,33.00000000,1
1531165909874,1531165909868,4674287,0.00014210,173.00000000,0
1531165909893,1531165909889,4674288,0.00014202,85.00000000,1
1531165925838,1531165925832,4674289,0.00014210,376.00000000,0
1531165925851,1531165925846,4674290,0.00014202,87.00000000,1
1531165925862,1531165925856,4674291,0.00014202,168.00000000,1
1531165941293,1531165941286,4674292,0.00014202,135.00000000,1
1531165956413,1531165956406,4674293,0.00014210,830.00000000,0
1531165956423,1531165956417,4674294,0.00014202,301.00000000,1
1531165970523,1531165970517,4674295,0.00014202,534.00000000,1
1531165976022,1531165976018,4674296,0.00014210,820.00000000,0
1531165976039,1531165976038,4674297,0.00014210,461.00000000,1
1531165997981,1531165997975,4674298,0.00014211,214.00000000,1
1531166000619,1531166000615,4674299,0.00014202,357.00000000,1
1531166005147,1531166005141,4674300,0.00014202,60.00000000,1
1531166005176,1531166005173,4674301,0.00014202,3250.00000000,0
1531166005185,1531166005179,4674302,0.00014202,1.00000000,0
1531166022746,1531166022742,4674303,0.00014218,70.00000000,0
1531166023310,1531166023306,4674304,0.00014202,222.00000000,1
1531166023330,1531166023325,4674305,0.00014202,311.00000000,1
1531166035389,1531166035382,4674306,0.00014202,342.00000000,1
1531166035412,1531166035405,4674307,0.00014202,152.00000000,1
1531166056422,1531166056415,4674308,0.00014210,165.00000000,0
1531166056436,1531166056431,4674309,0.00014202,83.00000000,1
1531166056457,1531166056451,4674310,0.00014210,93.00000000,1
1531166065376,1531166065371,4674311,0.00014202,464.00000000,1
1531166065398,1531166065391,4674312,0.00014202,585.00000000,1
1531166076322,1531166076321,4674313,0.00014201,370.00000000,1
1531166091063,1531166091057,4674314,0.00014203,552.00000000,1
1531166091084,1531166091077,4674315,0.00014203,86.00000000,1
1531166111707,1531166111701,4674316,0.00014210,435.00000000,0
1531166111715,1531166111709,4674317,0.00014203,205.00000000,1
1531166126408,1531166126402,4674318,0.00014203,193.00000000,1
1531166126419,1531166126414,4674319,0.00014203,429.00000000,1
1531166133832,1531166133825,4674320,0.00014202,56.00000000,1
1531166133832,1531166133825,4674321,0.00014201,125.00000000,1
1531166141660,1531166141657,4674322,0.00014202,136.00000000,1
1531166142009,1531166142004,4674323,0.00014210,646.00000000,0
1531166142027,1531166142020,4674324,0.00014202,452.00000000,1
1531166142030,1531166142024,4674325,0.00014202,136.00000000,0
1531166145736,1531166145731,4674326,0.00014201,102.00000000,1
1531166150749,1531166150741,4674327,0.00014201,24.00000000,1
1531166150749,1531166150741,4674328,0.00014178,59.00000000,1
1531166150749,1531166150741,4674329,0.00014177,225.00000000,1
1531166163596,1531166163591,4674330,0.00014217,33.00000000,0
1531166164984,1531166164978,4674331,0.00014217,33.00000000,0
1531166181069,1531166181067,4674332,0.00014186,379.00000000,1
1531166201672,1531166201671,4674333,0.00014203,64.00000000,0
1531166201673,1531166201671,4674334,0.00014203,1151.00000000,0
1531166201683,1531166201678,4674335,0.00014203,64.00000000,1
1531166201683,1531166201678,4674336,0.00014191,526.00000000,1
1531166218433,1531166218428,4674337,0.00014204,198.00000000,1
1531166218453,1531166218447,4674338,0.00014204,278.00000000,1
1531166220536,1531166220530,4674339,0.00014217,183.00000000,0
1531166220536,1531166220530,4674340,0.00014218,102.00000000,0
1531166222578,1531166222572,4674341,0.00014218,95.00000000,0
1531166246928,1531166246923,4674342,0.00014202,232.00000000,0
1531166246942,1531166246937,4674343,0.00014202,137.00000000,1
1531166262589,1531166262583,4674344,0.00014204,455.00000000,1
1531166262600,1531166262595,4674345,0.00014204,467.00000000,1
1531166267721,1531166267716,4674346,0.00014203,107.00000000,1
1531166267754,1531166267748,4674347,0.00014202,49.00000000,0
1531166267755,1531166267748,4674348,0.00014202,1845.00000000,0
1531166272661,1531166272657,4674349,0.00014215,10.00000000,0
1531166273371,1531166273366,4674350,0.00014218,1617.00000000,0
1531166277498,1531166277491,4674351,0.00014218,22.00000000,0
1531166315627,1531166315621,4674352,0.00014193,88.00000000,1
1531166320972,1531166320967,4674353,0.00014218,8.00000000,0
1531166323587,1531166323581,4674354,0.00014206,262.00000000,0
1531166323595,1531166323590,4674355,0.00014194,414.00000000,1
1531166323608,1531166323603,4674356,0.00014194,208.00000000,1
1531166351639,1531166351632,4674357,0.00014195,17.00000000,1
1531166363019,1531166363019,4674358,0.00014218,117.00000000,0
1531166375066,1531166375061,4674359,0.00014206,98.00000000,0
1531166375081,1531166375074,4674360,0.00014195,35.00000000,1
1531166386534,1531166386528,4674361,0.00014207,111.00000000,1
1531166386553,1531166386548,4674362,0.00014207,374.00000000,1
1531166429587,1531166429581,4674363,0.00014192,64.00000000,1
1531166429609,1531166429602,4674364,0.00014192,165.00000000,1
1531166449379,1531166449374,4674365,0.00014203,1143.00000000,0
1531166449389,1531166449384,4674366,0.00014203,169.00000000,1
1531166449418,1531166449412,4674367,0.00014189,397.00000000,1
1531166452658,1531166452653,4674368,0.00014218,386.00000000,0
1531166483453,1531166483447,4674369,0.00014216,611.00000000,0
1531166483468,1531166483463,4674370,0.00014199,407.00000000,1
1531166490973,1531166490966,4674371,0.00014199,588.00000000,1
1531166502190,1531166502184,4674372,0.00014196,10.00000000,1
1531166532059,1531166532054,4674373,0.00014215,356.00000000,0
1531166532074,1531166532067,4674374,0.00014197,138.00000000,1
1531166535951,1531166535944,4674375,0.00014197,247.00000000,1
1531166535965,1531166535960,4674376,0.00014196,164.00000000,0
1531166548062,1531166548057,4674377,0.00014200,356.00000000,1
1531166564691,1531166564687,4674378,0.00014199,11.00000000,0
1531166570859,1531166570853,4674379,0.00014199,292.00000000,1
1531166603252,1531166603246,4674380,0.00014214,509.00000000,0
1531166603271,1531166603266,4674381,0.00014201,490.00000000,1
1531166621069,1531166621062,4674382,0.00014227,10.00000000,0
1531166621069,1531166621062,4674383,0.00014228,69.00000000,0
1531166621890,1531166621884,4674384,0.00014192,122.00000000,1
1531166621907,1531166621901,4674385,0.00014192,493.00000000,1
1531166672657,1531166672651,4674386,0.00014196,562.00000000,1
1531166701722,1531166701716,4674387,0.00014209,656.00000000,0
1531166701742,1531166701736,4674388,0.00014209,52.00000000,1
1531166717125,1531166717119,4674389,0.00014221,8.00000000,0
1531166721862,1531166721857,4674390,0.00014211,225.00000000,0
1531166721869,1531166721864,4674391,0.00014196,143.00000000,1
1531166722074,1531166722067,4674392,0.00014210,893.00000000,0
1531166729458,1531166729452,4674393,0.00014227,30.00000000,0
1531166751382,1531166751376,4674394,0.00014235,891.00000000,0
1531166751403,1531166751397,4674395,0.00014222,450.00000000,1
1531166771519,1531166771514,4674396,0.00014248,34.00000000,0
1531166773093,1531166773088,4674397,0.00014248,34.00000000,0
1531166775254,1531166775247,4674398,0.00014248,13.00000000,0
1531166775254,1531166775247,4674399,0.00014249,21.00000000,0
1531166792016,1531166792010,4674400,0.00014249,15.00000000,0
1531166803377,1531166803372,4674401,0.00014216,311.00000000,1
1531166894014,1531166894008,4674402,0.00014256,17.00000000,0
1531166946047,1531166946041,4674403,0.00014229,75.00000000,1
1531166964610,1531166964604,4674404,0.00014250,50.00000000,1
1531167021753,1531167021748,4674405,0.00014217,512.00000000,1
1531167044262,1531167044256,4674406,0.00014217,275.00000000,1
1531167044280,1531167044274,4674407,0.00014217,295.00000000,1
1531167050283,1531167050277,4674408,0.00014217,34.00000000,0
1531167064478,1531167064473,4674409,0.00014226,552.00000000,0
1531167064496,1531167064491,4674410,0.00014226,332.00000000,1
1531167064496,1531167064491,4674411,0.00014217,89.00000000,1
1531167064517,1531167064511,4674412,0.00014217,300.00000000,1
1531167070324,1531167070317,4674413,0.00014235,153.00000000,0
1531167085720,1531167085714,4674414,0.00014235,659.00000000,0
1531167086397,1531167086391,4674415,0.00014226,395.00000000,0
1531167086413,1531167086407,4674416,0.00014218,244.00000000,1
1531167086435,1531167086429,4674417,0.00014218,172.00000000,1
1531167093347,1531167093342,4674418,0.00014218,341.00000000,1
1531167093360,1531167093355,4674419,0.00014218,253.00000000,1
1531167121927,1531167121922,4674420,0.00014226,1351.00000000,0
1531167121941,1531167121936,4674421,0.00014217,277.00000000,1
1531167121965,1531167121960,4674422,0.00014217,516.00000000,1
1531167124634,1531167124632,4674423,0.00014216,441.00000000,1
1531167146438,1531167146432,4674424,0.00014204,149.00000000,1
1531167151570,1531167151565,4674425,0.00014227,74.00000000,0
1531167161218,1531167161212,4674426,0.00014206,179.00000000,1
1531167170000,1531167169993,4674427,0.00014217,490.00000000,0
1531167179534,1531167179527,4674428,0.00014206,342.00000000,1
1531167179552,1531167179547,4674429,0.00014206,507.00000000,1
1531167181075,1531167181073,4674430,0.00014217,1.00000000,0
1531167181716,1531167181709,4674431,0.00014228,481.00000000,0
1531167181996,1531167181991,4674432,0.00014228,424.00000000,0
1531167190572,1531167190570,4674433,0.00014228,1049.00000000,0
1531167190783,1531167190776,4674434,0.00014228,1049.00000000,0
1531167190938,1531167190937,4674435,0.00014228,1239.00000000,0
1531167191137,1531167191135,4674436,0.00014228,441.00000000,1
1531167191184,1531167191182,4674437,0.00014227,1049.00000000,0
1531167191337,1531167191330,4674438,0.00014227,441.00000000,0
1531167191371,1531167191368,4674439,0.00014227,1049.00000000,0
1531167191442,1531167191436,4674440,0.00014227,1049.00000000,0
1531167191539,1531167191533,4674441,0.00014227,441.00000000,0
1531167191575,1531167191570,4674442,0.00014227,61.00000000,0
1531167191590,1531167191589,4674443,0.00014232,71.00000000,0
1531167191905,1531167191899,4674444,0.00014232,2098.00000000,0
1531167192543,1531167192538,4674445,0.00014234,355.00000000,0
1531167192606,1531167192599,4674446,0.00014227,62.00000000,1
1531167193553,1531167193546,4674447,0.00014235,1395.00000000,0
1531167198831,1531167198826,4674448,0.00014241,390.00000000,0
1531167198848,1531167198843,4674449,0.00014228,148.00000000,1
1531167240649,1531167240643,4674450,0.00014231,22.00000000,1
1531167240662,1531167240659,4674451,0.00014231,138.00000000,1
1531167243694,1531167243687,4674452,0.00014230,251.00000000,1
1531167243728,1531167243721,4674453,0.00014230,44.00000000,0
1531167253330,1531167253324,4674454,0.00014229,351.00000000,1
1531167253350,1531167253346,4674455,0.00014229,123.00000000,1
1531167266898,1531167266893,4674456,0.00014229,210.00000000,1
1531167266910,1531167266906,4674457,0.00014229,195.00000000,1
1531167272166,1531167272160,4674458,0.00014230,314.00000000,0
1531167284482,1531167284477,4674459,0.00014229,673.00000000,1
1531167284508,1531167284502,4674460,0.00014229,401.00000000,1
1531167284522,1531167284516,4674461,0.00014229,288.00000000,1
1531167292297,1531167292292,4674462,0.00014229,189.00000000,1
1531167292305,1531167292299,4674463,0.00014229,219.00000000,0
1531167292322,1531167292316,4674464,0.00014229,189.00000000,1
1531167315667,1531167315660,4674465,0.00014229,974.00000000,1
1531167315682,1531167315676,4674466,0.00014229,472.00000000,0
1531167315701,1531167315698,4674467,0.00014229,409.00000000,1
1531167315723,1531167315716,4674468,0.00014229,565.00000000,1
1531167324714,1531167324707,4674469,0.00014228,12.00000000,1
1531167337249,1531167337245,4674470,0.00014229,100.00000000,1
1531167349656,1531167349653,4674471,0.00014229,10.00000000,1
1531167356186,1531167356179,4674472,0.00014229,849.00000000,1
1531167356559,1531167356557,4674473,0.00014228,47.00000000,1
1531167373699,1531167373693,4674474,0.00014204,59.00000000,1
1531167373719,1531167373714,4674475,0.00014204,402.00000000,1
1531167383624,1531167383623,4674476,0.00014204,488.00000000,1
1531167395103,1531167395098,4674477,0.00014205,547.00000000,1
1531167401153,1531167401148,4674478,0.00014217,732.00000000,0
1531167401167,1531167401162,4674479,0.00014205,484.00000000,1
1531167401189,1531167401184,4674480,0.00014205,509.00000000,1
1531167420281,1531167420276,4674481,0.00014216,250.00000000,0
1531167420292,1531167420286,4674482,0.00014205,578.00000000,1
1531167420310,1531167420304,4674483,0.00014205,117.00000000,1
1531167434238,1531167434233,4674484,0.00014216,100.00000000,0
1531167434255,1531167434252,4674485,0.00014205,579.00000000,1
1531167434273,1531167434267,4674486,0.00014205,76.00000000,1
1531167455133,1531167455130,4674487,0.00014204,75.00000000,1
1531167455153,1531167455148,4674488,0.00014204,507.00000000,1
1531167455177,1531167455173,4674489,0.00014203,100.00000000,1
1531167456780,1531167456775,4674490,0.00014200,792.00000000,1
1531167458184,1531167458177,4674491,0.00014199,58.00000000,1
1531167459258,1531167459252,4674492,0.00014193,252.00000000,1
1531167518865,1531167518858,4674493,0.00014178,11.00000000,1
1531167532268,1531167532262,4674494,0.00014199,202.00000000,0
1531167532274,1531167532269,4674495,0.00014178,469.00000000,1
1531167532290,1531167532284,4674496,0.00014178,85.00000000,1
1531167550845,1531167550840,4674497,0.00014199,1485.00000000,0
1531167550856,1531167550850,4674498,0.00014178,594.00000000,1
1531167574972,1531167574966,4674499,0.00014199,174.00000000,0
1531167574991,1531167574985,4674500,0.00014178,62.00000000,1
1531167581523,1531167581516,4674501,0.00014177,25.00000000,1
1531167581523,1531167581516,4674502,0.00014174,59.00000000,1
1531167581523,1531167581516,4674503,0.00014160,112.00000000,1
1531167581523,1531167581516,4674504,0.00014159,295.00000000,1
1531167630764,1531167630758,4674505,0.00014196,11.00000000,0
1531167634636,1531167634630,4674506,0.00014194,9.00000000,0
1531167634892,1531167634886,4674507,0.00014161,598.00000000,1
1531167634912,1531167634906,4674508,0.00014161,87.00000000,1
1531167644558,1531167644554,4674509,0.00014189,4.00000000,0
1531167644625,1531167644620,4674510,0.00014189,4.00000000,0
1531167647402,1531167647400,4674511,0.00014160,3.00000000,1
1531167648093,1531167648088,4674512,0.00014174,156.00000000,0
1531167648105,1531167648101,4674513,0.00014160,410.00000000,1
1531167648121,1531167648120,4674514,0.00014160,103.00000000,1
1531167648173,1531167648167,4674515,0.00014160,3.00000000,0
1531167648356,1531167648351,4674516,0.00014188,3.00000000,0
1531167662169,1531167662164,4674517,0.00014174,613.00000000,0
1531167662187,1531167662181,4674518,0.00014160,302.00000000,1
1531167662203,1531167662200,4674519,0.00014160,206.00000000,1
1531167680110,1531167680105,4674520,0.00014162,205.00000000,1
1531167680128,1531167680122,4674521,0.00014162,143.00000000,1
1531167694269,1531167694262,4674522,0.00014162,8.00000000,1
1531167694598,1531167694595,4674523,0.00014162,128.00000000,0
1531167697151,1531167697146,4674524,0.00014187,2.00000000,0
1531167708923,1531167708919,4674525,0.00014174,1175.00000000,0
1531167708940,1531167708934,4674526,0.00014162,134.00000000,1
1531167708962,1531167708956,4674527,0.00014162,426.00000000,1
1531167725522,1531167725515,4674528,0.00014181,345.00000000,0
1531167725536,1531167725531,4674529,0.00014176,309.00000000,1
1531167725556,1531167725551,4674530,0.00014176,136.00000000,1
1531167729981,1531167729975,4674531,0.00014186,31.00000000,0
1531167746212,1531167746206,4674532,0.00014175,748.00000000,0
1531167746224,1531167746219,4674533,0.00014164,253.00000000,1
1531167750470,1531167750466,4674534,0.00014186,7.00000000,0
1531167760842,1531167760836,4674535,0.00014186,51.00000000,0
1531167761585,1531167761579,4674536,0.00014187,883.00000000,0
1531167763527,1531167763523,4674537,0.00014195,598.00000000,0
1531167765359,1531167765354,4674538,0.00014210,15.00000000,0
1531167766596,1531167766592,4674539,0.00014210,43.00000000,0
1531167783971,1531167783966,4674540,0.00014189,562.00000000,1
1531167783994,1531167783989,4674541,0.00014189,16.00000000,1
1531167797057,1531167797052,4674542,0.00014188,334.00000000,1
1531167797080,1531167797080,4674543,0.00014188,498.00000000,1
1531167802200,1531167802194,4674544,0.00014188,47.00000000,1
1531167802200,1531167802194,4674545,0.00014187,32.00000000,1
1531167805157,1531167805153,4674546,0.00014187,385.00000000,1
1531167819632,1531167819626,4674547,0.00014187,32.00000000,0
1531167828885,1531167828879,4674548,0.00014220,47.00000000,0
1531167828885,1531167828879,4674549,0.00014221,211.00000000,0
1531167834336,1531167834329,4674550,0.00014188,313.00000000,1
1531167834336,1531167834329,4674551,0.00014186,232.00000000,1
1531167834336,1531167834329,4674552,0.00014176,59.00000000,1
1531167834336,1531167834329,4674553,0.00014163,396.00000000,1
1531167863913,1531167863907,4674554,0.00014172,43.00000000,1
1531167863975,1531167863973,4674555,0.00014170,46.00000000,0
1531167864063,1531167864056,4674556,0.00014170,17.00000000,0
1531167864120,1531167864114,4674557,0.00014170,50.00000000,0
1531167865294,1531167865288,4674558,0.00014170,4.00000000,0
1531167865313,1531167865311,4674559,0.00014170,4.00000000,0
1531167865328,1531167865322,4674560,0.00014170,5004.00000000,0
1531167865404,1531167865398,4674561,0.00014224,4.00000000,0
1531167865422,1531167865415,4674562,0.00014224,3.00000000,0
1531167865467,1531167865463,4674563,0.00014224,2.00000000,0
1531167865495,1531167865495,4674564,0.00014224,5.00000000,0
1531167932362,1531167932356,4674565,0.00014215,676.00000000,0
1531167961060,1531167961058,4674566,0.00014166,35.00000000,1
1531167967569,1531167967563,4674567,0.00014180,38.00000000,0
1531167967583,1531167967577,4674568,0.00014164,19.00000000,1
1531167975591,1531167975585,4674569,0.00014164,327.00000000,1
1531167993184,1531167993182,4674570,0.00014180,769.00000000,0
1531167993201,1531167993196,4674571,0.00014164,353.00000000,1
1531168013164,1531168013161,4674572,0.00014164,131.00000000,1
1531168015655,1531168015651,4674573,0.00014164,7.00000000,0
1531168030839,1531168030840,4674574,0.00014163,1205.00000000,1
1531168031246,1531168031239,4674575,0.00014156,47.00000000,1
1531168031246,1531168031239,4674576,0.00014155,47.00000000,1
1531168031246,1531168031239,4674577,0.00014154,454.00000000,1
1531168031246,1531168031239,4674578,0.00014152,657.00000000,1
1531168031246,1531168031239,4674579,0.00014152,156.00000000,1
1531168038020,1531168038015,4674580,0.00014152,222.00000000,1
1531168039065,1531168039064,4674581,0.00014151,592.00000000,1
1531168040106,1531168040100,4674582,0.00014150,174.00000000,1
1531168040106,1531168040100,4674583,0.00014149,30.00000000,1
1531168047498,1531168047496,4674584,0.00014164,76.00000000,0
1531168055163,1531168055158,4674585,0.00014157,416.00000000,0
1531168055177,1531168055171,4674586,0.00014150,193.00000000,1
1531168056445,1531168056439,4674587,0.00014150,185.00000000,1
1531168056445,1531168056439,4674588,0.00014149,257.00000000,1
1531168075257,1531168075251,4674589,0.00014149,14.00000000,1
1531168075702,1531168075695,4674590,0.00014150,11.00000000,1
1531168079229,1531168079223,4674591,0.00014164,54.00000000,0
1531168083721,1531168083715,4674592,0.00014150,336.00000000,1
1531168084117,1531168084110,4674593,0.00014150,11.00000000,0
1531168089106,1531168089101,4674594,0.00014149,367.00000000,1
1531168089106,1531168089101,4674595,0.00014148,58.00000000,1
1531168089106,1531168089101,4674596,0.00014147,26.00000000,1
1531168089106,1531168089101,4674597,0.00014146,8.00000000,1
1531168089106,1531168089101,4674598,0.00014145,14.00000000,1
1531168089106,1531168089101,4674599,0.00014143,15.00000000,1
1531168089106,1531168089101,4674600,0.00014141,575.00000000,1
1531168091486,1531168091479,4674601,0.00014141,1063.00000000,1
1531168093244,1531168093238,4674602,0.00014141,2706.00000000,1
1531168094432,1531168094427,4674603,0.00014149,14.00000000,0
1531168094523,1531168094517,4674604,0.00014149,22.00000000,0
1531168105565,1531168105560,4674605,0.00014142,164.00000000,1
1531168105583,1531168105579,4674606,0.00014142,511.00000000,1
1531168106653,1531168106648,4674607,0.00014141,187.00000000,1
1531168107651,1531168107648,4674608,0.00014140,965.00000000,1
1531168108650,1531168108643,4674609,0.00014138,15.00000000,1
1531168109652,1531168109652,4674610,0.00014137,45.00000000,1
1531168110943,1531168110944,4674611,0.00014136,15.00000000,1
1531168115228,1531168115224,4674612,0.00014157,20.00000000,0
1531168119607,1531168119601,4674613,0.00014154,53.00000000,0
1531168124697,1531168124691,4674614,0.00014153,3.00000000,0
1531168124775,1531168124772,4674615,0.00014153,4.00000000,0
1531168124961,1531168124956,4674616,0.00014153,2.00000000,0
1531168124961,1531168124956,4674617,0.00014154,1.00000000,0
1531168125051,1531168125045,4674618,0.00014160,3.00000000,0
1531168125241,1531168125236,4674619,0.00014160,4.00000000,0
1531168125420,1531168125415,4674620,0.00014160,3.00000000,0
1531168128076,1531168128072,4674621,0.00014125,36.00000000,1
1531168140729,1531168140724,4674622,0.00014161,14.00000000,0
1531168145879,1531168145874,4674623,0.00014142,889.00000000,0
1531168145900,1531168145894,4674624,0.00014126,353.00000000,1
1531168151201,1531168151196,4674625,0.00014126,551.00000000,1
1531168155375,1531168155372,4674626,0.00014126,15.00000000,0
1531168165414,1531168165409,4674627,0.00014141,451.00000000,0
1531168165431,1531168165425,4674628,0.00014124,211.00000000,1
1531168174751,1531168174745,4674629,0.00014123,50.00000000,1
1531168183887,1531168183882,4674630,0.00014124,9.00000000,1
1531168183904,1531168183898,4674631,0.00014124,451.00000000,1
1531168188482,1531168188475,4674632,0.00014159,61.00000000,0
1531168202487,1531168202482,4674633,0.00014124,279.00000000,1
1531168213547,1531168213542,4674634,0.00014141,136.00000000,0
1531168213557,1531168213551,4674635,0.00014124,81.00000000,1
1531168232376,1531168232370,4674636,0.00014156,1.00000000,0
1531168234155,1531168234149,4674637,0.00014140,1284.00000000,0
1531168234166,1531168234161,4674638,0.00014124,434.00000000,1
1531168234188,1531168234187,4674639,0.00014124,498.00000000,1
1531168237574,1531168237569,4674640,0.00014123,20.00000000,1
1531168251885,1531168251881,4674641,0.00014140,283.00000000,0
1531168251895,1531168251889,4674642,0.00014124,177.00000000,1
1531168266644,1531168266640,4674643,0.00014140,531.00000000,0
1531168266654,1531168266648,4674644,0.00014124,235.00000000,1
1531168275265,1531168275258,4674645,0.00014156,173.00000000,0
1531168285696,1531168285691,4674646,0.00014140,174.00000000,0
1531168285709,1531168285703,4674647,0.00014124,171.00000000,1
1531168302028,1531168302021,4674648,0.00014130,96.00000000,1
1531168302051,1531168302045,4674649,0.00014130,519.00000000,1
1531168309922,1531168309918,4674650,0.00014149,6.00000000,0
1531168312247,1531168312242,4674651,0.00014130,276.00000000,1
1531168312269,1531168312265,4674652,0.00014130,552.00000000,1
1531168334191,1531168334191,4674653,0.00014124,312.00000000,1
1531168334204,1531168334199,4674654,0.00014124,169.00000000,1
1531168347482,1531168347478,4674655,0.00014139,801.00000000,0
1531168347490,1531168347485,4674656,0.00014129,549.00000000,1
1531168371318,1531168371313,4674657,0.00014139,1539.00000000,0
1531168371336,1531168371331,4674658,0.00014129,566.00000000,1
1531168388335,1531168388333,4674659,0.00014133,185.00000000,1
1531168388664,1531168388658,4674660,0.00014133,189.00000000,1
1531168390016,1531168390010,4674661,0.00014133,2.00000000,0
1531168390086,1531168390086,4674662,0.00014133,4.00000000,0
1531168390154,1531168390150,4674663,0.00014133,4.00000000,0
1531168390227,1531168390225,4674664,0.00014133,3.00000000,0
1531168397278,1531168397272,4674665,0.00014133,172.00000000,0
1531168402105,1531168402100,4674666,0.00014149,18.00000000,0
1531168405834,1531168405829,4674667,0.00014149,44.00000000,0
1531168414898,1531168414893,4674668,0.00014137,404.00000000,1
1531168414947,1531168414941,4674669,0.00014136,14.00000000,1
1531168414947,1531168414941,4674670,0.00014128,14.00000000,1
1531168421052,1531168421047,4674671,0.00014149,1.00000000,0
1531168431144,1531168431141,4674672,0.00014139,200.00000000,0
1531168431154,1531168431148,4674673,0.00014129,167.00000000,1
1531168440318,1531168440311,4674674,0.00014139,133.00000000,0
1531168440325,1531168440320,4674675,0.00014129,346.00000000,1
1531168440341,1531168440338,4674676,0.00014129,77.00000000,1
1531168452832,1531168452825,4674677,0.00014133,266.00000000,1
1531168452832,1531168452825,4674678,0.00014132,15.00000000,1
1531168452832,1531168452825,4674679,0.00014128,1034.00000000,1
1531168452832,1531168452825,4674680,0.00014123,123.00000000,1
1531168465698,1531168465693,4674681,0.00014124,129.00000000,1
1531168483192,1531168483188,4674682,0.00014124,231.00000000,1
1531168483206,1531168483203,4674683,0.00014124,366.00000000,1
1531168503348,1531168503343,4674684,0.00014139,891.00000000,0
1531168503362,1531168503356,4674685,0.00014129,573.00000000,1
1531168503382,1531168503377,4674686,0.00014129,501.00000000,1
1531168513214,1531168513209,4674687,0.00014139,765.00000000,0
1531168513221,1531168513215,4674688,0.00014129,353.00000000,1
1531168513236,1531168513231,4674689,0.00014129,416.00000000,1
1531168528522,1531168528516,4674690,0.00014141,573.00000000,0
1531168528529,1531168528526,4674691,0.00014134,247.00000000,1
1531168528547,1531168528546,4674692,0.00014134,404.00000000,1
1531168547634,1531168547627,4674693,0.00014131,140.00000000,1
1531168564103,1531168564098,4674694,0.00014135,154.00000000,1
1531168580824,1531168580818,4674695,0.00014135,233.00000000,1
1531168580824,1531168580818,4674696,0.00014134,8.00000000,1
1531168580824,1531168580818,4674697,0.00014130,84.00000000,1
1531168583728,1531168583722,4674698,0.00014133,15.00000000,1
1531168583728,1531168583722,4674699,0.00014130,93.00000000,1
1531168595458,1531168595453,4674700,0.00014148,507.00000000,0
1531168601188,1531168601183,4674701,0.00014130,11.00000000,1
1531168620455,1531168620450,4674702,0.00014139,1008.00000000,0
1531168620464,1531168620458,4674703,0.00014131,123.00000000,1
1531168620484,1531168620477,4674704,0.00014131,382.00000000,1
1531168620794,1531168620788,4674705,0.00014148,1.00000000,0
1531168622657,1531168622652,4674706,0.00014133,15.00000000,1
1531168622657,1531168622652,4674707,0.00014130,497.00000000,1
1531168624222,1531168624216,4674708,0.00014130,41.00000000,1
1531168636935,1531168636934,4674709,0.00014130,227.00000000,1
1531168637417,1531168637410,4674710,0.00014130,33.00000000,1
1531168639557,1531168639551,4674711,0.00014138,954.00000000,0
1531168639572,1531168639567,4674712,0.00014147,484.00000000,0
1531168639590,1531168639585,4674713,0.00014147,415.00000000,0
1531168650840,1531168650835,4674714,0.00014131,541.00000000,1
1531168650840,1531168650835,4674715,0.00014130,77.00000000,1
1531168652222,1531168652215,4674716,0.00014131,13.00000000,0
1531168664409,1531168664402,4674717,0.00014148,10.00000000,0
1531168670668,1531168670662,4674718,0.00014139,132.00000000,0
1531168670683,1531168670677,4674719,0.00014131,61.00000000,1
1531168674629,1531168674624,4674720,0.00014130,74.00000000,1
1531168678663,1531168678657,4674721,0.00014147,559.00000000,0
1531168678686,1531168678681,4674722,0.00014147,303.00000000,0
1531168682529,1531168682522,4674723,0.00014130,38.00000000,1
1531168683621,1531168683615,4674724,0.00014133,14.00000000,1
1531168683621,1531168683615,4674725,0.00014130,265.00000000,1
1531168686942,1531168686936,4674726,0.00014147,108.00000000,0
1531168686964,1531168686958,4674727,0.00014147,191.00000000,0
1531168703527,1531168703523,4674728,0.00014138,1297.00000000,0
1531168703542,1531168703536,4674729,0.00014147,564.00000000,0
1531168721033,1531168721028,4674730,0.00014138,422.00000000,0
1531168721047,1531168721042,4674731,0.00014146,417.00000000,0
1531168721062,1531168721059,4674732,0.00014146,179.00000000,0
1531168741762,1531168741756,4674733,0.00014134,390.00000000,1
1531168741784,1531168741780,4674734,0.00014134,27.00000000,1
1531168749318,1531168749312,4674735,0.00014133,12.00000000,1
1531168758541,1531168758534,4674736,0.00014144,423.00000000,0
1531168758556,1531168758551,4674737,0.00014144,342.00000000,0
1531168775408,1531168775402,4674738,0.00014142,114.00000000,0
1531168775426,1531168775422,4674739,0.00014142,341.00000000,0
1531168788102,1531168788096,4674740,0.00014137,1322.00000000,0
1531168788113,1531168788110,4674741,0.00014142,217.00000000,0
1531168788137,1531168788131,4674742,0.00014142,529.00000000,0
1531168788827,1531168788821,4674743,0.00014143,1471.00000000,0
1531168790277,1531168790269,4674744,0.00014136,13.00000000,1
1531168815622,1531168815617,4674745,0.00014131,8.00000000,1
1531168815644,1531168815639,4674746,0.00014131,544.00000000,1
1531168822911,1531168822906,4674747,0.00014131,240.00000000,1
1531168822926,1531168822920,4674748,0.00014131,575.00000000,1
1531168840481,1531168840476,4674749,0.00014140,463.00000000,0
1531168840491,1531168840486,4674750,0.00014148,301.00000000,0
1531168859016,1531168859010,4674751,0.00014131,471.00000000,1
1531168859038,1531168859033,4674752,0.00014131,398.00000000,1
1531168874151,1531168874146,4674753,0.00014149,12.00000000,0
1531168883832,1531168883827,4674754,0.00014134,125.00000000,1
1531168900103,1531168900098,4674755,0.00014140,383.00000000,0
1531168900110,1531168900105,4674756,0.00014131,182.00000000,1
1531168900137,1531168900131,4674757,0.00014131,190.00000000,1
1531168908804,1531168908797,4674758,0.00014133,15.00000000,1
1531168908804,1531168908797,4674759,0.00014130,3.00000000,1
1531168908804,1531168908797,4674760,0.00014118,36.00000000,1
1531168908804,1531168908797,4674761,0.00014114,15.00000000,1
1531168908804,1531168908797,4674762,0.00014113,872.00000000,1
1531168922247,1531168922241,4674763,0.00014129,1031.00000000,0
1531168922254,1531168922250,4674764,0.00014147,491.00000000,0
1531168935392,1531168935386,4674765,0.00014147,505.00000000,0
1531168941310,1531168941305,4674766,0.00014149,1.00000000,0
1531168943686,1531168943680,4674767,0.00014158,1.00000000,0
1531168970571,1531168970565,4674768,0.00014138,1216.00000000,0
1531168970586,1531168970581,4674769,0.00014120,479.00000000,1
1531168982555,1531168982553,4674770,0.00014122,523.00000000,1
1531168998993,1531168998987,4674771,0.00014156,302.00000000,0
1531169046651,1531169046645,4674772,0.00014151,191.00000000,0
1531169046661,1531169046657,4674773,0.00014151,498.00000000,0
1531169059671,1531169059666,4674774,0.00014153,12.00000000,0
1531169062966,1531169062961,4674775,0.00014137,911.00000000,0
1531169062977,1531169062972,4674776,0.00014122,552.00000000,1
1531169062993,1531169062988,4674777,0.00014122,549.00000000,1
1531169109810,1531169109806,4674778,0.00014113,257.00000000,1
1531169124151,1531169124147,4674779,0.00014132,306.00000000,0
1531169124163,1531169124159,4674780,0.00014119,440.00000000,1
1531169124183,1531169124177,4674781,0.00014119,176.00000000,1
1531169140666,1531169140661,4674782,0.00014131,1117.00000000,0
1531169140685,1531169140680,4674783,0.00014144,13.00000000,0
1531169140709,1531169140704,4674784,0.00014144,408.00000000,0
1531169153963,1531169153959,4674785,0.00014144,218.00000000,0
1531169153994,1531169153988,4674786,0.00014144,372.00000000,0
1531169157174,1531169157167,4674787,0.00014144,10.00000000,0
1531169161020,1531169161014,4674788,0.00014144,138.00000000,0
1531169161035,1531169161029,4674789,0.00014144,477.00000000,0
1531169161155,1531169161149,4674790,0.00014144,10.00000000,1
1531169165627,1531169165621,4674791,0.00014145,1.00000000,0
1531169179995,1531169179992,4674792,0.00014113,174.00000000,1
1531169184236,1531169184230,4674793,0.00014144,178.00000000,0
1531169199117,1531169199112,4674794,0.00014145,1.00000000,0
1531169227618,1531169227613,4674795,0.00014122,342.00000000,1
1531169231163,1531169231157,4674796,0.00014144,517.00000000,0
1531169231163,1531169231157,4674797,0.00014145,95.00000000,0
1531169242115,1531169242113,4674798,0.00014145,70.00000000,0
1531169243113,1531169243109,4674799,0.00014127,83.00000000,1
1531169261980,1531169261973,4674800,0.00014127,50.00000000,1
1531169262000,1531169261996,4674801,0.00014127,80.00000000,1
1531169281621,1531169281617,4674802,0.00014134,800.00000000,0
1531169281810,1531169281805,4674803,0.00014144,288.00000000,0
1531169284364,1531169284356,4674804,0.00014127,4.00000000,0
1531169284409,1531169284405,4674805,0.00014127,4.00000000,0
1531169284443,1531169284437,4674806,0.00014127,5.00000000,0
1531169284473,1531169284466,4674807,0.00014127,4.00000000,0
1531169289579,1531169289577,4674808,0.00014126,4.00000000,0
1531169290303,1531169290288,4674809,0.00014125,15.00000000,1
1531169292820,1531169292816,4674810,0.00014121,464.00000000,1
1531169293135,1531169293131,4674811,0.00014119,599.00000000,0
1531169293152,1531169293146,4674812,0.00014126,223.00000000,0
1531169295819,1531169295813,4674813,0.00014126,19.00000000,1
1531169306194,1531169306188,4674814,0.00014114,235.00000000,1
1531169306205,1531169306201,4674815,0.00014114,131.00000000,1
1531169310826,1531169310821,4674816,0.00014113,166.00000000,1
1531169312823,1531169312816,4674817,0.00014112,11.00000000,1
1531169319829,1531169319825,4674818,0.00014126,122.00000000,0
1531169329226,1531169329222,4674819,0.00014127,14.00000000,0
1531169335970,1531169335965,4674820,0.00014127,44.00000000,0
1531169350863,1531169350857,4674821,0.00014122,493.00000000,1
1531169350890,1531169350884,4674822,0.00014122,52.00000000,1
1531169363068,1531169363062,4674823,0.00014122,269.00000000,1
1531169363581,1531169363576,4674824,0.00014121,3974.00000000,1
1531169363608,1531169363602,4674825,0.00014121,26.00000000,1
1531169365817,1531169365813,4674826,0.00014113,15.00000000,1
1531169384699,1531169384694,4674827,0.00014127,707.00000000,0
1531169384706,1531169384701,4674828,0.00014111,313.00000000,1
1531169386790,1531169386785,4674829,0.00014110,371.00000000,1
1531169386790,1531169386785,4674830,0.00014108,8.00000000,1
1531169386790,1531169386785,4674831,0.00014105,64.00000000,1
1531169386790,1531169386785,4674832,0.00014101,756.00000000,1
1531169389132,1531169389124,4674833,0.00014102,50.00000000,1
1531169389132,1531169389124,4674834,0.00014101,3788.00000000,1
1531169389132,1531169389124,4674835,0.00014100,9087.00000000,1
1531169389155,1531169389151,4674836,0.00014100,160.00000000,0
1531169389184,1531169389180,4674837,0.00014100,161.00000000,0
1531169389295,1531169389290,4674838,0.00014100,283.00000000,0
1531169389392,1531169389387,4674839,0.00014100,8.00000000,0
1531169389648,1531169389643,4674840,0.00014100,161.00000000,0
1531169389670,1531169389664,4674841,0.00014100,41.00000000,0
1531169389742,1531169389735,4674842,0.00014100,18.00000000,0
1531169389828,1531169389824,4674843,0.00014099,52.00000000,1
1531169389874,1531169389868,4674844,0.00014097,50.00000000,0
1531169389917,1531169389911,4674845,0.00014100,133.00000000,0
1531169389980,1531169389974,4674846,0.00014100,14.00000000,0
1531169390887,1531169390881,4674847,0.00014097,10.00000000,1
1531169391945,1531169391939,4674848,0.00014096,48.00000000,1
1531169393010,1531169393004,4674849,0.00014095,8.00000000,1
1531169393048,1531169393042,4674850,0.00014099,3.00000000,0
1531169393092,1531169393086,4674851,0.00014099,4.00000000,0
1531169393131,1531169393126,4674852,0.00014099,3.00000000,0
1531169393159,1531169393152,4674853,0.00014099,3.00000000,0
1531169393205,1531169393203,4674854,0.00014099,3.00000000,0
1531169393260,1531169393251,4674855,0.00014099,4.00000000,0
1531169393277,1531169393271,4674856,0.00014099,2.00000000,0
1531169393311,1531169393305,4674857,0.00014099,6.00000000,0
1531169393379,1531169393375,4674858,0.00014099,6.00000000,0
1531169393441,1531169393437,4674859,0.00014099,3.00000000,0
1531169394009,1531169394002,4674860,0.00014096,68.00000000,0
1531169394033,1531169394028,4674861,0.00014092,14.00000000,1
1531169394126,1531169394120,4674862,0.00014092,14.00000000,1
1531169395236,1531169395229,4674863,0.00014095,23.00000000,0
1531169395262,1531169395256,4674864,0.00014093,14.00000000,1
1531169396528,1531169396521,4674865,0.00014092,461.00000000,1
1531169397565,1531169397559,4674866,0.00014091,30.00000000,1
1531169397914,1531169397908,4674867,0.00014095,4.00000000,0
1531169398338,1531169398330,4674868,0.00014095,23.00000000,0
1531169398338,1531169398330,4674869,0.00014096,1.00000000,0
1531169398338,1531169398330,4674870,0.00014099,51.00000000,0
1531169398618,1531169398612,4674871,0.00014089,16.00000000,1
1531169398686,1531169398682,4674872,0.00014085,67.00000000,0
