event_time,trade_time,trade_id,price,quantity,maker
1531160274499,1531160274495,2607957,0.00001601,310.00000000,0
1531160274528,1531160274525,2607958,0.00001601,310.00000000,0
1531160274537,1531160274534,2607959,0.00001601,259.00000000,0
1531160274554,1531160274550,2607960,0.00001601,1308.00000000,0
1531160274696,1531160274693,2607961,0.00001601,52.00000000,0
1531160275007,1531160275003,2607962,0.00001602,334.00000000,1
1531160275007,1531160275003,2607963,0.00001600,1791.00000000,1
1531160278125,1531160278121,2607964,0.00001608,110.00000000,0
1531160278498,1531160278493,2607965,0.00001601,404.00000000,1
1531160278498,1531160278493,2607966,0.00001600,6167.00000000,1
1531160281136,1531160281132,2607967,0.00001600,3081.00000000,1
1531160285464,1531160285461,2607968,0.00001601,2309.00000000,0
1531160287166,1531160287163,2607969,0.00001600,276.00000000,1
1531160288006,1531160288005,2607970,0.00001600,432.00000000,1
1531160288096,1531160288096,2607971,0.00001601,834.00000000,0
1531160288722,1531160288719,2607972,0.00001601,302.00000000,0
1531160289589,1531160289587,2607973,0.00001601,394.00000000,0
1531160292585,1531160292585,2607974,0.00001601,136.00000000,0
1531160292892,1531160292891,2607975,0.00001601,1445.00000000,0
1531160299125,1531160299122,2607976,0.00001601,64.00000000,0
1531160299509,1531160299505,2607977,0.00001600,64.00000000,1
1531160301484,1531160301481,2607978,0.00001600,1726.00000000,1
1531160308105,1531160308101,2607979,0.00001601,68.00000000,0
1531160308802,1531160308799,2607980,0.00001601,230.00000000,0
1531160317405,1531160317402,2607981,0.00001600,4260.00000000,1
1531160331222,1531160331214,2607982,0.00001599,119.00000000,1
1531160331222,1531160331214,2607983,0.00001598,126.00000000,1
1531160331222,1531160331214,2607984,0.00001597,126.00000000,1
1531160331222,1531160331214,2607985,0.00001596,459.00000000,1
1531160331222,1531160331214,2607986,0.00001595,126.00000000,1
1531160331222,1531160331214,2607987,0.00001594,2524.00000000,1
1531160331222,1531160331214,2607988,0.00001593,335.00000000,1
1531160331223,1531160331214,2607989,0.00001592,444.00000000,1
1531160331223,1531160331214,2607990,0.00001591,281.00000000,1
1531160331223,1531160331214,2607991,0.00001590,3252.00000000,1
1531160331223,1531160331214,2607992,0.00001589,1729.00000000,1
1531160331223,1531160331214,2607993,0.00001588,904.00000000,1
1531160331223,1531160331214,2607994,0.00001588,322.00000000,1
1531160331242,1531160331239,2607995,0.00001589,3149.00000000,0
1531160331258,1531160331254,2607996,0.00001589,4461.00000000,0
1531160331468,1531160331464,2607997,0.00001589,737.00000000,0
1531160331686,1531160331682,2607998,0.00001589,1068.00000000,0
1531160332231,1531160332228,2607999,0.00001589,10327.00000000,0
1531160332508,1531160332507,2608000,0.00001595,11.00000000,0
1531160333281,1531160333277,2608001,0.00001595,2.00000000,0
1531160333396,1531160333391,2608002,0.00001589,4463.00000000,1
1531160338420,1531160338417,2608003,0.00001592,11.00000000,0
1531160339170,1531160339167,2608004,0.00001592,359.00000000,0
1531160340686,1531160340681,2608005,0.00001594,150.00000000,0
1531160340686,1531160340681,2608006,0.00001595,485.00000000,0
1531160344048,1531160344045,2608007,0.00001595,370.00000000,0
1531160352260,1531160352257,2608008,0.00001595,537.00000000,0
1531160354125,1531160354122,2608009,0.00001599,536.00000000,0
1531160354135,1531160354135,2608010,0.00001599,538.00000000,0
1531160360482,1531160360477,2608011,0.00001590,6835.00000000,1
1531160360482,1531160360477,2608012,0.00001589,2838.00000000,1
1531160360482,1531160360477,2608013,0.00001588,586.00000000,1
1531160360482,1531160360477,2608014,0.00001587,20105.00000000,1
1531160360482,1531160360477,2608015,0.00001586,345.00000000,1
1531160360502,1531160360499,2608016,0.00001586,469.00000000,0
1531160360502,1531160360499,2608017,0.00001587,1600.00000000,0
1531160360508,1531160360505,2608018,0.00001587,1067.00000000,0
1531160360530,1531160360528,2608019,0.00001597,153.00000000,0
1531160360530,1531160360528,2608020,0.00001599,1447.00000000,0
1531160360707,1531160360703,2608021,0.00001590,948.00000000,0
1531160360709,1531160360705,2608022,0.00001590,948.00000000,0
1531160368530,1531160368527,2608023,0.00001596,65.00000000,0
1531160376793,1531160376790,2608024,0.00001596,352.00000000,0
1531160378309,1531160378305,2608025,0.00001596,4780.00000000,0
1531160378309,1531160378305,2608026,0.00001597,370.00000000,0
1531160378309,1531160378305,2608027,0.00001598,3653.00000000,0
1531160378309,1531160378305,2608028,0.00001600,4260.00000000,0
1531160378309,1531160378305,2608029,0.00001601,1937.00000000,0
1531160381710,1531160381708,2608030,0.00001592,1.00000000,1
1531160387980,1531160387975,2608031,0.00001594,384.00000000,1
1531160391108,1531160391104,2608032,0.00001600,383.00000000,0
1531160396501,1531160396497,2608033,0.00001600,1.00000000,0
1531160403482,1531160403479,2608034,0.00001601,2820.00000000,0
1531160409093,1531160409089,2608035,0.00001601,1311.00000000,0
1531160409791,1531160409788,2608036,0.00001601,1279.00000000,0
1531160414018,1531160414016,2608037,0.00001601,3094.00000000,1
1531160420927,1531160420923,2608038,0.00001602,64.00000000,0
1531160440267,1531160440266,2608039,0.00001601,500.00000000,1
1531160455052,1531160455050,2608040,0.00001602,250.00000000,0
1531160482809,1531160482806,2608041,0.00001608,47.00000000,1
1531160482809,1531160482806,2608042,0.00001602,1286.00000000,1
1531160482809,1531160482806,2608043,0.00001601,1812.00000000,1
1531160482809,1531160482806,2608044,0.00001600,39.00000000,1
1531160487681,1531160487677,2608045,0.00001601,440.00000000,1
1531160492277,1531160492273,2608046,0.00001600,9961.00000000,1
1531160496699,1531160496695,2608047,0.00001599,92.00000000,0
1531160497255,1531160497253,2608048,0.00001599,2379.00000000,0
1531160501849,1531160501849,2608049,0.00001599,64.00000000,0
1531160513967,1531160513962,2608050,0.00001598,440.00000000,0
1531160529040,1531160529036,2608051,0.00001598,5646.00000000,1
1531160529040,1531160529036,2608052,0.00001597,126.00000000,1
1531160529040,1531160529036,2608053,0.00001594,126.00000000,1
1531160529040,1531160529036,2608054,0.00001593,256.00000000,1
1531160529040,1531160529036,2608055,0.00001591,126.00000000,1
1531160529040,1531160529036,2608056,0.00001590,802.00000000,1
1531160529040,1531160529036,2608057,0.00001589,4882.00000000,1
1531160530418,1531160530415,2608058,0.00001599,681.00000000,0
1531160532397,1531160532394,2608059,0.00001591,99.00000000,1
1531160540770,1531160540766,2608060,0.00001597,317.00000000,0
1531160540849,1531160540846,2608061,0.00001589,218.00000000,1
1531160541628,1531160541624,2608062,0.00001589,71.00000000,1
1531160541628,1531160541624,2608063,0.00001588,6360.00000000,1
1531160541628,1531160541624,2608064,0.00001587,127.00000000,1
1531160541628,1531160541624,2608065,0.00001586,10519.00000000,1
1531160542570,1531160542566,2608066,0.00001597,687.00000000,0
1531160551495,1531160551493,2608067,0.00001596,289.00000000,0
1531160551541,1531160551537,2608068,0.00001598,634.00000000,0
1531160571592,1531160571590,2608069,0.00001598,1000.00000000,0
1531160579239,1531160579234,2608070,0.00001592,405.00000000,1
1531160579239,1531160579234,2608071,0.00001586,5191.00000000,1
1531160579239,1531160579234,2608072,0.00001585,7874.00000000,1
1531160579239,1531160579234,2608073,0.00001584,330.00000000,1
1531160579239,1531160579234,2608074,0.00001584,100.00000000,1
1531160598099,1531160598095,2608075,0.00001589,992.00000000,1
1531160598099,1531160598095,2608076,0.00001588,94.00000000,1
1531160598099,1531160598095,2608077,0.00001586,1734.00000000,1
1531160603412,1531160603409,2608078,0.00001593,496.00000000,0
1531160603754,1531160603751,2608079,0.00001593,204.00000000,1
1531160605161,1531160605158,2608080,0.00001593,201.00000000,0
1531160606428,1531160606424,2608081,0.00001593,168.00000000,1
1531160606817,1531160606813,2608082,0.00001594,496.00000000,0
1531160606817,1531160606813,2608083,0.00001597,385.00000000,0
1531160606817,1531160606813,2608084,0.00001598,94.00000000,0
1531160606817,1531160606813,2608085,0.00001599,221.00000000,0
1531160606839,1531160606835,2608086,0.00001600,63.00000000,1
1531160637921,1531160637917,2608087,0.00001600,497.00000000,1
1531160637925,1531160637922,2608088,0.00001600,5229.00000000,1
1531160637927,1531160637923,2608089,0.00001600,3015.00000000,1
1531160637927,1531160637923,2608090,0.00001593,196.00000000,1
1531160637927,1531160637923,2608091,0.00001588,891.00000000,1
1531160637927,1531160637923,2608092,0.00001586,868.00000000,1
1531160637927,1531160637923,2608093,0.00001585,259.00000000,1
1531160637997,1531160637996,2608094,0.00001585,54.00000000,1
1531160658495,1531160658491,2608095,0.00001601,79.00000000,0
1531160663828,1531160663825,2608096,0.00001601,64.00000000,0
1531160664132,1531160664127,2608097,0.00001601,64.00000000,0
1531160669596,1531160669591,2608098,0.00001600,94.00000000,1
1531160669657,1531160669654,2608099,0.00001596,94.00000000,1
1531160669657,1531160669654,2608100,0.00001591,6151.00000000,1
1531160669860,1531160669856,2608101,0.00001591,4633.00000000,1
1531160669860,1531160669856,2608102,0.00001589,63.00000000,1
1531160669917,1531160669913,2608103,0.00001589,499.00000000,0
1531160669974,1531160669972,2608104,0.00001589,81.00000000,0
1531160670047,1531160670044,2608105,0.00001589,579.00000000,0
1531160670304,1531160670299,2608106,0.00001587,4617.00000000,1
1531160670304,1531160670299,2608107,0.00001586,79.00000000,1
1531160670458,1531160670454,2608108,0.00001585,13394.00000000,1
1531160670538,1531160670530,2608109,0.00001585,7929.00000000,1
1531160670538,1531160670530,2608110,0.00001584,6467.00000000,1
1531160670538,1531160670530,2608111,0.00001583,3584.00000000,1
1531160670538,1531160670530,2608112,0.00001582,1449.00000000,1
1531160670538,1531160670530,2608113,0.00001581,1518.00000000,1
1531160670784,1531160670781,2608114,0.00001581,7929.00000000,1
1531160670917,1531160670911,2608115,0.00001581,8058.00000000,1
1531160670917,1531160670911,2608116,0.00001580,12314.00000000,1
1531160670917,1531160670911,2608117,0.00001579,1973.00000000,1
1531160670917,1531160670911,2608118,0.00001579,1207.00000000,1
1531160670917,1531160670911,2608119,0.00001579,326.00000000,1
1531160671572,1531160671569,2608120,0.00001581,11.00000000,1
1531160671858,1531160671854,2608121,0.00001580,2345.00000000,1
1531160671858,1531160671854,2608122,0.00001579,2929.00000000,1
1531160672387,1531160672383,2608123,0.00001579,13929.00000000,1
1531160672831,1531160672826,2608124,0.00001585,551.00000000,0
1531160673619,1531160673616,2608125,0.00001580,3.00000000,1
1531160675219,1531160675215,2608126,0.00001583,739.00000000,0
1531160675702,1531160675697,2608127,0.00001579,3.00000000,1
1531160676912,1531160676909,2608128,0.00001582,375.00000000,0
1531160677394,1531160677391,2608129,0.00001580,97.00000000,0
1531160679195,1531160679194,2608130,0.00001580,344.00000000,0
1531160679201,1531160679197,2608131,0.00001579,281.00000000,1
1531160679230,1531160679226,2608132,0.00001579,439.00000000,0
1531160679574,1531160679570,2608133,0.00001579,2214.00000000,0
1531160680196,1531160680193,2608134,0.00001578,128.00000000,1
1531160680741,1531160680736,2608135,0.00001578,95.00000000,0
1531160681204,1531160681200,2608136,0.00001577,861.00000000,1
1531160681630,1531160681625,2608137,0.00001577,1871.00000000,0
1531160681727,1531160681723,2608138,0.00001577,95.00000000,0
1531160682270,1531160682266,2608139,0.00001577,24.00000000,0
1531160682270,1531160682266,2608140,0.00001578,575.00000000,0
1531160683419,1531160683416,2608141,0.00001584,595.00000000,0
1531160687778,1531160687777,2608142,0.00001584,144.00000000,0
1531160689365,1531160689360,2608143,0.00001584,71.00000000,0
1531160691472,1531160691469,2608144,0.00001584,455.00000000,0
1531160694151,1531160694147,2608145,0.00001584,629.00000000,0
1531160694164,1531160694161,2608146,0.00001584,353.00000000,0
1531160695938,1531160695934,2608147,0.00001585,95.00000000,0
1531160705718,1531160705714,2608148,0.00001584,353.00000000,1
1531160706585,1531160706582,2608149,0.00001583,1166.00000000,1
1531160706585,1531160706582,2608150,0.00001580,1847.00000000,1
1531160706585,1531160706582,2608151,0.00001576,67.00000000,1
1531160710390,1531160710386,2608152,0.00001580,934.00000000,0
1531160710682,1531160710680,2608153,0.00001580,1558.00000000,0
1531160710947,1531160710946,2608154,0.00001580,123.00000000,0
1531160710958,1531160710954,2608155,0.00001580,341.00000000,0
1531160711151,1531160711146,2608156,0.00001580,124.00000000,0
1531160712101,1531160712098,2608157,0.00001580,522.00000000,1
1531160765664,1531160765662,2608158,0.00001583,128.00000000,0
1531160782251,1531160782247,2608159,0.00001582,196.00000000,1
1531160782251,1531160782247,2608160,0.00001580,232.00000000,1
1531160782251,1531160782247,2608161,0.00001578,1839.00000000,1
1531160807891,1531160807887,2608162,0.00001581,454.00000000,0
1531160810601,1531160810597,2608163,0.00001581,322.00000000,0
1531160817817,1531160817814,2608164,0.00001581,558.00000000,0
1531160820329,1531160820325,2608165,0.00001581,215.00000000,0
1531160820329,1531160820325,2608166,0.00001582,269.00000000,0
1531160835277,1531160835275,2608167,0.00001581,484.00000000,0
1531160840849,1531160840844,2608168,0.00001578,884.00000000,1
1531160843422,1531160843419,2608169,0.00001578,484.00000000,0
1531160850758,1531160850755,2608170,0.00001577,776.00000000,1
1531160851359,1531160851354,2608171,0.00001578,46.00000000,0
1531160853947,1531160853944,2608172,0.00001578,373.00000000,0
1531160855053,1531160855049,2608173,0.00001578,78.00000000,0
1531160861155,1531160861151,2608174,0.00001577,743.00000000,1
1531160864696,1531160864692,2608175,0.00001577,30.00000000,0
1531160864696,1531160864692,2608176,0.00001578,45.00000000,0
1531160886309,1531160886305,2608177,0.00001577,129.00000000,0
1531160892061,1531160892058,2608178,0.00001577,98.00000000,0
1531160897807,1531160897803,2608179,0.00001577,454.00000000,0
1531160903170,1531160903165,2608180,0.00001577,91.00000000,0
1531160903170,1531160903165,2608181,0.00001578,3658.00000000,0
1531160911559,1531160911554,2608182,0.00001582,137.00000000,1
1531160919726,1531160919722,2608183,0.00001576,688.00000000,1
1531160919726,1531160919722,2608184,0.00001575,1920.00000000,1
1531160933400,1531160933396,2608185,0.00001577,1473.00000000,1
1531160937653,1531160937649,2608186,0.00001582,218.00000000,0
1531160946843,1531160946836,2608187,0.00001582,418.00000000,0
1531160946843,1531160946836,2608188,0.00001583,284.00000000,0
1531160946843,1531160946836,2608189,0.00001585,3857.00000000,0
1531160946843,1531160946836,2608190,0.00001586,940.00000000,0
1531160950493,1531160950487,2608191,0.00001587,2297.00000000,0
1531160955204,1531160955199,2608192,0.00001587,543.00000000,0
1531160955328,1531160955322,2608193,0.00001587,190.00000000,0
1531160955328,1531160955322,2608194,0.00001589,5308.00000000,0
1531160955328,1531160955322,2608195,0.00001590,6844.00000000,0
1531160955988,1531160955984,2608196,0.00001590,82.00000000,0
1531160960477,1531160960473,2608197,0.00001588,374.00000000,0
1531160960827,1531160960824,2608198,0.00001590,12074.00000000,0
1531160960870,1531160960869,2608199,0.00001590,333.00000000,1
1531160963577,1531160963572,2608200,0.00001591,186.00000000,0
1531160963590,1531160963585,2608201,0.00001590,41.00000000,1
1531160965141,1531160965137,2608202,0.00001590,336.00000000,0
1531160965175,1531160965170,2608203,0.00001591,6769.00000000,0
1531160965176,1531160965171,2608204,0.00001592,6306.00000000,0
1531160966144,1531160966141,2608205,0.00001593,207.00000000,0
1531160966957,1531160966954,2608206,0.00001594,78.00000000,0
1531160966957,1531160966954,2608207,0.00001595,129.00000000,0
1531160967449,1531160967444,2608208,0.00001596,2333.00000000,0
1531160967449,1531160967444,2608209,0.00001597,371.00000000,0
1531160967709,1531160967704,2608210,0.00001597,702.00000000,0
1531160967709,1531160967704,2608211,0.00001598,256.00000000,0
1531160967709,1531160967704,2608212,0.00001600,551.00000000,0
1531160967709,1531160967704,2608213,0.00001601,1191.00000000,0
1531160969836,1531160969833,2608214,0.00001595,377.00000000,0
1531160970092,1531160970088,2608215,0.00001598,180.00000000,1
1531160971043,1531160971040,2608216,0.00001602,73.00000000,0
1531160971600,1531160971596,2608217,0.00001602,609.00000000,0
1531160977031,1531160977027,2608218,0.00001602,188.00000000,0
1531160977031,1531160977027,2608219,0.00001603,662.00000000,0
1531160986558,1531160986555,2608220,0.00001603,63.00000000,0
1531160987087,1531160987082,2608221,0.00001603,126.00000000,0
1531160987907,1531160987904,2608222,0.00001603,274.00000000,0
1531160990656,1531160990652,2608223,0.00001604,63.00000000,1
1531160994951,1531160994946,2608224,0.00001605,373.00000000,1
1531160996364,1531160996360,2608225,0.00001605,1497.00000000,1
1531160996364,1531160996360,2608226,0.00001604,503.00000000,1
1531160998964,1531160998961,2608227,0.00001606,445.00000000,1
1531161002019,1531161002015,2608228,0.00001606,159.00000000,1
1531161002791,1531161002788,2608229,0.00001606,1360.00000000,0
1531161004985,1531161004982,2608230,0.00001605,1598.00000000,1
1531161005665,1531161005660,2608231,0.00001607,126.00000000,0
1531161006796,1531161006791,2608232,0.00001607,54.00000000,0
1531161007290,1531161007285,2608233,0.00001607,72.00000000,1
1531161010854,1531161010849,2608234,0.00001606,888.00000000,1
1531161016480,1531161016476,2608235,0.00001606,203.00000000,1
1531161016738,1531161016734,2608236,0.00001606,177.00000000,1
1531161018504,1531161018498,2608237,0.00001604,76.00000000,1
1531161018625,1531161018622,2608238,0.00001604,138.00000000,1
1531161024535,1531161024529,2608239,0.00001609,581.00000000,0
1531161024535,1531161024529,2608240,0.00001610,686.00000000,0
1531161024535,1531161024529,2608241,0.00001612,186.00000000,0
1531161024535,1531161024529,2608242,0.00001613,573.00000000,0
1531161024535,1531161024529,2608243,0.00001614,699.00000000,0
1531161024535,1531161024529,2608244,0.00001615,466.00000000,0
1531161029630,1531161029627,2608245,0.00001615,1016.00000000,0
1531161030338,1531161030334,2608246,0.00001609,578.00000000,1
1531161038012,1531161038008,2608247,0.00001615,601.00000000,0
1531161041833,1531161041831,2608248,0.00001613,166.00000000,0
1531161043115,1531161043111,2608249,0.00001613,337.00000000,0
1531161047957,1531161047954,2608250,0.00001614,1998.00000000,0
1531161049270,1531161049267,2608251,0.00001615,514.00000000,0
1531161051944,1531161051940,2608252,0.00001615,939.00000000,0
1531161051944,1531161051940,2608253,0.00001617,3205.00000000,0
1531161055020,1531161055018,2608254,0.00001617,875.00000000,0
1531161057275,1531161057271,2608255,0.00001615,650.00000000,1
1531161067097,1531161067093,2608256,0.00001617,5036.00000000,0
1531161068356,1531161068351,2608257,0.00001617,9378.00000000,0
1531161068356,1531161068351,2608258,0.00001618,6832.00000000,0
1531161068356,1531161068351,2608259,0.00001619,7937.00000000,0
1531161069105,1531161069102,2608260,0.00001620,6154.00000000,0
1531161069857,1531161069852,2608261,0.00001620,8902.00000000,0
1531161070066,1531161070060,2608262,0.00001620,3556.00000000,0
1531161070066,1531161070060,2608263,0.00001621,3071.00000000,0
1531161070474,1531161070471,2608264,0.00001621,48.00000000,0
1531161071730,1531161071726,2608265,0.00001621,1611.00000000,0
1531161071730,1531161071726,2608266,0.00001622,2422.00000000,0
1531161071730,1531161071726,2608267,0.00001623,19935.00000000,0
1531161074307,1531161074302,2608268,0.00001625,11348.00000000,0
1531161076620,1531161076618,2608269,0.00001618,345.00000000,1
1531161077244,1531161077241,2608270,0.00001618,58.00000000,1
1531161077244,1531161077241,2608271,0.00001616,368.00000000,1
1531161077244,1531161077241,2608272,0.00001615,62.00000000,1
1531161085801,1531161085797,2608273,0.00001617,25058.00000000,1
1531161087852,1531161087849,2608274,0.00001624,63.00000000,0
1531161098295,1531161098292,2608275,0.00001624,340.00000000,0
1531161099604,1531161099604,2608276,0.00001625,63.00000000,0
1531161101040,1531161101033,2608277,0.00001625,1312.00000000,0
1531161101040,1531161101033,2608278,0.00001626,2674.00000000,0
1531161101040,1531161101033,2608279,0.00001628,951.00000000,0
1531161101040,1531161101033,2608280,0.00001630,3062.00000000,0
1531161102094,1531161102090,2608281,0.00001624,2.00000000,1
1531161109841,1531161109838,2608282,0.00001629,59.00000000,0
1531161113225,1531161113223,2608283,0.00001624,47.00000000,1
1531161113225,1531161113223,2608284,0.00001622,1890.00000000,1
1531161113730,1531161113728,2608285,0.00001622,555.00000000,1
1531161113767,1531161113763,2608286,0.00001622,499.00000000,1
1531161116974,1531161116969,2608287,0.00001622,817.00000000,1
1531161118805,1531161118801,2608288,0.00001622,1875.00000000,1
1531161120780,1531161120773,2608289,0.00001622,613.00000000,1
1531161127563,1531161127560,2608290,0.00001629,192.00000000,0
1531161128673,1531161128669,2608291,0.00001629,124.00000000,0
1531161128910,1531161128908,2608292,0.00001629,62.00000000,0
1531161129503,1531161129500,2608293,0.00001624,65.00000000,1
1531161129533,1531161129528,2608294,0.00001624,3.00000000,1
1531161129533,1531161129528,2608295,0.00001623,614.00000000,1
1531161134037,1531161134033,2608296,0.00001629,170.00000000,0
1531161136638,1531161136634,2608297,0.00001629,10.00000000,0
1531161140564,1531161140560,2608298,0.00001629,189.00000000,0
1531161145145,1531161145142,2608299,0.00001625,2500.00000000,1
1531161145353,1531161145349,2608300,0.00001625,6994.00000000,0
1531161151398,1531161151396,2608301,0.00001625,1076.00000000,0
1531161161991,1531161161986,2608302,0.00001624,1767.00000000,1
1531161166153,1531161166148,2608303,0.00001629,362.00000000,0
1531161166815,1531161166811,2608304,0.00001629,18822.00000000,0
1531161168000,1531161167996,2608305,0.00001624,1010.00000000,1
1531161168909,1531161168904,2608306,0.00001630,16478.00000000,0
1531161181326,1531161181321,2608307,0.00001629,1090.00000000,1
1531161189420,1531161189416,2608308,0.00001625,1090.00000000,1
1531161197516,1531161197514,2608309,0.00001629,82.00000000,0
1531161204297,1531161204293,2608310,0.00001626,700.00000000,1
1531161205783,1531161205779,2608311,0.00001626,565.00000000,1
1531161206136,1531161206133,2608312,0.00001629,531.00000000,0
1531161207623,1531161207619,2608313,0.00001629,10105.00000000,1
1531161210003,1531161209998,2608314,0.00001626,1143.00000000,0
1531161212488,1531161212482,2608315,0.00001626,6490.00000000,0
1531161213595,1531161213591,2608316,0.00001629,800.00000000,0
1531161213595,1531161213591,2608317,0.00001630,2759.00000000,0
1531161213595,1531161213591,2608318,0.00001631,62.00000000,0
1531161213595,1531161213591,2608319,0.00001632,739.00000000,0
1531161214845,1531161214839,2608320,0.00001625,613.00000000,1
1531161215125,1531161215122,2608321,0.00001632,1438.00000000,0
1531161222609,1531161222608,2608322,0.00001626,460.00000000,1
1531161226505,1531161226499,2608323,0.00001625,259.00000000,1
1531161245398,1531161245394,2608324,0.00001631,1086.00000000,0
1531161249796,1531161249793,2608325,0.00001626,246.00000000,1
1531161266342,1531161266338,2608326,0.00001631,160.00000000,0
1531161269642,1531161269638,2608327,0.00001631,1.00000000,0
1531161284500,1531161284499,2608328,0.00001631,62.00000000,0
1531161284968,1531161284963,2608329,0.00001631,62.00000000,0
1531161285174,1531161285169,2608330,0.00001631,248.00000000,0
1531161285303,1531161285299,2608331,0.00001631,124.00000000,0
1531161285331,1531161285327,2608332,0.00001631,62.00000000,0
1531161303716,1531161303712,2608333,0.00001625,418.00000000,1
1531161303716,1531161303712,2608334,0.00001625,874.00000000,1
1531161316230,1531161316226,2608335,0.00001629,756.00000000,0
1531161317951,1531161317950,2608336,0.00001626,404.00000000,1
1531161330152,1531161330147,2608337,0.00001626,845.00000000,1
1531161330152,1531161330147,2608338,0.00001625,722.00000000,1
1531161333826,1531161333823,2608339,0.00001624,138.00000000,1
1531161333826,1531161333823,2608340,0.00001622,545.00000000,1
1531161333826,1531161333823,2608341,0.00001619,332.00000000,1
1531161334336,1531161334332,2608342,0.00001619,362.00000000,1
1531161335118,1531161335112,2608343,0.00001619,579.00000000,1
1531161335118,1531161335112,2608344,0.00001616,666.00000000,1
1531161336268,1531161336264,2608345,0.00001624,39.00000000,0
1531161337312,1531161337310,2608346,0.00001618,164.00000000,1
1531161344990,1531161344986,2608347,0.00001624,501.00000000,0
1531161345010,1531161345006,2608348,0.00001624,499.00000000,0
1531161348139,1531161348136,2608349,0.00001618,82.00000000,1
1531161348828,1531161348828,2608350,0.00001624,272.00000000,0
1531161352610,1531161352605,2608351,0.00001619,149.00000000,1
1531161354147,1531161354142,2608352,0.00001619,39.00000000,1
1531161362260,1531161362257,2608353,0.00001622,63.00000000,0
1531161368864,1531161368861,2608354,0.00001620,5032.00000000,1
1531161372470,1531161372465,2608355,0.00001620,2803.00000000,0
1531161374519,1531161374515,2608356,0.00001619,8993.00000000,1
1531161376334,1531161376330,2608357,0.00001620,157.00000000,0
1531161380764,1531161380760,2608358,0.00001619,59.00000000,1
1531161381956,1531161381951,2608359,0.00001620,531.00000000,0
1531161381972,1531161381968,2608360,0.00001620,531.00000000,0
1531161382017,1531161382012,2608361,0.00001620,531.00000000,0
1531161385333,1531161385328,2608362,0.00001619,622.00000000,1
1531161385333,1531161385328,2608363,0.00001618,12309.00000000,1
1531161389053,1531161389048,2608364,0.00001620,715.00000000,0
1531161389073,1531161389068,2608365,0.00001620,715.00000000,0
1531161392633,1531161392626,2608366,0.00001620,22679.00000000,0
1531161393249,1531161393246,2608367,0.00001620,2500.00000000,0
1531161395935,1531161395931,2608368,0.00001620,5363.00000000,0
1531161400997,1531161400993,2608369,0.00001620,1491.00000000,1
1531161407763,1531161407759,2608370,0.00001620,531.00000000,1
1531161429471,1531161429467,2608371,0.00001623,500.00000000,0
1531161429471,1531161429467,2608372,0.00001627,63.00000000,0
1531161429471,1531161429467,2608373,0.00001628,82.00000000,0
1531161433136,1531161433132,2608374,0.00001628,159.00000000,0
1531161434970,1531161434966,2608375,0.00001628,53.00000000,0
1531161448748,1531161448744,2608376,0.00001628,3861.00000000,0
1531161460603,1531161460599,2608377,0.00001628,63.00000000,0
1531161466794,1531161466789,2608378,0.00001627,2686.00000000,0
1531161466794,1531161466789,2608379,0.00001628,9684.00000000,0
1531161480871,1531161480867,2608380,0.00001628,2078.00000000,0
1531161528529,1531161528524,2608381,0.00001627,441.00000000,0
1531161532502,1531161532498,2608382,0.00001627,7019.00000000,0
1531161532502,1531161532498,2608383,0.00001628,20730.00000000,0
1531161544440,1531161544435,2608384,0.00001621,62.00000000,1
1531161544440,1531161544435,2608385,0.00001620,37.00000000,1
1531161552117,1531161552113,2608386,0.00001628,488.00000000,0
1531161561765,1531161561761,2608387,0.00001628,1241.00000000,0
1531161568991,1531161568987,2608388,0.00001625,600.00000000,1
1531161573164,1531161573159,2608389,0.00001625,3984.00000000,1
1531161581735,1531161581732,2608390,0.00001628,63.00000000,0
1531161585371,1531161585367,2608391,0.00001625,3742.00000000,1
1531161589741,1531161589735,2608392,0.00001628,2220.00000000,0
1531161589741,1531161589735,2608393,0.00001629,11912.00000000,0
1531161589741,1531161589735,2608394,0.00001630,49799.00000000,0
1531161591666,1531161591661,2608395,0.00001630,755.00000000,1
1531161593064,1531161593058,2608396,0.00001630,67.00000000,1
1531161601690,1531161601685,2608397,0.00001631,62.00000000,0
1531161604931,1531161604928,2608398,0.00001630,1083.00000000,1
1531161608513,1531161608510,2608399,0.00001630,14321.00000000,1
1531161609110,1531161609106,2608400,0.00001628,211.00000000,1
1531161621015,1531161621010,2608401,0.00001628,87.00000000,1
1531161641829,1531161641823,2608402,0.00001630,62.00000000,0
1531161641953,1531161641950,2608403,0.00001630,62.00000000,0
1531161655218,1531161655212,2608404,0.00001630,284.00000000,0
1531161656456,1531161656451,2608405,0.00001628,10.00000000,1
1531161656456,1531161656451,2608406,0.00001625,489.00000000,1
1531161667942,1531161667937,2608407,0.00001626,75.00000000,0
1531161667942,1531161667937,2608408,0.00001629,510.00000000,0
1531161667943,1531161667937,2608409,0.00001630,213.00000000,0
1531161673710,1531161673706,2608410,0.00001625,2000.00000000,1
1531161678336,1531161678331,2608411,0.00001629,74.00000000,1
1531161701917,1531161701912,2608412,0.00001628,74.00000000,0
1531161701917,1531161701912,2608413,0.00001630,10762.00000000,0
1531161702188,1531161702185,2608414,0.00001630,208.00000000,1
1531161703187,1531161703182,2608415,0.00001630,166.00000000,1
1531161708106,1531161708100,2608416,0.00001631,310.00000000,0
1531161714151,1531161714148,2608417,0.00001631,5.00000000,1
1531161714151,1531161714148,2608418,0.00001630,1585.00000000,1
1531161714152,1531161714149,2608419,0.00001630,1590.00000000,1
1531161714180,1531161714178,2608420,0.00001630,499.00000000,1
1531161716785,1531161716780,2608421,0.00001630,257.00000000,1
1531161722645,1531161722640,2608422,0.00001632,1276.00000000,0
1531161722645,1531161722640,2608423,0.00001633,2350.00000000,0
1531161722746,1531161722742,2608424,0.00001633,124.00000000,0
1531161723189,1531161723184,2608425,0.00001633,62.00000000,0
1531161723591,1531161723587,2608426,0.00001632,62.00000000,0
1531161731527,1531161731522,2608427,0.00001629,63.00000000,1
1531161731527,1531161731522,2608428,0.00001627,510.00000000,1
1531161731527,1531161731522,2608429,0.00001625,225.00000000,1
1531161732610,1531161732605,2608430,0.00001630,547.00000000,1
1531161738548,1531161738545,2608431,0.00001630,500.00000000,1
1531161742784,1531161742780,2608432,0.00001632,124.00000000,0
1531161742840,1531161742837,2608433,0.00001632,62.00000000,0
1531161742929,1531161742926,2608434,0.00001632,62.00000000,0
1531161742958,1531161742952,2608435,0.00001630,276.00000000,1
1531161743376,1531161743372,2608436,0.00001632,62.00000000,0
1531161752487,1531161752483,2608437,0.00001632,1393.00000000,0
1531161752487,1531161752483,2608438,0.00001633,4617.00000000,0
1531161757781,1531161757778,2608439,0.00001633,127.00000000,1
1531161762996,1531161762991,2608440,0.00001633,4.00000000,1
1531161762996,1531161762991,2608441,0.00001630,2695.00000000,1
1531161763272,1531161763267,2608442,0.00001634,62.00000000,0
1531161764815,1531161764808,2608443,0.00001634,1.00000000,0
1531161764815,1531161764808,2608444,0.00001635,5549.00000000,0
1531161764815,1531161764808,2608445,0.00001636,871.00000000,0
1531161764815,1531161764808,2608446,0.00001637,2809.00000000,0
1531161764815,1531161764808,2608447,0.00001638,5750.00000000,0
1531161764838,1531161764833,2608448,0.00001638,10854.00000000,1
1531161764869,1531161764866,2608449,0.00001638,393.00000000,1
1531161764896,1531161764893,2608450,0.00001638,3076.00000000,1
1531161764897,1531161764894,2608451,0.00001638,2302.00000000,1
1531161764904,1531161764903,2608452,0.00001638,382.00000000,1
1531161771095,1531161771091,2608453,0.00001632,246.00000000,1
1531161771095,1531161771091,2608454,0.00001630,2453.00000000,1
1531161772702,1531161772699,2608455,0.00001631,509.00000000,1
1531161783888,1531161783884,2608456,0.00001633,124.00000000,0
1531161789984,1531161789980,2608457,0.00001633,3661.00000000,0
1531161790639,1531161790636,2608458,0.00001632,193.00000000,1
1531161791630,1531161791626,2608459,0.00001633,4969.00000000,1
1531161794514,1531161794513,2608460,0.00001632,145.00000000,1
1531161796678,1531161796673,2608461,0.00001632,483.00000000,1
1531161803535,1531161803534,2608462,0.00001634,62.00000000,0
1531161803685,1531161803683,2608463,0.00001634,310.00000000,0
1531161803840,1531161803835,2608464,0.00001634,62.00000000,0
1531161803953,1531161803948,2608465,0.00001634,62.00000000,0
1531161803998,1531161803994,2608466,0.00001632,2954.00000000,1
1531161804047,1531161804046,2608467,0.00001634,124.00000000,0
1531161804050,1531161804047,2608468,0.00001634,62.00000000,0
1531161805800,1531161805796,2608469,0.00001632,483.00000000,1
1531161808956,1531161808950,2608470,0.00001637,749.00000000,0
1531161809989,1531161809987,2608471,0.00001632,620.00000000,1
1531161812237,1531161812232,2608472,0.00001631,483.00000000,1
1531161814337,1531161814333,2608473,0.00001632,509.00000000,0
1531161833490,1531161833485,2608474,0.00001637,413.00000000,0
1531161834911,1531161834907,2608475,0.00001637,2.00000000,0
1531161851426,1531161851422,2608476,0.00001632,1269.00000000,1
1531161862703,1531161862699,2608477,0.00001635,375.00000000,1
1531161873438,1531161873436,2608478,0.00001636,302.00000000,0
1531161873872,1531161873868,2608479,0.00001636,1.00000000,0
1531161877218,1531161877213,2608480,0.00001635,1594.00000000,1
1531161881605,1531161881601,2608481,0.00001635,17548.00000000,1
1531161883674,1531161883670,2608482,0.00001635,902.00000000,0
1531161884090,1531161884086,2608483,0.00001632,86967.00000000,1
1531161884678,1531161884676,2608484,0.00001635,122.00000000,0
1531161887325,1531161887319,2608485,0.00001631,3661.00000000,1
1531161887830,1531161887826,2608486,0.00001635,122.00000000,0
1531161888716,1531161888710,2608487,0.00001635,113.00000000,0
1531161891026,1531161891022,2608488,0.00001635,641.00000000,0
1531161891649,1531161891645,2608489,0.00001635,95.00000000,0
1531161892965,1531161892961,2608490,0.00001635,244.00000000,0
1531161893620,1531161893616,2608491,0.00001635,6116.00000000,0
1531161894914,1531161894911,2608492,0.00001635,168.00000000,0
1531161898160,1531161898155,2608493,0.00001631,116.00000000,1
1531161898733,1531161898728,2608494,0.00001635,916.00000000,0
1531161902377,1531161902372,2608495,0.00001635,550.00000000,0
1531161905180,1531161905176,2608496,0.00001634,422.00000000,0
1531161906133,1531161906128,2608497,0.00001634,2500.00000000,0
1531161906133,1531161906128,2608498,0.00001635,5254.00000000,0
1531161911306,1531161911302,2608499,0.00001636,6517.00000000,0
1531161911795,1531161911790,2608500,0.00001636,123.00000000,0
1531161911812,1531161911808,2608501,0.00001636,61.00000000,0
1531161912263,1531161912258,2608502,0.00001636,61.00000000,0
1531161912493,1531161912491,2608503,0.00001636,267.00000000,0
1531161917246,1531161917241,2608504,0.00001635,3810.00000000,1
1531161917433,1531161917428,2608505,0.00001635,321.00000000,1
1531161928534,1531161928526,2608506,0.00001635,2887.00000000,1
1531161929215,1531161929211,2608507,0.00001635,122.00000000,1
1531161929252,1531161929248,2608508,0.00001635,458.00000000,1
1531161932751,1531161932746,2608509,0.00001635,200.00000000,1
1531161944721,1531161944718,2608510,0.00001636,252.00000000,0
1531161951738,1531161951735,2608511,0.00001635,2499.00000000,1
1531161954252,1531161954248,2608512,0.00001635,987.00000000,1
1531161966096,1531161966091,2608513,0.00001636,62.00000000,0
1531161977750,1531161977745,2608514,0.00001635,6977.00000000,1
1531161981004,1531161981000,2608515,0.00001635,31.00000000,0
1531161986939,1531161986935,2608516,0.00001635,62.00000000,0
1531162000360,1531162000356,2608517,0.00001631,137.00000000,1
1531162000360,1531162000356,2608518,0.00001630,1731.00000000,1
1531162006041,1531162006037,2608519,0.00001635,62.00000000,0
1531162025307,1531162025303,2608520,0.00001635,185.00000000,0
1531162045008,1531162045003,2608521,0.00001635,491.00000000,0
1531162064547,1531162064547,2608522,0.00001632,70.00000000,0
1531162074580,1531162074576,2608523,0.00001634,808.00000000,0
1531162090491,1531162090488,2608524,0.00001633,82.00000000,1
1531162102174,1531162102172,2608525,0.00001634,124.00000000,0
1531162105761,1531162105760,2608526,0.00001634,94.00000000,0
1531162120017,1531162120013,2608527,0.00001633,1499.00000000,0
1531162120017,1531162120013,2608528,0.00001634,4768.00000000,0
1531162144184,1531162144180,2608529,0.00001634,3769.00000000,0
1531162144184,1531162144180,2608530,0.00001635,14686.00000000,0
1531162152816,1531162152811,2608531,0.00001635,1092.00000000,0
1531162206752,1531162206748,2608532,0.00001633,794.00000000,0
1531162206752,1531162206748,2608533,0.00001633,494.00000000,0
1531162212845,1531162212840,2608534,0.00001635,2797.00000000,0
1531162214429,1531162214428,2608535,0.00001635,696.00000000,0
1531162215911,1531162215908,2608536,0.00001635,174.00000000,0
1531162217338,1531162217334,2608537,0.00001635,44.00000000,0
1531162218782,1531162218776,2608538,0.00001635,11.00000000,0
1531162220167,1531162220162,2608539,0.00001635,2.00000000,0
1531162226423,1531162226418,2608540,0.00001630,858.00000000,1
1531162226423,1531162226418,2608541,0.00001630,95.00000000,1
1531162259414,1531162259409,2608542,0.00001635,11155.00000000,0
1531162259414,1531162259409,2608543,0.00001636,12030.00000000,0
1531162259414,1531162259409,2608544,0.00001638,2603.00000000,0
1531162265907,1531162265903,2608545,0.00001632,246.00000000,1
1531162265907,1531162265903,2608546,0.00001631,502.00000000,1
1531162274377,1531162274372,2608547,0.00001637,246.00000000,0
1531162274377,1531162274372,2608548,0.00001638,8218.00000000,0
1531162280387,1531162280385,2608549,0.00001638,219.00000000,0
1531162284787,1531162284782,2608550,0.00001638,4486.00000000,0
1531162287821,1531162287816,2608551,0.00001638,506.00000000,1
1531162287849,1531162287847,2608552,0.00001638,177.00000000,1
1531162293716,1531162293714,2608553,0.00001638,1080.00000000,1
1531162297930,1531162297926,2608554,0.00001638,641.00000000,1
1531162298755,1531162298752,2608555,0.00001638,639.00000000,1
1531162299087,1531162299082,2608556,0.00001638,236.00000000,1
1531162315559,1531162315554,2608557,0.00001638,12412.00000000,0
1531162315559,1531162315554,2608558,0.00001639,386.00000000,0
1531162315574,1531162315570,2608559,0.00001639,2500.00000000,1
1531162315825,1531162315822,2608560,0.00001639,2500.00000000,1
1531162318373,1531162318368,2608561,0.00001639,467.00000000,1
1531162318454,1531162318450,2608562,0.00001639,302.00000000,1
1531162319935,1531162319931,2608563,0.00001639,552.00000000,1
1531162327290,1531162327288,2608564,0.00001639,9.00000000,1
1531162328914,1531162328909,2608565,0.00001639,425.00000000,1
1531162329347,1531162329342,2608566,0.00001640,2408.00000000,0
1531162329801,1531162329795,2608567,0.00001640,62.00000000,0
1531162329929,1531162329926,2608568,0.00001639,1891.00000000,1
1531162333133,1531162333129,2608569,0.00001639,452.00000000,1
1531162335181,1531162335176,2608570,0.00001639,5177.00000000,1
1531162335420,1531162335415,2608571,0.00001639,112.00000000,0
1531162335420,1531162335415,2608572,0.00001640,606.00000000,0
1531162353116,1531162353113,2608573,0.00001640,643.00000000,0
1531162360492,1531162360487,2608574,0.00001636,508.00000000,1
1531162364641,1531162364636,2608575,0.00001633,62.00000000,1
1531162364641,1531162364636,2608576,0.00001631,118.00000000,1
1531162369231,1531162369226,2608577,0.00001636,492.00000000,0
1531162369231,1531162369226,2608578,0.00001638,499.00000000,0
1531162374713,1531162374709,2608579,0.00001638,47.00000000,0
1531162418883,1531162418878,2608580,0.00001637,62.00000000,1
1531162428585,1531162428580,2608581,0.00001637,534.00000000,0
1531162430460,1531162430455,2608582,0.00001637,91.00000000,0
1531162430464,1531162430458,2608583,0.00001637,499.00000000,0
1531162433866,1531162433862,2608584,0.00001637,346.00000000,0
1531162444009,1531162444004,2608585,0.00001637,99.00000000,0
1531162451101,1531162451097,2608586,0.00001637,62.00000000,0
1531162469340,1531162469337,2608587,0.00001637,315.00000000,0
1531162469402,1531162469399,2608588,0.00001637,316.00000000,0
1531162481100,1531162481096,2608589,0.00001637,3227.00000000,0
1531162485476,1531162485471,2608590,0.00001637,224.00000000,1
1531162485476,1531162485471,2608591,0.00001636,516.00000000,1
1531162485476,1531162485471,2608592,0.00001635,1554.00000000,1
1531162501663,1531162501659,2608593,0.00001638,85.00000000,0
1531162512133,1531162512130,2608594,0.00001640,62.00000000,0
1531162519431,1531162519426,2608595,0.00001640,417.00000000,0
1531162523891,1531162523887,2608596,0.00001638,144.00000000,1
1531162526376,1531162526369,2608597,0.00001640,955.00000000,0
1531162539496,1531162539490,2608598,0.00001638,174.00000000,1
1531162542537,1531162542532,2608599,0.00001640,308.00000000,0
1531162543159,1531162543155,2608600,0.00001638,154.00000000,1
1531162552449,1531162552443,2608601,0.00001638,124.00000000,0
1531162574930,1531162574924,2608602,0.00001638,121.00000000,0
1531162574930,1531162574924,2608603,0.00001640,346.00000000,0
1531162584311,1531162584306,2608604,0.00001640,4138.00000000,0
1531162587564,1531162587558,2608605,0.00001637,123.00000000,1
1531162587584,1531162587580,2608606,0.00001637,319.00000000,0
1531162588604,1531162588599,2608607,0.00001637,1.00000000,0
1531162588604,1531162588599,2608608,0.00001640,466.00000000,0
1531162596554,1531162596549,2608609,0.00001640,467.00000000,0
1531162609531,1531162609526,2608610,0.00001637,990.00000000,1
1531162610456,1531162610451,2608611,0.00001640,2150.00000000,0
1531162613325,1531162613323,2608612,0.00001640,822.00000000,0
1531162613484,1531162613479,2608613,0.00001640,62.00000000,0
1531162621238,1531162621232,2608614,0.00001637,955.00000000,1
1531162637283,1531162637277,2608615,0.00001640,952.00000000,0
1531162659037,1531162659031,2608616,0.00001641,568.00000000,0
1531162661635,1531162661630,2608617,0.00001642,763.00000000,0
1531162661635,1531162661630,2608618,0.00001643,1452.00000000,0
1531162661679,1531162661673,2608619,0.00001644,623.00000000,0
1531162661679,1531162661673,2608620,0.00001645,755.00000000,0
1531162661679,1531162661673,2608621,0.00001646,1244.00000000,0
1531162661679,1531162661673,2608622,0.00001647,550.00000000,0
1531162663576,1531162663573,2608623,0.00001645,1200.00000000,0
1531162664014,1531162664007,2608624,0.00001645,800.00000000,0
1531162665231,1531162665222,2608625,0.00001647,504.00000000,0
1531162665231,1531162665222,2608626,0.00001649,62.00000000,0
1531162665231,1531162665222,2608627,0.00001650,34648.00000000,0
1531162665231,1531162665222,2608628,0.00001651,1954.00000000,0
1531162665232,1531162665222,2608629,0.00001651,504.00000000,0
1531162665232,1531162665222,2608630,0.00001652,95.00000000,0
1531162666462,1531162666454,2608631,0.00001652,7716.00000000,0
1531162666462,1531162666454,2608632,0.00001653,999.00000000,0
1531162666462,1531162666454,2608633,0.00001654,2183.00000000,0
1531162666462,1531162666454,2608634,0.00001655,31529.00000000,0
1531162666462,1531162666454,2608635,0.00001656,3000.00000000,0
1531162666476,1531162666469,2608636,0.00001656,1788.00000000,1
1531162666537,1531162666533,2608637,0.00001656,1200.00000000,1
1531162666856,1531162666850,2608638,0.00001656,790.00000000,1
1531162667006,1531162667000,2608639,0.00001656,12135.00000000,1
1531162667051,1531162667045,2608640,0.00001656,304.00000000,1
1531162667318,1531162667314,2608641,0.00001656,304.00000000,1
1531162667388,1531162667386,2608642,0.00001656,512.00000000,1
1531162667832,1531162667827,2608643,0.00001656,600.00000000,1
1531162667862,1531162667857,2608644,0.00001656,47.00000000,1
1531162669963,1531162669959,2608645,0.00001656,5000.00000000,1
1531162671089,1531162671080,2608646,0.00001657,232.00000000,0
1531162671089,1531162671080,2608647,0.00001659,531.00000000,0
1531162671327,1531162671322,2608648,0.00001656,103.00000000,1
1531162672241,1531162672236,2608649,0.00001656,200.00000000,1
1531162674006,1531162674002,2608650,0.00001658,61.00000000,1
1531162674348,1531162674341,2608651,0.00001659,2854.00000000,0
1531162674348,1531162674341,2608652,0.00001660,6521.00000000,0
1531162674348,1531162674341,2608653,0.00001661,3525.00000000,0
1531162674348,1531162674341,2608654,0.00001661,494.00000000,0
1531162674577,1531162674575,2608655,0.00001658,305.00000000,1
1531162674577,1531162674575,2608656,0.00001656,284.00000000,1
1531162674589,1531162674584,2608657,0.00001656,117.00000000,1
1531162675042,1531162675037,2608658,0.00001656,2061.00000000,1
1531162675118,1531162675116,2608659,0.00001656,153.00000000,1
1531162677112,1531162677108,2608660,0.00001659,305.00000000,1
1531162677698,1531162677693,2608661,0.00001659,610.00000000,1
1531162677870,1531162677866,2608662,0.00001659,600.00000000,1
1531162680007,1531162680004,2608663,0.00001660,515.00000000,0
1531162680434,1531162680429,2608664,0.00001660,44.00000000,1
1531162681669,1531162681664,2608665,0.00001661,94.00000000,0
1531162682550,1531162682546,2608666,0.00001660,23.00000000,1
1531162682550,1531162682546,2608667,0.00001659,2969.00000000,1
1531162684409,1531162684403,2608668,0.00001661,2803.00000000,0
1531162684409,1531162684403,2608669,0.00001662,3049.00000000,0
1531162684710,1531162684704,2608670,0.00001662,4409.00000000,0
1531162684710,1531162684704,2608671,0.00001663,710.00000000,0
1531162684710,1531162684704,2608672,0.00001664,834.00000000,0
1531162685608,1531162685603,2608673,0.00001659,600.00000000,1
1531162685612,1531162685608,2608674,0.00001659,112.00000000,1
1531162685738,1531162685734,2608675,0.00001664,795.00000000,0
1531162686437,1531162686432,2608676,0.00001659,122.00000000,1
1531162688754,1531162688749,2608677,0.00001659,612.00000000,1
1531162691381,1531162691376,2608678,0.00001659,693.00000000,1
1531162692115,1531162692109,2608679,0.00001661,267.00000000,0
1531162692115,1531162692109,2608680,0.00001664,466.00000000,0
1531162692545,1531162692541,2608681,0.00001659,2588.00000000,1
1531162693367,1531162693362,2608682,0.00001659,3849.00000000,1
1531162693502,1531162693498,2608683,0.00001664,122.00000000,0
1531162693526,1531162693522,2608684,0.00001664,122.00000000,0
1531162693664,1531162693658,2608685,0.00001664,61.00000000,0
1531162693733,1531162693728,2608686,0.00001664,61.00000000,0
1531162693758,1531162693756,2608687,0.00001664,243.00000000,0
1531162694012,1531162694009,2608688,0.00001664,61.00000000,0
1531162694290,1531162694284,2608689,0.00001664,61.00000000,0
1531162694338,1531162694334,2608690,0.00001664,152.00000000,0
1531162694481,1531162694477,2608691,0.00001659,3339.00000000,1
1531162694607,1531162694606,2608692,0.00001664,61.00000000,0
1531162694887,1531162694882,2608693,0.00001664,304.00000000,0
1531162695066,1531162695057,2608694,0.00001664,4659.00000000,0
1531162695066,1531162695057,2608695,0.00001665,5665.00000000,0
1531162695066,1531162695057,2608696,0.00001666,4366.00000000,0
1531162695066,1531162695057,2608697,0.00001667,1898.00000000,0
1531162695079,1531162695076,2608698,0.00001667,334.00000000,1
1531162695115,1531162695113,2608699,0.00001667,1196.00000000,1
1531162696111,1531162696106,2608700,0.00001667,765.00000000,1
1531162696185,1531162696183,2608701,0.00001667,153.00000000,1
1531162696671,1531162696667,2608702,0.00001668,34770.00000000,0
1531162697491,1531162697485,2608703,0.00001668,692.00000000,0
1531162698240,1531162698235,2608704,0.00001667,2000.00000000,1
1531162699477,1531162699473,2608705,0.00001665,61.00000000,1
1531162699477,1531162699473,2608706,0.00001664,848.00000000,1
1531162699497,1531162699492,2608707,0.00001664,282.00000000,0
1531162699591,1531162699584,2608708,0.00001667,640.00000000,1
1531162699603,1531162699597,2608709,0.00001667,1578.00000000,1
1531162699630,1531162699627,2608710,0.00001667,1575.00000000,1
1531162699761,1531162699756,2608711,0.00001667,257.00000000,1
1531162699952,1531162699948,2608712,0.00001667,3352.00000000,1
1531162700019,1531162700015,2608713,0.00001668,259.00000000,0
1531162700203,1531162700197,2608714,0.00001668,1887.00000000,0
1531162700913,1531162700908,2608715,0.00001664,499.00000000,1
1531162700913,1531162700908,2608716,0.00001663,101.00000000,1
1531162701277,1531162701275,2608717,0.00001663,74.00000000,1
1531162703172,1531162703169,2608718,0.00001663,391.00000000,1
1531162703561,1531162703556,2608719,0.00001663,73.00000000,1
1531162704325,1531162704319,2608720,0.00001663,233.00000000,1
1531162704325,1531162704319,2608721,0.00001662,9.00000000,1
1531162705385,1531162705383,2608722,0.00001668,7360.00000000,0
1531162705448,1531162705446,2608723,0.00001668,3196.00000000,1
1531162705842,1531162705836,2608724,0.00001668,336.00000000,1
1531162705932,1531162705926,2608725,0.00001668,600.00000000,1
1531162706692,1531162706687,2608726,0.00001668,695.00000000,1
1531162706968,1531162706964,2608727,0.00001668,600.00000000,1
1531162706988,1531162706982,2608728,0.00001668,338.00000000,1
1531162707390,1531162707385,2608729,0.00001668,756.00000000,1
1531162707565,1531162707561,2608730,0.00001668,393.00000000,1
1531162707578,1531162707572,2608731,0.00001668,600.00000000,1
1531162707592,1531162707587,2608732,0.00001668,600.00000000,1
1531162708216,1531162708211,2608733,0.00001669,11000.00000000,0
1531162710263,1531162710259,2608734,0.00001668,719.00000000,1
1531162711109,1531162711104,2608735,0.00001668,600.00000000,1
1531162711160,1531162711157,2608736,0.00001668,600.00000000,1
1531162711162,1531162711157,2608737,0.00001668,602.00000000,1
1531162711162,1531162711157,2608738,0.00001662,164.00000000,1
1531162711485,1531162711480,2608739,0.00001669,3297.00000000,0
1531162712683,1531162712679,2608740,0.00001668,74.00000000,1
1531162712936,1531162712930,2608741,0.00001668,600.00000000,1
1531162713392,1531162713387,2608742,0.00001669,122.00000000,0
1531162713649,1531162713643,2608743,0.00001669,122.00000000,0
1531162713720,1531162713716,2608744,0.00001669,3379.00000000,0
1531162713819,1531162713814,2608745,0.00001669,1649.00000000,0
1531162713856,1531162713851,2608746,0.00001669,17991.00000000,0
1531162713998,1531162713995,2608747,0.00001669,61.00000000,0
1531162714096,1531162714092,2608748,0.00001668,176.00000000,1
1531162714548,1531162714542,2608749,0.00001668,522.00000000,1
1531162714845,1531162714839,2608750,0.00001669,61.00000000,0
1531162715235,1531162715230,2608751,0.00001668,172.00000000,1
1531162715363,1531162715358,2608752,0.00001668,233.00000000,1
1531162716389,1531162716384,2608753,0.00001663,881.00000000,1
1531162716389,1531162716384,2608754,0.00001662,4028.00000000,1
1531162716600,1531162716596,2608755,0.00001662,276.00000000,1
1531162716905,1531162716900,2608756,0.00001664,477.00000000,0
1531162716905,1531162716900,2608757,0.00001668,2982.00000000,0
1531162716919,1531162716913,2608758,0.00001669,267.00000000,1
1531162717646,1531162717643,2608759,0.00001669,110.00000000,1
1531162718055,1531162718050,2608760,0.00001669,244.00000000,1
1531162718233,1531162718228,2608761,0.00001669,888.00000000,1
1531162718269,1531162718264,2608762,0.00001669,687.00000000,1
1531162719633,1531162719629,2608763,0.00001663,73.00000000,1
1531162719676,1531162719671,2608764,0.00001663,369.00000000,1
1531162720380,1531162720378,2608765,0.00001662,401.00000000,1
1531162722743,1531162722738,2608766,0.00001664,847.00000000,0
1531162724213,1531162724210,2608767,0.00001664,131.00000000,1
1531162725095,1531162725090,2608768,0.00001664,22.00000000,1
1531162725095,1531162725090,2608769,0.00001662,364.00000000,1
1531162726625,1531162726621,2608770,0.00001664,212.00000000,1
1531162727049,1531162727046,2608771,0.00001664,189.00000000,1
1531162728411,1531162728407,2608772,0.00001667,88.00000000,0
1531162728411,1531162728407,2608773,0.00001668,31.00000000,0
1531162730688,1531162730682,2608774,0.00001664,590.00000000,1
1531162730976,1531162730970,2608775,0.00001668,702.00000000,0
1531162731803,1531162731800,2608776,0.00001664,31.00000000,1
1531162732312,1531162732308,2608777,0.00001668,231.00000000,0
1531162732774,1531162732769,2608778,0.00001664,104.00000000,1
1531162733455,1531162733450,2608779,0.00001665,327.00000000,1
1531162733455,1531162733450,2608780,0.00001664,6718.00000000,1
1531162735656,1531162735651,2608781,0.00001668,243.00000000,0
1531162735800,1531162735797,2608782,0.00001668,241.00000000,1
1531162735814,1531162735809,2608783,0.00001668,722.00000000,1
1531162737471,1531162737466,2608784,0.00001668,61.00000000,1
1531162740133,1531162740127,2608785,0.00001668,733.00000000,1
1531162740461,1531162740456,2608786,0.00001668,1945.00000000,0
1531162740979,1531162740976,2608787,0.00001668,968.00000000,1
1531162741006,1531162741002,2608788,0.00001668,659.00000000,1
1531162743722,1531162743717,2608789,0.00001668,928.00000000,1
1531162743880,1531162743876,2608790,0.00001668,240.00000000,0
1531162744068,1531162744063,2608791,0.00001668,249.00000000,0
1531162746242,1531162746241,2608792,0.00001668,1255.00000000,0
1531162746243,1531162746241,2608793,0.00001669,747.00000000,0
1531162746935,1531162746930,2608794,0.00001665,67.00000000,1
1531162746935,1531162746930,2608795,0.00001664,475.00000000,1
1531162747164,1531162747159,2608796,0.00001669,3427.00000000,0
1531162747291,1531162747285,2608797,0.00001668,91.00000000,1
1531162749590,1531162749585,2608798,0.00001669,9765.00000000,0
1531162750632,1531162750627,2608799,0.00001669,176.00000000,0
1531162752098,1531162752094,2608800,0.00001669,5068.00000000,0
1531162752797,1531162752791,2608801,0.00001669,761.00000000,0
1531162752797,1531162752791,2608802,0.00001670,329.00000000,0
1531162752903,1531162752897,2608803,0.00001668,117.00000000,1
1531162753450,1531162753444,2608804,0.00001670,3890.00000000,0
1531162754873,1531162754869,2608805,0.00001670,121.00000000,0
1531162756857,1531162756853,2608806,0.00001670,570.00000000,0
1531162758581,1531162758575,2608807,0.00001670,7485.00000000,0
1531162758618,1531162758616,2608808,0.00001670,421.00000000,1
1531162759016,1531162759013,2608809,0.00001670,2322.00000000,1
1531162759319,1531162759313,2608810,0.00001671,246.00000000,0
1531162760112,1531162760107,2608811,0.00001671,23.00000000,1
1531162760112,1531162760107,2608812,0.00001670,744.00000000,1
1531162760634,1531162760629,2608813,0.00001672,317.00000000,0
1531162762352,1531162762347,2608814,0.00001672,550.00000000,1
1531162762766,1531162762763,2608815,0.00001672,5466.00000000,1
1531162763741,1531162763736,2608816,0.00001673,1350.00000000,0
1531162763741,1531162763736,2608817,0.00001674,4111.00000000,0
1531162764581,1531162764575,2608818,0.00001667,422.00000000,1
1531162764700,1531162764696,2608819,0.00001667,9.00000000,1
1531162765468,1531162765462,2608820,0.00001674,28.00000000,0
1531162765468,1531162765462,2608821,0.00001675,1081.00000000,0
1531162765515,1531162765509,2608822,0.00001675,498.00000000,1
1531162767521,1531162767515,2608823,0.00001675,478.00000000,1
1531162767879,1531162767874,2608824,0.00001676,9193.00000000,0
1531162769324,1531162769318,2608825,0.00001673,52.00000000,1
1531162769374,1531162769369,2608826,0.00001675,342.00000000,0
1531162769374,1531162769369,2608827,0.00001676,493.00000000,0
1531162769706,1531162769700,2608828,0.00001676,273.00000000,1
1531162772153,1531162772147,2608829,0.00001676,737.00000000,1
1531162772153,1531162772147,2608830,0.00001673,1039.00000000,1
1531162772203,1531162772196,2608831,0.00001673,290.00000000,0
1531162772203,1531162772196,2608832,0.00001677,680.00000000,0
1531162772203,1531162772196,2608833,0.00001678,1072.00000000,0
1531162772552,1531162772548,2608834,0.00001679,470.00000000,0
1531162773042,1531162773035,2608835,0.00001678,1410.00000000,1
1531162773047,1531162773041,2608836,0.00001678,87.00000000,1
1531162773911,1531162773905,2608837,0.00001679,1896.00000000,0
1531162773912,1531162773905,2608838,0.00001680,16913.00000000,0
1531162773912,1531162773905,2608839,0.00001678,2977.00000000,1
1531162774269,1531162774264,2608840,0.00001678,623.00000000,1
1531162774740,1531162774736,2608841,0.00001678,425.00000000,1
1531162777573,1531162777567,2608842,0.00001678,994.00000000,1
1531162779326,1531162779321,2608843,0.00001678,356.00000000,1
1531162782129,1531162782124,2608844,0.00001678,2150.00000000,1
1531162782539,1531162782525,2608845,0.00001678,1605.00000000,1
1531162783772,1531162783768,2608846,0.00001678,11794.00000000,1
1531162784306,1531162784303,2608847,0.00001678,346.00000000,1
1531162784813,1531162784808,2608848,0.00001678,3424.00000000,1
1531162784888,1531162784885,2608849,0.00001679,89.00000000,0
1531162784888,1531162784885,2608850,0.00001680,2128.00000000,0
1531162786843,1531162786838,2608851,0.00001680,6846.00000000,0
1531162789049,1531162789043,2608852,0.00001678,428.00000000,1
1531162789510,1531162789505,2608853,0.00001680,81.00000000,0
1531162789510,1531162789505,2608854,0.00001681,3193.00000000,0
1531162789510,1531162789505,2608855,0.00001682,11951.00000000,0
1531162789590,1531162789585,2608856,0.00001678,259.00000000,1
1531162790127,1531162790122,2608857,0.00001683,5018.00000000,0
1531162790306,1531162790299,2608858,0.00001678,137.00000000,1
1531162790402,1531162790396,2608859,0.00001684,703.00000000,0
1531162791178,1531162791171,2608860,0.00001684,2270.00000000,0
1531162791178,1531162791171,2608861,0.00001685,230.00000000,0
1531162791394,1531162791389,2608862,0.00001685,56788.00000000,0
1531162793780,1531162793776,2608863,0.00001682,120.00000000,0
1531162793913,1531162793908,2608864,0.00001682,24.00000000,0
1531162793913,1531162793908,2608865,0.00001684,36.00000000,0
1531162793929,1531162793925,2608866,0.00001684,120.00000000,0
1531162794053,1531162794046,2608867,0.00001684,60.00000000,0
1531162794206,1531162794199,2608868,0.00001684,60.00000000,0
1531162794279,1531162794273,2608869,0.00001684,54.00000000,0
1531162794279,1531162794273,2608870,0.00001686,6.00000000,0
1531162796434,1531162796429,2608871,0.00001684,60.00000000,0
1531162796464,1531162796457,2608872,0.00001685,299.00000000,1
1531162796636,1531162796629,2608873,0.00001686,1854.00000000,0
1531162796636,1531162796629,2608874,0.00001687,344.00000000,0
1531162798629,1531162798623,2608875,0.00001687,731.00000000,0
1531162798951,1531162798945,2608876,0.00001687,1464.00000000,0
1531162798951,1531162798945,2608877,0.00001688,995.00000000,0
1531162798951,1531162798945,2608878,0.00001689,120.00000000,0
1531162798951,1531162798945,2608879,0.00001690,1486.00000000,0
1531162800753,1531162800748,2608880,0.00001690,4400.00000000,0
1531162800879,1531162800876,2608881,0.00001688,3118.00000000,1
1531162801222,1531162801216,2608882,0.00001690,2677.00000000,0
1531162801239,1531162801234,2608883,0.00001688,1829.00000000,1
1531162801323,1531162801317,2608884,0.00001690,11568.00000000,0
1531162801428,1531162801423,2608885,0.00001688,995.00000000,1
1531162801629,1531162801623,2608886,0.00001688,2665.00000000,1
1531162802376,1531162802372,2608887,0.00001689,349.00000000,0
1531162802777,1531162802771,2608888,0.00001689,233.00000000,0
1531162802777,1531162802771,2608889,0.00001690,1234.00000000,0
1531162803169,1531162803163,2608890,0.00001687,244.00000000,1
1531162803605,1531162803600,2608891,0.00001687,193.00000000,1
1531162804212,1531162804206,2608892,0.00001687,1095.00000000,1
1531162804460,1531162804454,2608893,0.00001687,12.00000000,0
1531162806391,1531162806387,2608894,0.00001687,436.00000000,0
1531162806545,1531162806541,2608895,0.00001687,611.00000000,1
1531162808857,1531162808852,2608896,0.00001688,120.00000000,1
1531162808857,1531162808852,2608897,0.00001687,11748.00000000,1
1531162809122,1531162809119,2608898,0.00001687,120.00000000,1
1531162809122,1531162809119,2608899,0.00001685,81.00000000,1
1531162809240,1531162809234,2608900,0.00001685,126.00000000,1
1531162809240,1531162809234,2608901,0.00001683,7.00000000,1
1531162809781,1531162809775,2608902,0.00001688,120.00000000,1
1531162809781,1531162809775,2608903,0.00001683,615.00000000,1
1531162809836,1531162809830,2608904,0.00001690,3637.00000000,0
1531162810626,1531162810621,2608905,0.00001683,1597.00000000,1
1531162812425,1531162812420,2608906,0.00001683,794.00000000,1
1531162813687,1531162813682,2608907,0.00001690,189.00000000,0
1531162813920,1531162813916,2608908,0.00001684,315.00000000,1
1531162813949,1531162813943,2608909,0.00001684,88.00000000,1
1531162813949,1531162813943,2608910,0.00001683,1568.00000000,1
1531162814376,1531162814370,2608911,0.00001683,120.00000000,0
1531162814443,1531162814438,2608912,0.00001683,5901.00000000,0
1531162814443,1531162814438,2608913,0.00001689,120.00000000,0
1531162814539,1531162814536,2608914,0.00001682,1614.00000000,1
1531162814662,1531162814657,2608915,0.00001689,110.00000000,0
1531162814717,1531162814711,2608916,0.00001689,173.00000000,0
1531162814717,1531162814711,2608917,0.00001690,1088.00000000,0
1531162815259,1531162815253,2608918,0.00001690,60.00000000,0
1531162815306,1531162815302,2608919,0.00001690,299.00000000,0
1531162815322,1531162815316,2608920,0.00001683,405.00000000,1
1531162816182,1531162816178,2608921,0.00001683,43.00000000,0
1531162816182,1531162816178,2608922,0.00001688,43.00000000,0
1531162817154,1531162817149,2608923,0.00001687,119.00000000,0
1531162817459,1531162817454,2608924,0.00001687,286.00000000,0
1531162817501,1531162817498,2608925,0.00001688,197.00000000,0
1531162818497,1531162818491,2608926,0.00001690,15793.00000000,0
1531162818551,1531162818546,2608927,0.00001690,404.00000000,1
1531162818968,1531162818965,2608928,0.00001690,67.00000000,1
1531162819384,1531162819379,2608929,0.00001690,66.00000000,1
1531162820593,1531162820587,2608930,0.00001690,6116.00000000,1
1531162820900,1531162820896,2608931,0.00001690,95.00000000,1
1531162821781,1531162821775,2608932,0.00001690,2674.00000000,1
1531162821874,1531162821868,2608933,0.00001690,4291.00000000,1
1531162822418,1531162822413,2608934,0.00001687,72.00000000,1
1531162822779,1531162822774,2608935,0.00001690,760.00000000,0
1531162823319,1531162823314,2608936,0.00001690,154.00000000,0
1531162823662,1531162823656,2608937,0.00001690,349.00000000,0
1531162824136,1531162824131,2608938,0.00001690,3164.00000000,0
1531162824839,1531162824834,2608939,0.00001687,333.00000000,1
1531162824839,1531162824834,2608940,0.00001682,830.00000000,1
1531162826775,1531162826772,2608941,0.00001683,413.00000000,1
1531162826775,1531162826772,2608942,0.00001682,353.00000000,1
1531162827680,1531162827673,2608943,0.00001682,1586.00000000,1
1531162827982,1531162827979,2608944,0.00001682,219.00000000,1
1531162828469,1531162828465,2608945,0.00001682,3879.00000000,1
1531162828539,1531162828534,2608946,0.00001683,413.00000000,0
1531162828539,1531162828534,2608947,0.00001685,113.00000000,0
1531162828539,1531162828534,2608948,0.00001689,2630.00000000,0
1531162828882,1531162828877,2608949,0.00001682,89.00000000,1
1531162829127,1531162829122,2608950,0.00001682,72.00000000,1
1531162830061,1531162830058,2608951,0.00001682,381.00000000,1
1531162830457,1531162830451,2608952,0.00001682,316.00000000,1
1531162831263,1531162831258,2608953,0.00001689,552.00000000,0
1531162831263,1531162831258,2608954,0.00001690,228.00000000,0
1531162831974,1531162831969,2608955,0.00001687,260.00000000,1
1531162831979,1531162831973,2608956,0.00001687,155.00000000,1
1531162831979,1531162831973,2608957,0.00001683,105.00000000,1
1531162832372,1531162832367,2608958,0.00001687,151.00000000,0
1531162832372,1531162832367,2608959,0.00001688,105.00000000,0
1531162833310,1531162833304,2608960,0.00001683,430.00000000,1
1531162834616,1531162834611,2608961,0.00001683,120.00000000,0
1531162835721,1531162835715,2608962,0.00001681,3016.00000000,1
1531162836770,1531162836769,2608963,0.00001681,4542.00000000,1
1531162839965,1531162839962,2608964,0.00001681,3184.00000000,1
1531162840083,1531162840074,2608965,0.00001682,66.00000000,0
1531162840083,1531162840074,2608966,0.00001683,5394.00000000,0
1531162840083,1531162840074,2608967,0.00001689,5488.00000000,0
1531162840083,1531162840074,2608968,0.00001690,880.00000000,0
1531162840083,1531162840074,2608969,0.00001691,1459.00000000,0
1531162840083,1531162840074,2608970,0.00001692,2512.00000000,0
1531162840083,1531162840074,2608971,0.00001693,10821.00000000,0
1531162842114,1531162842108,2608972,0.00001693,1210.00000000,0
1531162842114,1531162842108,2608973,0.00001694,5294.00000000,0
1531162842157,1531162842154,2608974,0.00001682,148.00000000,1
1531162842583,1531162842578,2608975,0.00001682,206.00000000,1
1531162842986,1531162842982,2608976,0.00001682,453.00000000,1
1531162847532,1531162847528,2608977,0.00001693,807.00000000,0
1531162847532,1531162847528,2608978,0.00001694,828.00000000,0
1531162848018,1531162848014,2608979,0.00001686,215.00000000,1
1531162850727,1531162850721,2608980,0.00001692,399.00000000,0
1531162852778,1531162852772,2608981,0.00001691,98.00000000,0
1531162853086,1531162853083,2608982,0.00001690,3573.00000000,0
1531162853113,1531162853106,2608983,0.00001690,3573.00000000,0
1531162853113,1531162853108,2608984,0.00001690,496.00000000,0
1531162853173,1531162853167,2608985,0.00001690,3577.00000000,0
1531162854860,1531162854855,2608986,0.00001689,60.00000000,0
1531162855007,1531162855003,2608987,0.00001689,25.00000000,0
1531162855135,1531162855130,2608988,0.00001689,120.00000000,0
1531162857088,1531162857085,2608989,0.00001689,1151.00000000,0
1531162857311,1531162857306,2608990,0.00001689,6.00000000,0
1531162857927,1531162857922,2608991,0.00001689,1247.00000000,0
1531162859010,1531162859004,2608992,0.00001688,2.00000000,0
1531162860059,1531162860051,2608993,0.00001688,2087.00000000,0
1531162860059,1531162860051,2608994,0.00001690,17684.00000000,0
1531162860059,1531162860051,2608995,0.00001691,2000.00000000,0
1531162860059,1531162860051,2608996,0.00001692,1028.00000000,0
1531162860059,1531162860051,2608997,0.00001694,1508.00000000,0
1531162860059,1531162860051,2608998,0.00001695,4681.00000000,0
1531162861201,1531162861195,2608999,0.00001689,88.00000000,1
1531162861201,1531162861195,2609000,0.00001687,364.00000000,1
1531162861201,1531162861195,2609001,0.00001686,355.00000000,1
1531162862889,1531162862883,2609002,0.00001687,402.00000000,0
1531162862889,1531162862883,2609003,0.00001688,562.00000000,0
1531162865167,1531162865161,2609004,0.00001686,1451.00000000,1
1531162865167,1531162865161,2609005,0.00001685,353.00000000,1
1531162865167,1531162865161,2609006,0.00001682,1569.00000000,1
1531162866169,1531162866163,2609007,0.00001688,438.00000000,0
1531162866169,1531162866163,2609008,0.00001693,364.00000000,0
1531162866169,1531162866163,2609009,0.00001694,6423.00000000,0
1531162869275,1531162869270,2609010,0.00001685,179.00000000,1
1531162871128,1531162871124,2609011,0.00001690,1077.00000000,1
1531162871224,1531162871218,2609012,0.00001690,525.00000000,1
1531162871237,1531162871231,2609013,0.00001690,2095.00000000,1
1531162871237,1531162871231,2609014,0.00001684,26.00000000,1
1531162872718,1531162872713,2609015,0.00001685,265.00000000,0
1531162872718,1531162872713,2609016,0.00001690,704.00000000,0
1531162872718,1531162872713,2609017,0.00001691,478.00000000,0
1531162872718,1531162872713,2609018,0.00001693,345.00000000,0
1531162874128,1531162874123,2609019,0.00001690,120.00000000,0
1531162874556,1531162874551,2609020,0.00001690,60.00000000,0
1531162874648,1531162874642,2609021,0.00001690,60.00000000,0
1531162874985,1531162874980,2609022,0.00001690,60.00000000,0
1531162876286,1531162876281,2609023,0.00001690,200.00000000,0
1531162878240,1531162878236,2609024,0.00001690,469.00000000,1
1531162880413,1531162880408,2609025,0.00001690,1091.00000000,1
1531162880460,1531162880455,2609026,0.00001690,62.00000000,1
1531162880618,1531162880612,2609027,0.00001693,443.00000000,0
1531162882837,1531162882833,2609028,0.00001690,244.00000000,1
1531162884707,1531162884702,2609029,0.00001690,700.00000000,1
1531162884871,1531162884869,2609030,0.00001690,124.00000000,1
1531162885413,1531162885411,2609031,0.00001690,700.00000000,1
1531162886995,1531162886989,2609032,0.00001690,122.00000000,1
1531162887247,1531162887242,2609033,0.00001693,239.00000000,0
1531162887256,1531162887251,2609034,0.00001690,49.00000000,1
1531162887557,1531162887555,2609035,0.00001690,127.00000000,1
1531162888860,1531162888856,2609036,0.00001690,1945.00000000,1
1531162891138,1531162891134,2609037,0.00001690,63.00000000,1
1531162893270,1531162893264,2609038,0.00001690,2005.00000000,1
1531162893758,1531162893753,2609039,0.00001689,319.00000000,1
1531162893758,1531162893753,2609040,0.00001685,470.00000000,1
1531162893758,1531162893753,2609041,0.00001682,277.00000000,1
1531162894502,1531162894496,2609042,0.00001685,60.00000000,0
1531162894522,1531162894517,2609043,0.00001685,351.00000000,0
1531162894653,1531162894648,2609044,0.00001685,1.00000000,0
1531162894653,1531162894648,2609045,0.00001690,59.00000000,0
1531162894748,1531162894745,2609046,0.00001690,60.00000000,0
1531162894772,1531162894769,2609047,0.00001690,60.00000000,0
1531162895128,1531162895123,2609048,0.00001690,4735.00000000,0
1531162895128,1531162895123,2609049,0.00001692,8615.00000000,0
1531162895226,1531162895219,2609050,0.00001692,60.00000000,0
1531162895476,1531162895471,2609051,0.00001690,120.00000000,0
1531162896532,1531162896526,2609052,0.00001690,60.00000000,0
1531162897461,1531162897458,2609053,0.00001690,62.00000000,0
1531162898174,1531162898168,2609054,0.00001689,415.00000000,1
1531162898174,1531162898168,2609055,0.00001685,416.00000000,1
1531162898174,1531162898168,2609056,0.00001683,1714.00000000,1
1531162898174,1531162898168,2609057,0.00001682,8598.00000000,1
1531162898174,1531162898168,2609058,0.00001681,310.00000000,1
1531162898174,1531162898168,2609059,0.00001680,9562.00000000,1
1531162898174,1531162898168,2609060,0.00001680,3293.00000000,1
1531162899367,1531162899361,2609061,0.00001689,353.00000000,0
1531162901142,1531162901138,2609062,0.00001685,60.00000000,1
1531162901496,1531162901490,2609063,0.00001689,1200.00000000,0
1531162905029,1531162905024,2609064,0.00001688,250.00000000,0
1531162905870,1531162905864,2609065,0.00001687,161.00000000,0
1531162905870,1531162905864,2609066,0.00001688,1109.00000000,0
1531162905870,1531162905864,2609067,0.00001689,733.00000000,0
1531162905870,1531162905864,2609068,0.00001690,236.00000000,0
1531162907855,1531162907849,2609069,0.00001688,307.00000000,1
1531162909406,1531162909401,2609070,0.00001689,367.00000000,0
1531162910104,1531162910098,2609071,0.00001689,1679.00000000,1
1531162910717,1531162910711,2609072,0.00001682,397.00000000,1
1531162910717,1531162910711,2609073,0.00001681,7648.00000000,1
1531162910717,1531162910711,2609074,0.00001680,8623.00000000,1
1531162910732,1531162910725,2609075,0.00001680,2122.00000000,0
1531162910773,1531162910768,2609076,0.00001679,60.00000000,1
1531162910773,1531162910768,2609077,0.00001678,2062.00000000,1
1531162912755,1531162912750,2609078,0.00001688,397.00000000,0
1531162912755,1531162912750,2609079,0.00001689,500.00000000,0
1531162912755,1531162912750,2609080,0.00001690,295.00000000,0
1531162913061,1531162913056,2609081,0.00001690,3082.00000000,0
1531162914373,1531162914366,2609082,0.00001690,60.00000000,0
1531162914817,1531162914814,2609083,0.00001681,399.00000000,1
1531162914817,1531162914814,2609084,0.00001680,222.00000000,1
1531162915234,1531162915227,2609085,0.00001680,609.00000000,1
1531162916562,1531162916557,2609086,0.00001687,297.00000000,1
1531162917203,1531162917198,2609087,0.00001681,4.00000000,0
1531162920867,1531162920863,2609088,0.00001683,154.00000000,1
1531162922113,1531162922108,2609089,0.00001689,1064.00000000,0
1531162922943,1531162922939,2609090,0.00001689,5922.00000000,0
1531162924486,1531162924478,2609091,0.00001686,66.00000000,1
1531162924486,1531162924478,2609092,0.00001684,198.00000000,1
1531162924907,1531162924902,2609093,0.00001684,40.00000000,1
1531162924907,1531162924902,2609094,0.00001683,140.00000000,1
1531162924908,1531162924902,2609095,0.00001681,1482.00000000,1
1531162925482,1531162925477,2609096,0.00001689,11.00000000,0
1531162925482,1531162925477,2609097,0.00001690,4989.00000000,0
1531162928063,1531162928057,2609098,0.00001683,84.00000000,1
1531162930205,1531162930202,2609099,0.00001689,305.00000000,0
1531162931853,1531162931846,2609100,0.00001683,295.00000000,1
1531162938907,1531162938901,2609101,0.00001683,1498.00000000,1
1531162942431,1531162942426,2609102,0.00001683,1498.00000000,1
1531162943138,1531162943132,2609103,0.00001686,120.00000000,0
1531162943138,1531162943132,2609104,0.00001689,427.00000000,0
1531162943785,1531162943780,2609105,0.00001683,12232.00000000,1
1531162944860,1531162944854,2609106,0.00001686,70.00000000,0
1531162946183,1531162946177,2609107,0.00001686,63.00000000,0
1531162946183,1531162946177,2609108,0.00001688,750.00000000,0
1531162946183,1531162946177,2609109,0.00001689,5546.00000000,0
1531162946183,1531162946177,2609110,0.00001690,21782.00000000,0
1531162946196,1531162946190,2609111,0.00001690,196.00000000,1
1531162946477,1531162946471,2609112,0.00001690,979.00000000,1
1531162946711,1531162946707,2609113,0.00001690,102.00000000,1
1531162947013,1531162947008,2609114,0.00001690,190.00000000,1
1531162947478,1531162947473,2609115,0.00001690,294.00000000,1
1531162950697,1531162950692,2609116,0.00001685,120.00000000,0
1531162954390,1531162954388,2609117,0.00001684,1491.00000000,1
1531162961018,1531162961012,2609118,0.00001684,7068.00000000,1
1531162961018,1531162961012,2609119,0.00001683,9421.00000000,1
1531162961018,1531162961012,2609120,0.00001680,468.00000000,1
1531162964972,1531162964966,2609121,0.00001685,103.00000000,1
1531162970795,1531162970789,2609122,0.00001688,43.00000000,0
1531162974637,1531162974632,2609123,0.00001688,14.00000000,0
1531162978215,1531162978209,2609124,0.00001688,362.00000000,0
1531162982970,1531162982964,2609125,0.00001688,164.00000000,0
1531162982970,1531162982964,2609126,0.00001690,651.00000000,0
1531162986461,1531162986456,2609127,0.00001690,270.00000000,0
1531162986666,1531162986662,2609128,0.00001688,933.00000000,1
1531162987457,1531162987451,2609129,0.00001690,1768.00000000,0
1531162987831,1531162987825,2609130,0.00001690,474.00000000,0
1531162989516,1531162989513,2609131,0.00001690,590.00000000,0
1531162991534,1531162991529,2609132,0.00001690,9074.00000000,0
1531162993456,1531162993451,2609133,0.00001690,112.00000000,0
1531162993590,1531162993583,2609134,0.00001690,1589.00000000,0
1531162994738,1531162994733,2609135,0.00001688,456.00000000,1
1531162999406,1531162999400,2609136,0.00001688,170.00000000,1
1531163000630,1531163000624,2609137,0.00001687,6398.00000000,0
1531163004721,1531163004715,2609138,0.00001686,1000.00000000,1
1531163012137,1531163012132,2609139,0.00001687,751.00000000,0
1531163022431,1531163022426,2609140,0.00001686,570.00000000,1
1531163026597,1531163026591,2609141,0.00001687,7.00000000,0
1531163026597,1531163026591,2609142,0.00001689,368.00000000,0
1531163030448,1531163030443,2609143,0.00001689,893.00000000,0
1531163030448,1531163030443,2609144,0.00001690,150.00000000,0
1531163030597,1531163030589,2609145,0.00001686,390.00000000,1
1531163030597,1531163030589,2609146,0.00001685,897.00000000,1
1531163030597,1531163030589,2609147,0.00001683,280.00000000,1
1531163030597,1531163030589,2609148,0.00001680,298.00000000,1
1531163030597,1531163030589,2609149,0.00001678,5553.00000000,1
1531163031236,1531163031232,2609150,0.00001690,266.00000000,0
1531163037095,1531163037090,2609151,0.00001679,57.00000000,1
1531163045286,1531163045282,2609152,0.00001688,282.00000000,0
1531163047297,1531163047292,2609153,0.00001680,78.00000000,1
1531163049443,1531163049438,2609154,0.00001680,195.00000000,1
1531163050756,1531163050750,2609155,0.00001680,4812.00000000,1
1531163050769,1531163050764,2609156,0.00001680,934.00000000,0
1531163050770,1531163050766,2609157,0.00001680,934.00000000,0
1531163050800,1531163050796,2609158,0.00001680,934.00000000,0
1531163050814,1531163050810,2609159,0.00001680,3306.00000000,0
1531163050836,1531163050829,2609160,0.00001680,934.00000000,0
1531163051754,1531163051751,2609161,0.00001680,12908.00000000,0
1531163053665,1531163053661,2609162,0.00001686,188.00000000,0
1531163053940,1531163053933,2609163,0.00001678,118.00000000,1
1531163056399,1531163056394,2609164,0.00001678,829.00000000,1
1531163056493,1531163056487,2609165,0.00001678,616.00000000,1
1531163056961,1531163056956,2609166,0.00001678,330.00000000,1
1531163056961,1531163056956,2609167,0.00001677,180.00000000,1
1531163056961,1531163056956,2609168,0.00001676,103.00000000,1
1531163056961,1531163056956,2609169,0.00001676,315.00000000,1
1531163057955,1531163057948,2609170,0.00001676,532.00000000,1
1531163057955,1531163057948,2609171,0.00001674,81.00000000,1
1531163060414,1531163060409,2609172,0.00001676,380.00000000,1
1531163061872,1531163061867,2609173,0.00001677,348.00000000,1
1531163061872,1531163061867,2609174,0.00001676,3713.00000000,1
1531163063043,1531163063038,2609175,0.00001677,626.00000000,1
1531163064392,1531163064389,2609176,0.00001676,11907.00000000,1
1531163064393,1531163064389,2609177,0.00001675,1140.00000000,1
1531163064755,1531163064749,2609178,0.00001680,934.00000000,1
1531163064881,1531163064876,2609179,0.00001680,1180.00000000,1
1531163065169,1531163065164,2609180,0.00001680,386.00000000,1
1531163065169,1531163065164,2609181,0.00001675,238.00000000,1
1531163065824,1531163065818,2609182,0.00001682,193.00000000,0
1531163066675,1531163066670,2609183,0.00001675,932.00000000,1
1531163066680,1531163066675,2609184,0.00001675,7953.00000000,1
1531163066712,1531163066708,2609185,0.00001675,2316.00000000,0
1531163066924,1531163066919,2609186,0.00001675,1707.00000000,0
1531163067017,1531163067012,2609187,0.00001675,2846.00000000,0
1531163067115,1531163067111,2609188,0.00001675,1560.00000000,0
1531163067568,1531163067564,2609189,0.00001675,6459.00000000,0
1531163067591,1531163067588,2609190,0.00001675,1162.00000000,0
1531163070387,1531163070380,2609191,0.00001674,612.00000000,1
1531163070586,1531163070581,2609192,0.00001674,543.00000000,1
1531163070788,1531163070784,2609193,0.00001674,609.00000000,1
1531163073469,1531163073464,2609194,0.00001675,188.00000000,0
1531163073785,1531163073780,2609195,0.00001674,5309.00000000,1
1531163073921,1531163073916,2609196,0.00001674,128.00000000,0
1531163075854,1531163075847,2609197,0.00001673,155.00000000,1
1531163077082,1531163077076,2609198,0.00001674,846.00000000,0
1531163080223,1531163080220,2609199,0.00001674,519.00000000,0
1531163080224,1531163080221,2609200,0.00001674,519.00000000,0
1531163080253,1531163080250,2609201,0.00001674,34.00000000,0
1531163080253,1531163080250,2609202,0.00001675,465.00000000,0
1531163086176,1531163086170,2609203,0.00001673,300.00000000,1
1531163087640,1531163087636,2609204,0.00001673,119.00000000,1
1531163091268,1531163091266,2609205,0.00001673,670.00000000,0
1531163091269,1531163091266,2609206,0.00001673,670.00000000,0
1531163093097,1531163093094,2609207,0.00001673,60.00000000,0
1531163093308,1531163093303,2609208,0.00001672,179.00000000,1
1531163093600,1531163093595,2609209,0.00001672,128.00000000,0
1531163093645,1531163093640,2609210,0.00001672,128.00000000,0
1531163094098,1531163094095,2609211,0.00001671,60.00000000,1
1531163094098,1531163094095,2609212,0.00001670,232.00000000,1
1531163099773,1531163099767,2609213,0.00001670,14.00000000,1
1531163099773,1531163099767,2609214,0.00001669,420.00000000,1
1531163099773,1531163099767,2609215,0.00001668,766.00000000,1
1531163101536,1531163101530,2609216,0.00001668,905.00000000,1
1531163101536,1531163101530,2609217,0.00001667,1200.00000000,1
1531163101536,1531163101530,2609218,0.00001666,4240.00000000,1
1531163101536,1531163101530,2609219,0.00001666,2733.00000000,1
1531163102205,1531163102200,2609220,0.00001668,352.00000000,0
1531163103801,1531163103796,2609221,0.00001668,768.00000000,0
1531163106047,1531163106042,2609222,0.00001668,592.00000000,0
1531163106516,1531163106510,2609223,0.00001667,1162.00000000,1
1531163106563,1531163106558,2609224,0.00001668,441.00000000,0
1531163108614,1531163108609,2609225,0.00001667,256.00000000,1
1531163110756,1531163110752,2609226,0.00001668,1.00000000,0
1531163111665,1531163111661,2609227,0.00001668,340.00000000,0
1531163111669,1531163111663,2609228,0.00001668,64.00000000,0
1531163112819,1531163112813,2609229,0.00001668,61.00000000,0
1531163114647,1531163114642,2609230,0.00001667,5216.00000000,1
1531163116642,1531163116636,2609231,0.00001667,10864.00000000,1
1531163117458,1531163117452,2609232,0.00001667,1887.00000000,1
1531163117634,1531163117627,2609233,0.00001668,4.00000000,0
1531163117634,1531163117627,2609234,0.00001670,6209.00000000,0
1531163117827,1531163117824,2609235,0.00001672,299.00000000,0
1531163117868,1531163117863,2609236,0.00001672,6209.00000000,0
1531163131758,1531163131754,2609237,0.00001670,3597.00000000,0
1531163134688,1531163134682,2609238,0.00001668,122.00000000,1
1531163135406,1531163135401,2609239,0.00001672,2378.00000000,0
1531163135464,1531163135459,2609240,0.00001672,114.00000000,0
1531163136132,1531163136126,2609241,0.00001672,764.00000000,0
1531163137259,1531163137253,2609242,0.00001672,316.00000000,0
1531163137489,1531163137482,2609243,0.00001668,1164.00000000,1
1531163137890,1531163137885,2609244,0.00001672,525.00000000,0
1531163139381,1531163139375,2609245,0.00001672,1791.00000000,0
1531163139440,1531163139437,2609246,0.00001672,95.00000000,1
1531163139457,1531163139453,2609247,0.00001672,63.00000000,1
1531163139647,1531163139641,2609248,0.00001672,3033.00000000,1
1531163140498,1531163140492,2609249,0.00001668,1135.00000000,1
1531163147944,1531163147939,2609250,0.00001668,3574.00000000,1
1531163172888,1531163172883,2609251,0.00001668,1221.00000000,1
1531163175089,1531163175083,2609252,0.00001672,1410.00000000,0
1531163175448,1531163175442,2609253,0.00001668,2372.00000000,1
1531163178545,1531163178537,2609254,0.00001669,587.00000000,1
1531163178545,1531163178537,2609255,0.00001668,86.00000000,1
1531163181160,1531163181156,2609256,0.00001668,673.00000000,1
1531163181187,1531163181183,2609257,0.00001668,214.00000000,1
1531163181371,1531163181367,2609258,0.00001672,177.00000000,0
1531163182820,1531163182814,2609259,0.00001672,4008.00000000,0
1531163182944,1531163182938,2609260,0.00001673,44.00000000,0
1531163184422,1531163184418,2609261,0.00001673,100.00000000,0
1531163185876,1531163185871,2609262,0.00001673,8.00000000,0
1531163187373,1531163187367,2609263,0.00001673,12.00000000,0
1531163188054,1531163188049,2609264,0.00001673,278.00000000,0
1531163189087,1531163189082,2609265,0.00001673,13.00000000,0
1531163192593,1531163192588,2609266,0.00001673,64.00000000,0
1531163193307,1531163193301,2609267,0.00001672,616.00000000,1
1531163195031,1531163195026,2609268,0.00001668,1500.00000000,1
1531163198665,1531163198662,2609269,0.00001668,955.00000000,1
1531163216674,1531163216668,2609270,0.00001672,10.00000000,0
1531163227080,1531163227075,2609271,0.00001670,925.00000000,1
1531163232478,1531163232473,2609272,0.00001670,1085.00000000,1
1531163235254,1531163235249,2609273,0.00001668,1445.00000000,1
1531163238256,1531163238250,2609274,0.00001668,4134.00000000,1
1531163239159,1531163239138,2609275,0.00001668,2903.00000000,1
1531163239159,1531163239138,2609276,0.00001667,854.00000000,1
1531163239159,1531163239138,2609277,0.00001666,8781.00000000,1
1531163239159,1531163239138,2609278,0.00001662,23539.00000000,1
1531163239159,1531163239138,2609279,0.00001661,11203.00000000,1
1531163239159,1531163239138,2609280,0.00001660,74085.00000000,1
1531163239159,1531163239138,2609281,0.00001658,2028.00000000,1
1531163239159,1531163239138,2609282,0.00001657,24390.00000000,1
1531163239159,1531163239138,2609283,0.00001656,370.00000000,1
1531163239159,1531163239138,2609284,0.00001655,8674.00000000,1
1531163239159,1531163239138,2609285,0.00001654,1149.00000000,1
1531163239159,1531163239138,2609286,0.00001653,1189.00000000,1
1531163239159,1531163239138,2609287,0.00001652,2232.00000000,1
1531163239159,1531163239138,2609288,0.00001651,773.00000000,1
1531163239168,1531163239163,2609289,0.00001655,316.00000000,0
1531163239194,1531163239189,2609290,0.00001670,316.00000000,0
1531163239465,1531163239461,2609291,0.00001664,47.00000000,1
1531163239845,1531163239839,2609292,0.00001664,271.00000000,1
1531163239866,1531163239861,2609293,0.00001664,419.00000000,1
1531163239934,1531163239930,2609294,0.00001664,281.00000000,1
1531163239957,1531163239952,2609295,0.00001664,350.00000000,1
1531163240101,1531163240099,2609296,0.00001664,281.00000000,1
1531163240275,1531163240269,2609297,0.00001665,300.00000000,0
1531163240347,1531163240341,2609298,0.00001664,271.00000000,1
1531163240391,1531163240387,2609299,0.00001664,25.00000000,1
1531163240690,1531163240685,2609300,0.00001663,71.00000000,0
1531163242091,1531163242088,2609301,0.00001663,784.00000000,0
1531163242219,1531163242214,2609302,0.00001663,71.00000000,0
1531163247578,1531163247573,2609303,0.00001659,499.00000000,0
1531163247586,1531163247581,2609304,0.00001659,118.00000000,0
1531163248452,1531163248446,2609305,0.00001654,80.00000000,1
1531163248835,1531163248829,2609306,0.00001659,3607.00000000,0
1531163248835,1531163248829,2609307,0.00001660,357.00000000,0
1531163252050,1531163252048,2609308,0.00001662,10.00000000,0
1531163255771,1531163255767,2609309,0.00001662,357.00000000,0
1531163260847,1531163260840,2609310,0.00001655,397.00000000,1
1531163260847,1531163260840,2609311,0.00001652,5992.00000000,1
1531163260847,1531163260840,2609312,0.00001651,350.00000000,1
1531163260847,1531163260840,2609313,0.00001650,1495.00000000,1
1531163260859,1531163260853,2609314,0.00001650,449.00000000,0
1531163260883,1531163260878,2609315,0.00001650,184.00000000,0
1531163260898,1531163260892,2609316,0.00001650,184.00000000,0
1531163260902,1531163260898,2609317,0.00001650,184.00000000,0
1531163260964,1531163260959,2609318,0.00001650,147.00000000,0
1531163261161,1531163261159,2609319,0.00001650,6894.00000000,0
1531163261416,1531163261411,2609320,0.00001650,8225.00000000,0
1531163261551,1531163261545,2609321,0.00001650,184.00000000,0
1531163261577,1531163261572,2609322,0.00001650,213.00000000,0
1531163261586,1531163261581,2609323,0.00001650,183.00000000,0
1531163261607,1531163261602,2609324,0.00001650,355.00000000,0
1531163261679,1531163261673,2609325,0.00001650,8224.00000000,0
1531163261773,1531163261768,2609326,0.00001650,213.00000000,0
1531163261775,1531163261769,2609327,0.00001650,8224.00000000,0
1531163261833,1531163261827,2609328,0.00001650,78.00000000,0
1531163261896,1531163261891,2609329,0.00001650,151.00000000,0
1531163261962,1531163261958,2609330,0.00001650,278.00000000,0
1531163262143,1531163262137,2609331,0.00001650,358.00000000,0
1531163262892,1531163262887,2609332,0.00001647,4619.00000000,1
1531163262950,1531163262943,2609333,0.00001649,396.00000000,0
1531163263024,1531163263019,2609334,0.00001649,1.00000000,0
1531163263635,1531163263629,2609335,0.00001650,10.00000000,0
1531163265422,1531163265416,2609336,0.00001649,200.00000000,0
1531163265455,1531163265449,2609337,0.00001649,170.00000000,0
1531163266254,1531163266250,2609338,0.00001650,543.00000000,0
1531163266266,1531163266260,2609339,0.00001650,543.00000000,0
1531163271682,1531163271675,2609340,0.00001646,651.00000000,1
1531163271682,1531163271675,2609341,0.00001645,434.00000000,1
1531163271684,1531163271675,2609342,0.00001645,561.00000000,1
1531163271684,1531163271675,2609343,0.00001644,110.00000000,1
1531163271684,1531163271675,2609344,0.00001643,421.00000000,1
1531163271684,1531163271675,2609345,0.00001642,183.00000000,1
1531163271684,1531163271675,2609346,0.00001640,1095.00000000,1
1531163271702,1531163271698,2609347,0.00001640,76.00000000,0
1531163271724,1531163271717,2609348,0.00001640,239.00000000,0
1531163271742,1531163271736,2609349,0.00001640,14241.00000000,0
1531163274201,1531163274198,2609350,0.00001647,84.00000000,0
1531163274201,1531163274198,2609351,0.00001650,155.00000000,0
1531163274217,1531163274211,2609352,0.00001650,646.00000000,0
1531163274242,1531163274236,2609353,0.00001650,844.00000000,0
1531163276706,1531163276700,2609354,0.00001650,10.00000000,0
1531163280247,1531163280242,2609355,0.00001650,481.00000000,0
1531163282721,1531163282716,2609356,0.00001650,742.00000000,0
1531163283812,1531163283807,2609357,0.00001650,594.00000000,0
1531163283819,1531163283814,2609358,0.00001650,198.00000000,0
1531163283832,1531163283828,2609359,0.00001650,594.00000000,0
1531163284290,1531163284284,2609360,0.00001643,10319.00000000,1
1531163285053,1531163285049,2609361,0.00001650,742.00000000,0
1531163285103,1531163285098,2609362,0.00001650,1496.00000000,0
1531163288566,1531163288559,2609363,0.00001640,312.00000000,1
1531163289451,1531163289448,2609364,0.00001650,7060.00000000,0
1531163290786,1531163290779,2609365,0.00001642,176.00000000,1
1531163292447,1531163292442,2609366,0.00001642,3786.00000000,1
1531163292447,1531163292442,2609367,0.00001640,1730.00000000,1
1531163293850,1531163293845,2609368,0.00001640,181.00000000,1
1531163296118,1531163296112,2609369,0.00001648,6.00000000,0
1531163297270,1531163297267,2609370,0.00001641,594.00000000,1
1531163298080,1531163298074,2609371,0.00001642,3779.00000000,1
1531163298080,1531163298074,2609372,0.00001641,4741.00000000,1
1531163300365,1531163300359,2609373,0.00001646,1758.00000000,0
1531163300486,1531163300481,2609374,0.00001646,1096.00000000,0
1531163302712,1531163302707,2609375,0.00001645,131.00000000,0
1531163302794,1531163302790,2609376,0.00001645,9.00000000,0
1531163309370,1531163309365,2609377,0.00001641,79.00000000,1
1531163309370,1531163309365,2609378,0.00001637,445.00000000,1
1531163309710,1531163309704,2609379,0.00001645,10.00000000,0
1531163311179,1531163311173,2609380,0.00001639,250.00000000,1
1531163311179,1531163311173,2609381,0.00001637,114.00000000,1
1531163313667,1531163313660,2609382,0.00001645,162.00000000,0
1531163313667,1531163313660,2609383,0.00001648,913.00000000,0
1531163313667,1531163313660,2609384,0.00001650,1191.00000000,0
1531163314473,1531163314468,2609385,0.00001650,1960.00000000,1
1531163315087,1531163315082,2609386,0.00001650,94.00000000,1
1531163319049,1531163319043,2609387,0.00001650,1992.00000000,1
1531163319140,1531163319135,2609388,0.00001638,4152.00000000,1
1531163319178,1531163319171,2609389,0.00001640,700.00000000,0
1531163319406,1531163319398,2609390,0.00001640,8028.00000000,0
1531163319811,1531163319804,2609391,0.00001640,12412.00000000,0
1531163319891,1531163319885,2609392,0.00001640,8027.00000000,0
1531163320300,1531163320296,2609393,0.00001640,10.00000000,0
1531163321874,1531163321867,2609394,0.00001640,16624.00000000,0
1531163324576,1531163324572,2609395,0.00001639,1460.00000000,1
1531163324576,1531163324572,2609396,0.00001636,68.00000000,1
1531163324576,1531163324572,2609397,0.00001635,451.00000000,1
1531163324576,1531163324572,2609398,0.00001634,313.00000000,1
1531163324586,1531163324579,2609399,0.00001634,5398.00000000,0
1531163326613,1531163326607,2609400,0.00001638,10.00000000,0
1531163327201,1531163327196,2609401,0.00001638,65.00000000,0
1531163327835,1531163327829,2609402,0.00001638,208.00000000,0
1531163327835,1531163327829,2609403,0.00001640,31852.00000000,0
1531163328135,1531163328130,2609404,0.00001636,145.00000000,0
1531163328715,1531163328710,2609405,0.00001636,358.00000000,0
1531163329149,1531163329145,2609406,0.00001635,210.00000000,0
1531163330687,1531163330681,2609407,0.00001639,3188.00000000,0
1531163330687,1531163330681,2609408,0.00001640,2324.00000000,0
1531163332215,1531163332210,2609409,0.00001640,10.00000000,0
1531163332454,1531163332449,2609410,0.00001640,2196.00000000,0
1531163333571,1531163333565,2609411,0.00001635,332.00000000,1
1531163335547,1531163335544,2609412,0.00001635,333.00000000,1
1531163336314,1531163336310,2609413,0.00001640,704.00000000,0
1531163337779,1531163337774,2609414,0.00001635,31.00000000,1
1531163337779,1531163337774,2609415,0.00001634,3047.00000000,1
1531163338427,1531163338421,2609416,0.00001635,256.00000000,0
1531163338834,1531163338828,2609417,0.00001640,10.00000000,0
1531163339687,1531163339682,2609418,0.00001640,2775.00000000,0
1531163343510,1531163343504,2609419,0.00001640,10809.00000000,0
1531163344203,1531163344197,2609420,0.00001640,10.00000000,0
1531163345924,1531163345920,2609421,0.00001640,11304.00000000,0
1531163346143,1531163346138,2609422,0.00001636,691.00000000,1
1531163346161,1531163346157,2609423,0.00001635,775.00000000,0
1531163347792,1531163347788,2609424,0.00001640,304.00000000,0
1531163352236,1531163352231,2609425,0.00001634,397.00000000,1
1531163354139,1531163354136,2609426,0.00001636,84.00000000,0
1531163355285,1531163355279,2609427,0.00001634,4.00000000,1
1531163355285,1531163355279,2609428,0.00001633,678.00000000,1
1531163355285,1531163355279,2609429,0.00001631,843.00000000,1
1531163356208,1531163356206,2609430,0.00001636,248.00000000,0
1531163356732,1531163356729,2609431,0.00001631,5.00000000,1
1531163358547,1531163358543,2609432,0.00001634,1559.00000000,0
1531163358893,1531163358886,2609433,0.00001635,501.00000000,0
1531163359585,1531163359580,2609434,0.00001632,1278.00000000,1
1531163360983,1531163360977,2609435,0.00001635,269.00000000,0
1531163361708,1531163361704,2609436,0.00001639,61.00000000,0
1531163365075,1531163365070,2609437,0.00001638,1.00000000,0
1531163366709,1531163366704,2609438,0.00001638,61.00000000,0
1531163367592,1531163367587,2609439,0.00001638,547.00000000,0
1531163367870,1531163367865,2609440,0.00001638,61.00000000,0
1531163368280,1531163368275,2609441,0.00001638,62.00000000,0
1531163368672,1531163368668,2609442,0.00001637,61.00000000,0
1531163368731,1531163368726,2609443,0.00001637,61.00000000,0
1531163369064,1531163369060,2609444,0.00001637,61.00000000,0
1531163371891,1531163371884,2609445,0.00001636,122.00000000,0
1531163371960,1531163371955,2609446,0.00001634,68.00000000,1
1531163372679,1531163372674,2609447,0.00001636,61.00000000,0
1531163373226,1531163373221,2609448,0.00001636,123.00000000,0
1531163376063,1531163376058,2609449,0.00001636,240.00000000,0
1531163377367,1531163377362,2609450,0.00001637,106.00000000,0
1531163382603,1531163382598,2609451,0.00001634,139.00000000,1
1531163382604,1531163382599,2609452,0.00001634,69.00000000,0
1531163382625,1531163382620,2609453,0.00001634,218.00000000,0
1531163384081,1531163384077,2609454,0.00001633,110.00000000,1
1531163386032,1531163386027,2609455,0.00001636,161.00000000,0
1531163387679,1531163387672,2609456,0.00001636,122.00000000,0
1531163388499,1531163388495,2609457,0.00001636,492.00000000,0
1531163390758,1531163390753,2609458,0.00001635,123.00000000,1
1531163390758,1531163390753,2609459,0.00001633,717.00000000,1
1531163391587,1531163391582,2609460,0.00001633,10.00000000,0
1531163392310,1531163392304,2609461,0.00001633,77.00000000,0
1531163392344,1531163392338,2609462,0.00001636,188.00000000,0
1531163392408,1531163392404,2609463,0.00001637,604.00000000,0
1531163392809,1531163392802,2609464,0.00001632,285.00000000,1
1531163394839,1531163394835,2609465,0.00001637,129.00000000,0
1531163395415,1531163395409,2609466,0.00001631,68.00000000,1
1531163395415,1531163395409,2609467,0.00001630,217.00000000,1
1531163395417,1531163395409,2609468,0.00001630,5129.00000000,1
1531163395417,1531163395409,2609469,0.00001628,143.00000000,1
1531163396682,1531163396677,2609470,0.00001628,87.00000000,0
1531163396785,1531163396779,2609471,0.00001628,127.00000000,0
1531163397323,1531163397317,2609472,0.00001627,5625.00000000,1
1531163397579,1531163397573,2609473,0.00001628,1192.00000000,0
1531163397958,1531163397949,2609474,0.00001628,456.00000000,0
1531163398134,1531163398129,2609475,0.00001627,96.00000000,1
1531163399956,1531163399950,2609476,0.00001628,2026.00000000,0
1531163399956,1531163399950,2609477,0.00001635,264.00000000,0
1531163400422,1531163400419,2609478,0.00001635,64.00000000,0
1531163406410,1531163406407,2609479,0.00001635,8.00000000,0
1531163409713,1531163409708,2609480,0.00001635,272.00000000,0
1531163410674,1531163410670,2609481,0.00001635,3658.00000000,1
1531163410913,1531163410908,2609482,0.00001635,2304.00000000,1
1531163411357,1531163411352,2609483,0.00001635,8.00000000,0
1531163414579,1531163414574,2609484,0.00001635,701.00000000,0
1531163414623,1531163414615,2609485,0.00001635,701.00000000,0
1531163421122,1531163421116,2609486,0.00001631,331.00000000,1
1531163421608,1531163421602,2609487,0.00001631,1000.00000000,1
1531163424521,1531163424516,2609488,0.00001635,5.00000000,0
1531163428670,1531163428665,2609489,0.00001635,5.00000000,0
1531163433135,1531163433128,2609490,0.00001632,701.00000000,1
1531163436467,1531163436460,2609491,0.00001632,472.00000000,1
1531163438352,1531163438345,2609492,0.00001634,434.00000000,0
1531163439285,1531163439283,2609493,0.00001634,8.00000000,0
1531163440898,1531163440892,2609494,0.00001632,427.00000000,1
1531163446948,1531163446942,2609495,0.00001634,124.00000000,0
1531163451204,1531163451200,2609496,0.00001634,5496.00000000,0
1531163451204,1531163451200,2609497,0.00001635,3124.00000000,0
1531163451204,1531163451200,2609498,0.00001636,331.00000000,0
1531163451204,1531163451200,2609499,0.00001637,267.00000000,0
1531163451204,1531163451200,2609500,0.00001639,6489.00000000,0
1531163451660,1531163451654,2609501,0.00001639,7.00000000,0
1531163454029,1531163454022,2609502,0.00001639,1888.00000000,0
1531163454319,1531163454313,2609503,0.00001639,160.00000000,0
1531163456566,1531163456561,2609504,0.00001639,7760.00000000,0
1531163456566,1531163456561,2609505,0.00001640,16061.00000000,0
1531163456592,1531163456587,2609506,0.00001640,604.00000000,1
1531163456607,1531163456603,2609507,0.00001640,499.00000000,1
1531163456888,1531163456883,2609508,0.00001640,604.00000000,1
1531163458801,1531163458796,2609509,0.00001644,31.00000000,0
1531163466914,1531163466908,2609510,0.00001643,1140.00000000,0
1531163466930,1531163466926,2609511,0.00001643,1688.00000000,1
1531163467422,1531163467417,2609512,0.00001641,1853.00000000,1
1531163475334,1531163475330,2609513,0.00001644,31.00000000,0
1531163478210,1531163478205,2609514,0.00001644,1853.00000000,1
1531163481720,1531163481716,2609515,0.00001644,175.00000000,1
1531163489067,1531163489061,2609516,0.00001643,62.00000000,0
1531163491379,1531163491373,2609517,0.00001641,367.00000000,0
1531163494282,1531163494278,2609518,0.00001641,244.00000000,0
1531163500480,1531163500475,2609519,0.00001641,184.00000000,0
1531163504995,1531163504989,2609520,0.00001641,130.00000000,0
1531163505765,1531163505760,2609521,0.00001641,200.00000000,0
1531163510285,1531163510280,2609522,0.00001640,3289.00000000,1
1531163511870,1531163511865,2609523,0.00001640,1260.00000000,0
1531163516970,1531163516964,2609524,0.00001636,187.00000000,1
1531163516970,1531163516964,2609525,0.00001634,227.00000000,1
1531163522160,1531163522152,2609526,0.00001639,587.00000000,0
1531163522160,1531163522152,2609527,0.00001640,6249.00000000,0
1531163522160,1531163522152,2609528,0.00001641,3566.00000000,0
1531163522160,1531163522152,2609529,0.00001643,7.00000000,0
1531163522160,1531163522152,2609530,0.00001644,2894.00000000,0
1531163522160,1531163522152,2609531,0.00001645,200.00000000,0
1531163522160,1531163522152,2609532,0.00001649,995.00000000,0
1531163522160,1531163522152,2609533,0.00001650,272.00000000,0
1531163522160,1531163522152,2609534,0.00001651,728.00000000,0
1531163522160,1531163522152,2609535,0.00001653,9196.00000000,0
1531163522351,1531163522346,2609536,0.00001643,362.00000000,1
1531163522351,1531163522346,2609537,0.00001641,363.00000000,1
1531163522351,1531163522346,2609538,0.00001634,1582.00000000,1
1531163522376,1531163522369,2609539,0.00001634,130.00000000,0
1531163522385,1531163522381,2609540,0.00001634,3112.00000000,0
1531163522407,1531163522402,2609541,0.00001634,130.00000000,0
1531163522423,1531163522418,2609542,0.00001634,130.00000000,0
1531163522484,1531163522480,2609543,0.00001634,104.00000000,0
1531163522998,1531163522992,2609544,0.00001634,130.00000000,0
1531163523107,1531163523102,2609545,0.00001634,2387.00000000,0
1531163525187,1531163525181,2609546,0.00001651,2000.00000000,0
1531163525187,1531163525181,2609547,0.00001652,696.00000000,0
1531163529757,1531163529751,2609548,0.00001649,3597.00000000,0
1531163529757,1531163529751,2609549,0.00001650,184.00000000,0
1531163529757,1531163529751,2609550,0.00001653,2188.00000000,0
1531163531558,1531163531555,2609551,0.00001652,2000.00000000,0
1531163532331,1531163532325,2609552,0.00001652,710.00000000,0
1531163532331,1531163532325,2609553,0.00001653,786.00000000,0
1531163534484,1531163534479,2609554,0.00001654,374.00000000,0
1531163536487,1531163536482,2609555,0.00001654,124.00000000,0
1531163541861,1531163541855,2609556,0.00001654,604.00000000,0
1531163542122,1531163542116,2609557,0.00001654,412.00000000,0
1531163542153,1531163542147,2609558,0.00001654,88.00000000,1
1531163572016,1531163572011,2609559,0.00001644,111.00000000,1
1531163575178,1531163575173,2609560,0.00001649,87.00000000,0
1531163619009,1531163619003,2609561,0.00001649,1224.00000000,0
1531163624403,1531163624398,2609562,0.00001642,388.00000000,1
1531163624421,1531163624414,2609563,0.00001642,69.00000000,0
1531163624440,1531163624435,2609564,0.00001642,76.00000000,0
