event_time,trade_time,trade_id,price,quantity,maker
1531160316010,1531160316006,1788184,0.00006520,458.00000000,1
1531160348572,1531160348569,1788185,0.00006524,2513.00000000,0
1531160348586,1531160348582,1788186,0.00006529,945.00000000,0
1531160386975,1531160386972,1788187,0.00006524,2829.00000000,0
1531160386992,1531160386988,1788188,0.00006529,812.00000000,0
1531160387007,1531160387005,1788189,0.00006529,1286.00000000,0
1531160413965,1531160413962,1788190,0.00006530,18.00000000,0
1531160429387,1531160429383,1788191,0.00006524,2884.00000000,0
1531160429403,1531160429400,1788192,0.00006529,95.00000000,0
1531160429427,1531160429423,1788193,0.00006529,968.00000000,0
1531160465307,1531160465303,1788194,0.00006524,998.00000000,0
1531160465318,1531160465314,1788195,0.00006529,745.00000000,0
1531160482800,1531160482795,1788196,0.00006529,93.00000000,0
1531160482800,1531160482795,1788197,0.00006530,167.00000000,0
1531160511971,1531160511968,1788198,0.00006530,466.00000000,0
1531160518990,1531160518987,1788199,0.00006530,319.00000000,0
1531160526193,1531160526190,1788200,0.00006530,1.00000000,0
1531160567494,1531160567490,1788201,0.00006531,947.00000000,0
1531160567519,1531160567515,1788202,0.00006531,1330.00000000,0
1531160575487,1531160575484,1788203,0.00006532,517.00000000,0
1531160588149,1531160588145,1788204,0.00006532,137.00000000,0
1531160589647,1531160589645,1788205,0.00006532,355.00000000,0
1531160599395,1531160599392,1788206,0.00006530,395.00000000,0
1531160599409,1531160599406,1788207,0.00006531,196.00000000,0
1531160602653,1531160602650,1788208,0.00006532,64.00000000,0
1531160626213,1531160626210,1788209,0.00006530,414.00000000,0
1531160626225,1531160626221,1788210,0.00006531,203.00000000,0
1531160638569,1531160638558,1788211,0.00006529,20.00000000,0
1531160648979,1531160648975,1788212,0.00006531,757.00000000,0
1531160652959,1531160652956,1788213,0.00006530,2359.00000000,1
1531160652988,1531160652985,1788214,0.00006531,1058.00000000,0
1531160702024,1531160702019,1788215,0.00006532,235.00000000,0
1531160706002,1531160705998,1788216,0.00006531,158.00000000,1
1531160706020,1531160706016,1788217,0.00006531,1915.00000000,0
1531160706035,1531160706032,1788218,0.00006531,158.00000000,1
1531160716390,1531160716388,1788219,0.00006532,18.00000000,0
1531160736444,1531160736439,1788220,0.00006531,2901.00000000,1
1531160736461,1531160736458,1788221,0.00006531,1004.00000000,0
1531160736477,1531160736473,1788222,0.00006531,1486.00000000,1
1531160736493,1531160736489,1788223,0.00006531,1415.00000000,1
1531160744647,1531160744644,1788224,0.00006532,18.00000000,0
1531160785925,1531160785921,1788225,0.00006531,1229.00000000,1
1531160821512,1531160821508,1788226,0.00006530,2522.00000000,1
1531160834478,1531160834474,1788227,0.00006531,297.00000000,1
1531160841083,1531160841081,1788228,0.00006530,307.00000000,1
1531160841083,1531160841081,1788229,0.00006520,1384.00000000,1
1531160867849,1531160867845,1788230,0.00006521,350.00000000,1
1531160878083,1531160878078,1788231,0.00006521,1060.00000000,1
1531160878096,1531160878092,1788232,0.00006521,990.00000000,1
1531160926751,1531160926746,1788233,0.00006521,1090.00000000,1
1531160926771,1531160926766,1788234,0.00006521,547.00000000,1
1531160958711,1531160958707,1788235,0.00006521,1306.00000000,1
1531160986129,1531160986124,1788236,0.00006521,695.00000000,1
1531160992981,1531160992978,1788237,0.00006526,3489.00000000,0
1531160992999,1531160992995,1788238,0.00006521,428.00000000,1
1531160993024,1531160993020,1788239,0.00006521,1283.00000000,1
1531161016752,1531161016748,1788240,0.00006531,18.00000000,0
1531161025147,1531161025144,1788241,0.00006526,1238.00000000,0
1531161025169,1531161025164,1788242,0.00006521,737.00000000,1
1531161037458,1531161037454,1788243,0.00006531,18.00000000,0
1531161040745,1531161040742,1788244,0.00006521,17.00000000,1
1531161085643,1531161085640,1788245,0.00006521,267.00000000,1
1531161124105,1531161124102,1788246,0.00006526,911.00000000,0
1531161124124,1531161124121,1788247,0.00006521,390.00000000,1
1531161124146,1531161124143,1788248,0.00006521,512.00000000,1
1531161167238,1531161167234,1788249,0.00006526,3736.00000000,0
1531161167246,1531161167242,1788250,0.00006521,728.00000000,1
1531161167264,1531161167259,1788251,0.00006521,1271.00000000,1
1531161189465,1531161189460,1788252,0.00006521,1434.00000000,1
1531161215057,1531161215052,1788253,0.00006530,60.00000000,0
1531161215057,1531161215052,1788254,0.00006531,4019.00000000,0
1531161215769,1531161215764,1788255,0.00006532,60.00000000,0
1531161233831,1531161233826,1788256,0.00006531,60.00000000,0
1531161233831,1531161233826,1788257,0.00006532,252.00000000,0
1531161234866,1531161234864,1788258,0.00006532,60.00000000,0
1531161305605,1531161305601,1788259,0.00006531,60.00000000,0
1531161305605,1531161305601,1788260,0.00006532,262.00000000,0
1531161306711,1531161306707,1788261,0.00006532,60.00000000,0
1531161319251,1531161319248,1788262,0.00006531,18.00000000,0
1531161319288,1531161319284,1788263,0.00006531,18.00000000,0
1531161320286,1531161320283,1788264,0.00006531,18.00000000,0
1531161321291,1531161321288,1788265,0.00006531,6.00000000,0
1531161321291,1531161321288,1788266,0.00006532,12.00000000,0
1531161322287,1531161322284,1788267,0.00006532,16.00000000,0
1531161343829,1531161343826,1788268,0.00006531,18.00000000,0
1531161344554,1531161344549,1788269,0.00006531,16.00000000,0
1531161345556,1531161345552,1788270,0.00006531,16.00000000,0
1531161346568,1531161346563,1788271,0.00006531,16.00000000,0
1531161347827,1531161347824,1788272,0.00006531,4.00000000,0
1531161347827,1531161347824,1788273,0.00006532,12.00000000,0
1531161445205,1531161445201,1788274,0.00006513,55.00000000,1
1531161445235,1531161445231,1788275,0.00006512,21.00000000,1
1531161485236,1531161485233,1788276,0.00006522,883.00000000,0
1531161485244,1531161485240,1788277,0.00006514,1235.00000000,1
1531161485261,1531161485258,1788278,0.00006514,465.00000000,1
1531161503576,1531161503571,1788279,0.00006522,1151.00000000,0
1531161503588,1531161503584,1788280,0.00006514,811.00000000,1
1531161564816,1531161564811,1788281,0.00006516,646.00000000,1
1531161570037,1531161570032,1788282,0.00006523,883.00000000,0
1531161570049,1531161570044,1788283,0.00006516,597.00000000,1
1531161586559,1531161586557,1788284,0.00006516,615.00000000,1
1531161603916,1531161603914,1788285,0.00006523,954.00000000,0
1531161603930,1531161603925,1788286,0.00006516,327.00000000,1
1531161621278,1531161621274,1788287,0.00006531,18.00000000,0
1531161724655,1531161724651,1788288,0.00006527,894.00000000,0
1531161724667,1531161724664,1788289,0.00006523,1444.00000000,1
1531161724693,1531161724689,1788290,0.00006523,481.00000000,1
1531161728002,1531161727998,1788291,0.00006522,177.00000000,1
1531161737787,1531161737783,1788292,0.00006516,18.00000000,1
1531161737787,1531161737783,1788293,0.00006515,353.00000000,1
1531161740269,1531161740264,1788294,0.00006515,27.00000000,0
1531161750223,1531161750219,1788295,0.00006513,95.00000000,1
1531161750223,1531161750219,1788296,0.00006512,2.00000000,1
1531161751584,1531161751580,1788297,0.00006512,127.00000000,1
1531161751584,1531161751580,1788298,0.00006510,83.00000000,1
1531161770598,1531161770594,1788299,0.00006515,1340.00000000,0
1531161770620,1531161770616,1788300,0.00006511,1105.00000000,1
1531161770640,1531161770636,1788301,0.00006511,588.00000000,1
1531161785795,1531161785790,1788302,0.00006515,2919.00000000,0
1531161785810,1531161785804,1788303,0.00006511,16.00000000,1
1531161785848,1531161785826,1788304,0.00006511,1339.00000000,1
1531161801531,1531161801527,1788305,0.00006511,1381.00000000,1
1531161801553,1531161801550,1788306,0.00006511,378.00000000,1
1531161866622,1531161866617,1788307,0.00006511,905.00000000,1
1531161883150,1531161883145,1788308,0.00006515,2650.00000000,0
1531161883163,1531161883159,1788309,0.00006511,694.00000000,1
1531161883179,1531161883176,1788310,0.00006511,1173.00000000,1
1531161889205,1531161889200,1788311,0.00006519,150.00000000,0
1531161889205,1531161889200,1788312,0.00006530,530.00000000,0
1531161889205,1531161889200,1788313,0.00006532,1713.00000000,0
1531161894889,1531161894883,1788314,0.00006513,614.00000000,1
1531161894889,1531161894883,1788315,0.00006512,150.00000000,1
1531161894889,1531161894883,1788316,0.00006510,2018.00000000,1
1531161894889,1531161894883,1788317,0.00006507,30.00000000,1
1531161894889,1531161894883,1788318,0.00006502,400.00000000,1
1531161894889,1531161894883,1788319,0.00006500,38.00000000,1
1531161894889,1531161894883,1788320,0.00006499,247.00000000,1
1531161894889,1531161894883,1788321,0.00006494,167.00000000,1
1531161894906,1531161894901,1788322,0.00006494,542.00000000,0
1531161894915,1531161894911,1788323,0.00006494,307.00000000,0
1531161894969,1531161894965,1788324,0.00006494,59.00000000,1
1531161898022,1531161898017,1788325,0.00006498,59.00000000,1
1531161898022,1531161898017,1788326,0.00006497,301.00000000,1
1531161898022,1531161898017,1788327,0.00006495,182.00000000,1
1531161911055,1531161911050,1788328,0.00006510,59.00000000,0
1531161911055,1531161911050,1788329,0.00006511,23.00000000,0
1531161911185,1531161911183,1788330,0.00006511,25.00000000,0
1531161911205,1531161911202,1788331,0.00006511,23.00000000,0
1531161914145,1531161914142,1788332,0.00006497,23.00000000,1
1531161917335,1531161917332,1788333,0.00006511,18.00000000,0
1531161924632,1531161924628,1788334,0.00006504,1229.00000000,0
1531161924641,1531161924637,1788335,0.00006498,580.00000000,1
1531161942251,1531161942248,1788336,0.00006505,1867.00000000,0
1531161942268,1531161942265,1788337,0.00006499,811.00000000,1
1531161942286,1531161942282,1788338,0.00006499,1459.00000000,1
1531161945566,1531161945563,1788339,0.00006511,6.00000000,0
1531161963633,1531161963629,1788340,0.00006516,138.00000000,0
1531161965236,1531161965232,1788341,0.00006516,44.00000000,0
1531161971017,1531161971012,1788342,0.00006516,11.00000000,0
1531161971017,1531161971012,1788343,0.00006519,150.00000000,0
1531161971314,1531161971310,1788344,0.00006521,102.00000000,0
1531161971326,1531161971322,1788345,0.00006521,26.00000000,0
1531161971326,1531161971322,1788346,0.00006522,373.00000000,0
1531161985868,1531161985864,1788347,0.00006513,1010.00000000,1
1531161988183,1531161988179,1788348,0.00006522,27.00000000,0
1531161992535,1531161992531,1788349,0.00006529,80.00000000,0
1531161992678,1531161992675,1788350,0.00006513,131.00000000,1
1531161992686,1531161992683,1788351,0.00006513,486.00000000,1
1531161993442,1531161993436,1788352,0.00006529,18.00000000,0
1531161993442,1531161993436,1788353,0.00006531,127.00000000,0
1531161994442,1531161994436,1788354,0.00006532,194.00000000,0
1531161994456,1531161994452,1788355,0.00006532,194.00000000,0
1531161997587,1531161997582,1788356,0.00006513,108.00000000,1
1531161997587,1531161997582,1788357,0.00006512,85.00000000,1
1531162005787,1531162005785,1788358,0.00006531,108.00000000,0
1531162005787,1531162005785,1788359,0.00006532,1464.00000000,0
1531162048465,1531162048461,1788360,0.00006538,53.00000000,0
1531162052451,1531162052447,1788361,0.00006538,7.00000000,0
1531162052451,1531162052447,1788362,0.00006539,43.00000000,0
1531162052470,1531162052465,1788363,0.00006539,106.00000000,0
1531162052482,1531162052478,1788364,0.00006539,1.00000000,0
1531162052482,1531162052478,1788365,0.00006541,59.00000000,0
1531162057343,1531162057338,1788366,0.00006541,68.00000000,0
1531162066347,1531162066341,1788367,0.00006548,22.00000000,0
1531162068348,1531162068344,1788368,0.00006551,17.00000000,0
1531162068493,1531162068490,1788369,0.00006551,12.00000000,0
1531162068493,1531162068490,1788370,0.00006553,127.00000000,0
1531162068727,1531162068722,1788371,0.00006559,149.00000000,0
1531162083250,1531162083247,1788372,0.00006559,1.00000000,0
1531162083269,1531162083264,1788373,0.00006563,124.00000000,0
1531162095502,1531162095498,1788374,0.00006563,1.00000000,0
1531162112056,1531162112051,1788375,0.00006563,148.00000000,1
1531162117495,1531162117490,1788376,0.00006563,85.00000000,1
1531162126011,1531162126007,1788377,0.00006568,1420.00000000,0
1531162126021,1531162126017,1788378,0.00006564,1029.00000000,1
1531162142196,1531162142191,1788379,0.00006564,128.00000000,1
1531162143224,1531162143218,1788380,0.00006568,367.00000000,0
1531162143231,1531162143227,1788381,0.00006564,6.00000000,1
1531162152218,1531162152214,1788382,0.00006563,6.00000000,1
1531162152218,1531162152214,1788383,0.00006555,133.00000000,1
1531162152218,1531162152214,1788384,0.00006553,127.00000000,1
1531162152218,1531162152214,1788385,0.00006552,60.00000000,1
1531162152252,1531162152250,1788386,0.00006552,90.00000000,1
1531162164675,1531162164670,1788387,0.00006538,1186.00000000,1
1531162205336,1531162205330,1788388,0.00006559,150.00000000,0
1531162209310,1531162209306,1788389,0.00006569,113.00000000,0
1531162247430,1531162247426,1788390,0.00006569,14.00000000,0
1531162247756,1531162247753,1788391,0.00006553,1084.00000000,1
1531162247771,1531162247766,1788392,0.00006553,1479.00000000,1
1531162274321,1531162274316,1788393,0.00006572,18.00000000,0
1531162282187,1531162282182,1788394,0.00006578,58.00000000,0
1531162282202,1531162282197,1788395,0.00006578,2.00000000,0
1531162282202,1531162282197,1788396,0.00006579,147.00000000,0
1531162282671,1531162282666,1788397,0.00006579,3.00000000,0
1531162282671,1531162282666,1788398,0.00006581,57.00000000,0
1531162282688,1531162282685,1788399,0.00006581,343.00000000,0
1531162300224,1531162300221,1788400,0.00006599,149.00000000,0
1531162300554,1531162300549,1788401,0.00006599,1237.00000000,0
1531162304903,1531162304898,1788402,0.00006598,1309.00000000,0
1531162305007,1531162305003,1788403,0.00006593,118.00000000,1
1531162306116,1531162306111,1788404,0.00006596,3030.00000000,0
1531162306123,1531162306119,1788405,0.00006593,203.00000000,1
1531162306136,1531162306132,1788406,0.00006593,1177.00000000,1
1531162306645,1531162306640,1788407,0.00006592,150.00000000,1
1531162308352,1531162308347,1788408,0.00006573,38.00000000,1
1531162333132,1531162333129,1788409,0.00006582,2122.00000000,0
1531162333146,1531162333142,1788410,0.00006573,43.00000000,1
1531162337574,1531162337570,1788411,0.00006572,80.00000000,1
1531162384165,1531162384161,1788412,0.00006573,879.00000000,1
1531162405634,1531162405628,1788413,0.00006573,1122.00000000,1
1531162405650,1531162405646,1788414,0.00006573,72.00000000,1
1531162445873,1531162445869,1788415,0.00006573,861.00000000,1
1531162473766,1531162473764,1788416,0.00006573,1348.00000000,1
1531162473788,1531162473784,1788417,0.00006573,151.00000000,1
1531162496327,1531162496323,1788418,0.00006590,1.00000000,0
1531162497125,1531162497122,1788419,0.00006590,16.00000000,0
1531162498125,1531162498118,1788420,0.00006590,16.00000000,0
1531162596117,1531162596112,1788421,0.00006573,47.00000000,1
1531162596117,1531162596112,1788422,0.00006572,60.00000000,1
1531162596122,1531162596117,1788423,0.00006572,10.00000000,1
1531162596122,1531162596117,1788424,0.00006568,37.00000000,1
1531162596139,1531162596136,1788425,0.00006568,90.00000000,1
1531162606283,1531162606279,1788426,0.00006564,940.00000000,1
1531162608450,1531162608445,1788427,0.00006563,341.00000000,1
1531162608450,1531162608445,1788428,0.00006561,400.00000000,1
1531162609030,1531162609026,1788429,0.00006558,59.00000000,1
1531162646541,1531162646537,1788430,0.00006564,1776.00000000,0
1531162646552,1531162646548,1788431,0.00006557,759.00000000,1
1531162667232,1531162667226,1788432,0.00006556,272.00000000,1
1531162667232,1531162667226,1788433,0.00006552,150.00000000,1
1531162675552,1531162675547,1788434,0.00006537,147.00000000,1
1531162677823,1531162677819,1788435,0.00006537,1120.00000000,1
1531162695704,1531162695699,1788436,0.00006537,135.00000000,0
1531162696242,1531162696237,1788437,0.00006537,12.00000000,0
1531162696242,1531162696237,1788438,0.00006550,108.00000000,0
1531162737902,1531162737897,1788439,0.00006537,195.00000000,1
1531162946206,1531162946200,1788440,0.00006549,428.00000000,0
1531162946220,1531162946216,1788441,0.00006539,315.00000000,1
1531163215347,1531163215340,1788442,0.00006537,46.00000000,1
1531163215347,1531163215340,1788443,0.00006536,125.00000000,1
1531163215347,1531163215340,1788444,0.00006533,127.00000000,1
1531163215347,1531163215340,1788445,0.00006532,150.00000000,1
1531163215347,1531163215340,1788446,0.00006507,184.00000000,1
1531163215347,1531163215340,1788447,0.00006506,1243.00000000,1
1531163215367,1531163215361,1788448,0.00006506,98.00000000,0
1531163215389,1531163215384,1788449,0.00006506,107.00000000,0
1531163215402,1531163215397,1788450,0.00006506,42.00000000,0
1531163215461,1531163215455,1788451,0.00006505,42.00000000,1
1531163215499,1531163215493,1788452,0.00006506,16.00000000,0
1531163215648,1531163215646,1788453,0.00006506,1300.00000000,0
1531163215726,1531163215722,1788454,0.00006506,464.00000000,0
1531163215763,1531163215759,1788455,0.00006506,98.00000000,0
1531163215779,1531163215776,1788456,0.00006506,55.00000000,0
1531163215838,1531163215835,1788457,0.00006506,150.00000000,0
1531163216214,1531163216211,1788458,0.00006506,542.00000000,0
1531163216451,1531163216446,1788459,0.00006505,49.00000000,1
1531163216475,1531163216469,1788460,0.00006505,135.00000000,0
1531163217089,1531163217084,1788461,0.00006506,542.00000000,0
1531163218826,1531163218819,1788462,0.00006504,197.00000000,0
1531163221670,1531163221666,1788463,0.00006503,38.00000000,0
1531163224464,1531163224460,1788464,0.00006502,1492.00000000,1
1531163230840,1531163230834,1788465,0.00006503,16.00000000,1
1531163230847,1531163230842,1788466,0.00006503,107.00000000,1
1531163265760,1531163265756,1788467,0.00006502,725.00000000,1
1531163288599,1531163288594,1788468,0.00006501,30.00000000,1
1531163299915,1531163299909,1788469,0.00006504,1.00000000,0
1531163299915,1531163299909,1788470,0.00006506,106.00000000,0
1531163299928,1531163299923,1788471,0.00006501,110.00000000,1
1531163300003,1531163299998,1788472,0.00006501,260.00000000,1
1531163300003,1531163299998,1788473,0.00006492,153.00000000,1
1531163300003,1531163299998,1788474,0.00006491,404.00000000,1
1531163300003,1531163299998,1788475,0.00006490,80.00000000,1
1531163300003,1531163299998,1788476,0.00006489,63.00000000,1
1531163300003,1531163299998,1788477,0.00006486,45.00000000,1
1531163300003,1531163299998,1788478,0.00006486,132.00000000,1
1531163300003,1531163299998,1788479,0.00006482,106.00000000,1
1531163304516,1531163304512,1788480,0.00006484,3.00000000,1
1531163305547,1531163305543,1788481,0.00006485,386.00000000,0
1531163306935,1531163306929,1788482,0.00006484,3.00000000,1
1531163307410,1531163307404,1788483,0.00006484,192.00000000,1
1531163310674,1531163310669,1788484,0.00006485,100.00000000,0
1531163311188,1531163311184,1788485,0.00006485,34.00000000,0
1531163311188,1531163311184,1788486,0.00006493,51.00000000,0
1531163315690,1531163315685,1788487,0.00006493,27.00000000,0
1531163355989,1531163355983,1788488,0.00006481,627.00000000,1
1531163363293,1531163363289,1788489,0.00006481,150.00000000,1
1531163366568,1531163366563,1788490,0.00006481,866.00000000,1
1531163366731,1531163366726,1788491,0.00006480,142.00000000,1
1531163366732,1531163366726,1788492,0.00006480,87.00000000,1
1531163366732,1531163366726,1788493,0.00006480,99.00000000,1
1531163366758,1531163366753,1788494,0.00006480,1.00000000,1
1531163375854,1531163375849,1788495,0.00006480,2085.00000000,1
1531163405384,1531163405379,1788496,0.00006481,150.00000000,0
1531163408946,1531163408942,1788497,0.00006493,24.00000000,0
1531163409603,1531163409597,1788498,0.00006493,48.00000000,0
1531163412294,1531163412288,1788499,0.00006494,29.00000000,0
1531163425203,1531163425198,1788500,0.00006487,502.00000000,1
1531163425222,1531163425215,1788501,0.00006487,191.00000000,1
1531163436412,1531163436407,1788502,0.00006497,18.00000000,0
1531163451480,1531163451475,1788503,0.00006497,110.00000000,0
1531163451480,1531163451475,1788504,0.00006503,43.00000000,0
1531163465292,1531163465286,1788505,0.00006497,1163.00000000,1
1531163474978,1531163474974,1788506,0.00006497,91.00000000,1
1531163505794,1531163505788,1788507,0.00006498,1308.00000000,1
1531163510311,1531163510304,1788508,0.00006496,8.00000000,1
1531163515158,1531163515153,1788509,0.00006497,1269.00000000,1
1531163525054,1531163525051,1788510,0.00006500,21.00000000,0
1531163525066,1531163525061,1788511,0.00006497,874.00000000,1
1531163525077,1531163525072,1788512,0.00006497,17.00000000,1
1531163546807,1531163546800,1788513,0.00006497,419.00000000,1
1531163582584,1531163582578,1788514,0.00006503,50.00000000,0
1531163585381,1531163585377,1788515,0.00006497,1372.00000000,1
1531163621566,1531163621561,1788516,0.00006497,213.00000000,1
1531163621584,1531163621578,1788517,0.00006497,322.00000000,1
1531163686149,1531163686142,1788518,0.00006500,1799.00000000,0
1531163686161,1531163686155,1788519,0.00006497,612.00000000,1
1531163718874,1531163718871,1788520,0.00006503,18.00000000,0
1531163723185,1531163723180,1788521,0.00006497,7.00000000,1
1531163724987,1531163724982,1788522,0.00006497,156.00000000,1
1531163725005,1531163724998,1788523,0.00006497,1212.00000000,1
1531163743409,1531163743402,1788524,0.00006497,7.00000000,0
1531163765479,1531163765474,1788525,0.00006497,841.00000000,1
1531163765497,1531163765492,1788526,0.00006497,367.00000000,1
1531163802658,1531163802653,1788527,0.00006500,1398.00000000,0
1531163802675,1531163802668,1788528,0.00006497,699.00000000,1
1531163824155,1531163824149,1788529,0.00006497,741.00000000,1
1531163824172,1531163824167,1788530,0.00006497,1063.00000000,1
1531163857848,1531163857843,1788531,0.00006497,1307.00000000,1
1531163904883,1531163904878,1788532,0.00006497,884.00000000,1
1531163904899,1531163904894,1788533,0.00006497,1388.00000000,1
1531163916848,1531163916842,1788534,0.00006497,1454.00000000,1
1531163966430,1531163966425,1788535,0.00006500,1865.00000000,0
1531163966440,1531163966435,1788536,0.00006497,815.00000000,1
1531163966456,1531163966449,1788537,0.00006497,1435.00000000,1
1531163981930,1531163981924,1788538,0.00006500,1920.00000000,0
1531163981952,1531163981947,1788539,0.00006497,1055.00000000,1
1531164015071,1531164015065,1788540,0.00006503,18.00000000,0
1531164026143,1531164026141,1788541,0.00006500,538.00000000,0
1531164026155,1531164026150,1788542,0.00006497,464.00000000,1
1531164033161,1531164033156,1788543,0.00006500,653.00000000,0
1531164033169,1531164033164,1788544,0.00006497,242.00000000,1
1531164038818,1531164038812,1788545,0.00006503,18.00000000,0
1531164064974,1531164064970,1788546,0.00006497,342.00000000,1
1531164068107,1531164068106,1788547,0.00006496,3.00000000,1
1531164069666,1531164069664,1788548,0.00006503,154.00000000,0
1531164098007,1531164098002,1788549,0.00006500,382.00000000,0
1531164098021,1531164098016,1788550,0.00006497,361.00000000,1
1531164145358,1531164145352,1788551,0.00006497,1099.00000000,1
1531164175002,1531164174997,1788552,0.00006500,1383.00000000,0
1531164175014,1531164175008,1788553,0.00006497,461.00000000,1
1531164175030,1531164175023,1788554,0.00006497,1383.00000000,1
1531164204847,1531164204840,1788555,0.00006500,1753.00000000,0
1531164204863,1531164204858,1788556,0.00006497,1169.00000000,1
1531164222855,1531164222849,1788557,0.00006500,308.00000000,0
1531164222866,1531164222860,1788558,0.00006497,272.00000000,1
1531164222888,1531164222882,1788559,0.00006497,200.00000000,1
1531164287498,1531164287492,1788560,0.00006500,694.00000000,0
1531164287517,1531164287511,1788561,0.00006498,1335.00000000,1
1531164287538,1531164287531,1788562,0.00006498,560.00000000,1
1531164298089,1531164298083,1788563,0.00006500,3555.00000000,0
1531164298099,1531164298094,1788564,0.00006498,1494.00000000,1
1531164322638,1531164322633,1788565,0.00006503,18.00000000,0
1531164326670,1531164326665,1788566,0.00006498,1243.00000000,1
1531164326691,1531164326689,1788567,0.00006498,455.00000000,1
1531164344472,1531164344469,1788568,0.00006503,18.00000000,0
1531164350829,1531164350827,1788569,0.00006498,716.00000000,1
1531164350849,1531164350844,1788570,0.00006498,361.00000000,1
1531164378038,1531164378032,1788571,0.00006497,109.00000000,1
1531164495758,1531164495751,1788572,0.00006498,72.00000000,0
1531164495758,1531164495754,1788573,0.00006498,72.00000000,0
1531164495769,1531164495767,1788574,0.00006498,72.00000000,0
1531164495770,1531164495767,1788575,0.00006498,76.00000000,0
1531164495785,1531164495779,1788576,0.00006498,72.00000000,0
1531164495787,1531164495783,1788577,0.00006498,72.00000000,0
1531164495790,1531164495784,1788578,0.00006498,72.00000000,0
1531164545551,1531164545544,1788579,0.00006500,651.00000000,0
1531164545559,1531164545554,1788580,0.00006498,265.00000000,1
1531164586144,1531164586140,1788581,0.00006498,672.00000000,1
1531164586166,1531164586161,1788582,0.00006498,186.00000000,1
1531164604575,1531164604570,1788583,0.00006498,1466.00000000,1
1531164604589,1531164604585,1788584,0.00006498,755.00000000,1
1531164614602,1531164614595,1788585,0.00006503,18.00000000,0
1531164633804,1531164633803,1788586,0.00006503,18.00000000,0
1531164647569,1531164647564,1788587,0.00006498,811.00000000,1
1531164647595,1531164647593,1788588,0.00006498,120.00000000,1
1531164662781,1531164662776,1788589,0.00006498,1325.00000000,1
1531164662806,1531164662800,1788590,0.00006498,1474.00000000,1
1531164676971,1531164676965,1788591,0.00006497,56.00000000,1
1531164676972,1531164676965,1788592,0.00006496,19.00000000,1
1531164676972,1531164676965,1788593,0.00006486,150.00000000,1
1531164676972,1531164676965,1788594,0.00006485,1066.00000000,1
1531164676972,1531164676965,1788595,0.00006484,128.00000000,1
1531164676972,1531164676965,1788596,0.00006480,73.00000000,1
1531164677426,1531164677423,1788597,0.00006507,60.00000000,0
1531164677426,1531164677423,1788598,0.00006508,62.00000000,0
1531164678365,1531164678361,1788599,0.00006493,60.00000000,0
1531164678740,1531164678736,1788600,0.00006493,90.00000000,0
1531164722243,1531164722236,1788601,0.00006501,922.00000000,0
1531164722259,1531164722253,1788602,0.00006495,369.00000000,1
1531164826754,1531164826750,1788603,0.00006488,59.00000000,1
1531164826754,1531164826750,1788604,0.00006487,85.00000000,1
1531164844017,1531164844015,1788605,0.00006488,997.00000000,1
1531164844039,1531164844033,1788606,0.00006488,347.00000000,1
1531164865079,1531164865075,1788607,0.00006488,1330.00000000,1
1531164865106,1531164865100,1788608,0.00006488,62.00000000,1
1531164877530,1531164877524,1788609,0.00006496,327.00000000,0
1531164877544,1531164877538,1788610,0.00006488,337.00000000,1
1531164877599,1531164877594,1788611,0.00006488,303.00000000,1
1531164916987,1531164916982,1788612,0.00006500,18.00000000,0
1531164935515,1531164935512,1788613,0.00006500,18.00000000,0
1531165003712,1531165003706,1788614,0.00006499,23.00000000,0
1531165003712,1531165003706,1788615,0.00006500,102.00000000,0
1531165003712,1531165003706,1788616,0.00006504,95.00000000,0
1531165003712,1531165003706,1788617,0.00006506,251.00000000,0
1531165003712,1531165003706,1788618,0.00006509,128.00000000,0
1531165003712,1531165003706,1788619,0.00006511,63.00000000,0
1531165003712,1531165003706,1788620,0.00006512,376.00000000,0
1531165003712,1531165003706,1788621,0.00006513,150.00000000,0
1531165003712,1531165003706,1788622,0.00006521,57.00000000,0
1531165051760,1531165051754,1788623,0.00006512,2928.00000000,0
1531165051777,1531165051771,1788624,0.00006507,1312.00000000,1
1531165051797,1531165051795,1788625,0.00006507,1319.00000000,1
1531165060360,1531165060355,1788626,0.00006506,51.00000000,1
1531165104686,1531165104680,1788627,0.00006510,1334.00000000,0
1531165104703,1531165104698,1788628,0.00006507,897.00000000,1
1531165104722,1531165104719,1788629,0.00006507,538.00000000,1
1531165123898,1531165123892,1788630,0.00006507,690.00000000,1
1531165139059,1531165139053,1788631,0.00006506,33.00000000,1
1531165166271,1531165166266,1788632,0.00006507,954.00000000,1
1531165166291,1531165166286,1788633,0.00006507,849.00000000,1
1531165202124,1531165202119,1788634,0.00006510,3503.00000000,0
1531165202135,1531165202131,1788635,0.00006507,81.00000000,1
1531165202157,1531165202152,1788636,0.00006507,1208.00000000,1
1531165213357,1531165213351,1788637,0.00006514,18.00000000,0
1531165226144,1531165226139,1788638,0.00006512,2442.00000000,0
1531165226156,1531165226150,1788639,0.00006507,1357.00000000,1
1531165228503,1531165228499,1788640,0.00006517,18.00000000,0
1531165253187,1531165253183,1788641,0.00006512,1173.00000000,0
1531165253196,1531165253191,1788642,0.00006507,667.00000000,1
1531165306128,1531165306123,1788643,0.00006512,832.00000000,0
1531165306136,1531165306131,1788644,0.00006507,801.00000000,1
1531165306151,1531165306146,1788645,0.00006507,362.00000000,1
1531165321320,1531165321317,1788646,0.00006507,1184.00000000,1
1531165334035,1531165334030,1788647,0.00006517,23.00000000,0
1531165334402,1531165334397,1788648,0.00006506,23.00000000,1
1531165362933,1531165362926,1788649,0.00006517,460.00000000,0
1531165367367,1531165367361,1788650,0.00006507,43.00000000,1
1531165367387,1531165367382,1788651,0.00006507,520.00000000,1
1531165413576,1531165413570,1788652,0.00006507,1228.00000000,1
1531165413596,1531165413591,1788653,0.00006507,343.00000000,1
1531165445211,1531165445204,1788654,0.00006512,3041.00000000,0
1531165445224,1531165445217,1788655,0.00006507,181.00000000,1
1531165445243,1531165445240,1788656,0.00006507,1188.00000000,1
1531165495805,1531165495798,1788657,0.00006506,20.00000000,1
1531165504766,1531165504760,1788658,0.00006512,127.00000000,0
1531165504784,1531165504777,1788659,0.00006507,91.00000000,1
1531165511992,1531165511988,1788660,0.00006517,18.00000000,0
1531165531088,1531165531081,1788661,0.00006517,18.00000000,0
1531165531865,1531165531858,1788662,0.00006517,71.00000000,0
1531165547264,1531165547259,1788663,0.00006512,2855.00000000,0
1531165547271,1531165547265,1788664,0.00006507,1180.00000000,1
1531165565140,1531165565139,1788665,0.00006512,4096.00000000,0
1531165565162,1531165565158,1788666,0.00006507,928.00000000,1
1531165565182,1531165565175,1788667,0.00006507,1495.00000000,1
1531165593989,1531165593987,1788668,0.00006507,671.00000000,1
1531165594009,1531165594004,1788669,0.00006507,1376.00000000,1
1531165626280,1531165626274,1788670,0.00006512,456.00000000,0
1531165626290,1531165626283,1788671,0.00006507,1021.00000000,1
1531165626314,1531165626313,1788672,0.00006507,415.00000000,1
1531165648071,1531165648066,1788673,0.00006512,2367.00000000,0
1531165648079,1531165648073,1788674,0.00006507,1409.00000000,1
1531165665263,1531165665257,1788675,0.00006517,236.00000000,0
1531165685484,1531165685478,1788676,0.00006507,247.00000000,1
1531165707995,1531165707991,1788677,0.00006507,1435.00000000,1
1531165746089,1531165746084,1788678,0.00006507,1155.00000000,1
1531165764307,1531165764302,1788679,0.00006507,260.00000000,1
1531165805538,1531165805532,1788680,0.00006507,55.00000000,1
1531165812677,1531165812673,1788681,0.00006517,18.00000000,0
1531165823737,1531165823731,1788682,0.00006507,558.00000000,1
1531165823755,1531165823750,1788683,0.00006507,1170.00000000,1
1531165833527,1531165833522,1788684,0.00006517,18.00000000,0
1531165885456,1531165885451,1788685,0.00006512,2932.00000000,0
1531165885465,1531165885460,1788686,0.00006507,1275.00000000,1
1531165896362,1531165896356,1788687,0.00006507,350.00000000,1
1531165896388,1531165896383,1788688,0.00006507,1073.00000000,1
1531165946579,1531165946572,1788689,0.00006507,238.00000000,1
1531165987310,1531165987304,1788690,0.00006507,766.00000000,1
1531165987330,1531165987324,1788691,0.00006507,1392.00000000,1
1531166006800,1531166006793,1788692,0.00006512,4110.00000000,0
1531166006821,1531166006816,1788693,0.00006507,1398.00000000,1
1531166014086,1531166014083,1788694,0.00006512,1889.00000000,0
1531166014100,1531166014095,1788695,0.00006507,964.00000000,1
1531166045014,1531166045007,1788696,0.00006507,408.00000000,1
1531166066174,1531166066169,1788697,0.00006512,1744.00000000,0
1531166066189,1531166066184,1788698,0.00006507,370.00000000,1
1531166066216,1531166066211,1788699,0.00006507,733.00000000,1
1531166104872,1531166104866,1788700,0.00006507,605.00000000,1
1531166114241,1531166114234,1788701,0.00006517,18.00000000,0
1531166140962,1531166140957,1788702,0.00006507,875.00000000,1
1531166143261,1531166143255,1788703,0.00006517,18.00000000,0
1531166174696,1531166174691,1788704,0.00006506,23.00000000,1
1531166185041,1531166185036,1788705,0.00006498,1655.00000000,0
1531166185052,1531166185047,1788706,0.00006491,471.00000000,1
1531166185070,1531166185069,1788707,0.00006491,563.00000000,1
1531166260124,1531166260119,1788708,0.00006493,12.00000000,1
1531166272635,1531166272633,1788709,0.00006491,47.00000000,1
1531166272635,1531166272633,1788710,0.00006490,765.00000000,1
1531166273686,1531166273680,1788711,0.00006486,59.00000000,1
1531166299243,1531166299239,1788712,0.00006490,88.00000000,0
1531166344139,1531166344133,1788713,0.00006495,1777.00000000,0
1531166344151,1531166344144,1788714,0.00006491,420.00000000,1
1531166344170,1531166344165,1788715,0.00006491,626.00000000,1
1531166383935,1531166383929,1788716,0.00006487,1466.00000000,1
1531166383949,1531166383944,1788717,0.00006487,1080.00000000,1
1531166413194,1531166413188,1788718,0.00006500,18.00000000,0
1531166426613,1531166426607,1788719,0.00006487,971.00000000,1
1531166437859,1531166437857,1788720,0.00006500,18.00000000,0
1531166453535,1531166453528,1788721,0.00006487,381.00000000,1
1531166545902,1531166545897,1788722,0.00006487,945.00000000,1
1531166593376,1531166593370,1788723,0.00006487,976.00000000,1
1531166653658,1531166653653,1788724,0.00006488,519.00000000,1
1531166703846,1531166703840,1788725,0.00006488,965.00000000,1
1531166703863,1531166703858,1788726,0.00006488,1345.00000000,1
1531166713710,1531166713704,1788727,0.00006499,18.00000000,0
1531166714587,1531166714581,1788728,0.00006499,18.00000000,0
1531166715576,1531166715571,1788729,0.00006499,18.00000000,0
1531166716585,1531166716580,1788730,0.00006499,6.00000000,0
1531166716585,1531166716580,1788731,0.00006500,12.00000000,0
1531166717583,1531166717578,1788732,0.00006500,16.00000000,0
1531166725590,1531166725584,1788733,0.00006494,2695.00000000,0
1531166725636,1531166725600,1788734,0.00006488,459.00000000,1
1531166725636,1531166725617,1788735,0.00006488,1078.00000000,1
1531166733798,1531166733791,1788736,0.00006499,18.00000000,0
1531166734825,1531166734819,1788737,0.00006499,16.00000000,0
1531166735831,1531166735828,1788738,0.00006499,16.00000000,0
1531166736831,1531166736828,1788739,0.00006499,16.00000000,0
1531166737834,1531166737828,1788740,0.00006499,4.00000000,0
1531166737834,1531166737828,1788741,0.00006500,12.00000000,0
1531166747494,1531166747488,1788742,0.00006488,421.00000000,1
1531166772706,1531166772700,1788743,0.00006494,256.00000000,0
1531166772722,1531166772721,1788744,0.00006488,183.00000000,1
1531166805619,1531166805613,1788745,0.00006487,918.00000000,1
1531166805634,1531166805627,1788746,0.00006487,47.00000000,1
1531166814251,1531166814244,1788747,0.00006488,1139.00000000,1
1531166814251,1531166814244,1788748,0.00006486,91.00000000,1
1531166814251,1531166814244,1788749,0.00006481,31.00000000,1
1531166814251,1531166814244,1788750,0.00006480,2499.00000000,1
1531166814251,1531166814244,1788751,0.00006480,236.00000000,1
1531166819887,1531166819883,1788752,0.00006480,3.00000000,1
1531166821912,1531166821910,1788753,0.00006481,30.00000000,1
1531166824233,1531166824229,1788754,0.00006492,139.00000000,0
1531166824950,1531166824942,1788755,0.00006492,48.00000000,0
1531166864748,1531166864742,1788756,0.00006483,125.00000000,1
1531166865995,1531166865989,1788757,0.00006487,616.00000000,0
1531166866007,1531166866003,1788758,0.00006483,431.00000000,1
1531166866027,1531166866021,1788759,0.00006483,446.00000000,1
1531166872795,1531166872790,1788760,0.00006483,125.00000000,0
1531166872914,1531166872909,1788761,0.00006492,89.00000000,0
1531166905422,1531166905416,1788762,0.00006491,648.00000000,0
1531166905437,1531166905435,1788763,0.00006491,1169.00000000,0
1531166905455,1531166905455,1788764,0.00006483,446.00000000,1
1531166922296,1531166922289,1788765,0.00006483,125.00000000,0
1531166952031,1531166952025,1788766,0.00006486,738.00000000,1
1531166952045,1531166952040,1788767,0.00006486,647.00000000,1
1531167005950,1531167005948,1788768,0.00006489,3087.00000000,0
1531167005959,1531167005953,1788769,0.00006486,1235.00000000,1
1531167023303,1531167023297,1788770,0.00006492,18.00000000,0
1531167033527,1531167033522,1788771,0.00006486,1289.00000000,1
1531167033543,1531167033536,1788772,0.00006486,1160.00000000,1
1531167056959,1531167056954,1788773,0.00006492,18.00000000,0
1531167064390,1531167064384,1788774,0.00006489,1161.00000000,0
1531167064405,1531167064400,1788775,0.00006486,421.00000000,1
1531167075717,1531167075715,1788776,0.00006491,158.00000000,0
1531167125411,1531167125407,1788777,0.00006491,452.00000000,0
1531167149620,1531167149613,1788778,0.00006488,1782.00000000,0
1531167149639,1531167149633,1788779,0.00006491,1211.00000000,0
1531167149667,1531167149661,1788780,0.00006491,675.00000000,0
1531167166491,1531167166485,1788781,0.00006486,1174.00000000,1
1531167188800,1531167188794,1788782,0.00006491,282.00000000,0
1531167188836,1531167188821,1788783,0.00006491,492.00000000,0
1531167225788,1531167225784,1788784,0.00006486,129.00000000,1
1531167267409,1531167267403,1788785,0.00006488,2985.00000000,0
1531167267424,1531167267419,1788786,0.00006491,1287.00000000,0
1531167285998,1531167285995,1788787,0.00006489,945.00000000,0
1531167286006,1531167286001,1788788,0.00006486,809.00000000,1
1531167286023,1531167286017,1788789,0.00006486,630.00000000,1
1531167318097,1531167318091,1788790,0.00006488,1646.00000000,0
1531167318119,1531167318112,1788791,0.00006491,1083.00000000,0
1531167318950,1531167318947,1788792,0.00006492,17.00000000,0
1531167355297,1531167355290,1788793,0.00006493,18.00000000,0
1531167385550,1531167385543,1788794,0.00006493,132.00000000,0
1531167404339,1531167404333,1788795,0.00006494,717.00000000,1
1531167404362,1531167404360,1788796,0.00006494,382.00000000,1
1531167408898,1531167408892,1788797,0.00006500,240.00000000,0
1531167425594,1531167425589,1788798,0.00006495,1414.00000000,0
1531167425606,1531167425600,1788799,0.00006499,969.00000000,0
1531167429882,1531167429876,1788800,0.00006492,1.00000000,1
1531167429882,1531167429876,1788801,0.00006486,29.00000000,1
1531167452522,1531167452517,1788802,0.00006488,548.00000000,1
1531167452539,1531167452533,1788803,0.00006488,196.00000000,1
1531167465837,1531167465832,1788804,0.00006487,669.00000000,1
1531167514660,1531167514654,1788805,0.00006492,1640.00000000,0
1531167514683,1531167514676,1788806,0.00006499,406.00000000,0
1531167514703,1531167514698,1788807,0.00006499,1414.00000000,0
1531167566170,1531167566164,1788808,0.00006492,1143.00000000,0
1531167566182,1531167566176,1788809,0.00006499,16.00000000,0
1531167566194,1531167566190,1788810,0.00006499,608.00000000,0
1531167617048,1531167617042,1788811,0.00006499,18.00000000,0
1531167617130,1531167617130,1788812,0.00006499,16.00000000,0
1531167618123,1531167618121,1788813,0.00006499,16.00000000,0
1531167619122,1531167619115,1788814,0.00006499,14.00000000,0
1531167619122,1531167619115,1788815,0.00006500,2.00000000,0
1531167620135,1531167620131,1788816,0.00006500,16.00000000,0
1531167646947,1531167646940,1788817,0.00006492,18.00000000,0
1531167646949,1531167646945,1788818,0.00006492,448.00000000,0
1531167646964,1531167646959,1788819,0.00006498,892.00000000,0
1531167646979,1531167646974,1788820,0.00006498,191.00000000,0
1531167688296,1531167688290,1788821,0.00006499,1141.00000000,0
1531167688318,1531167688313,1788822,0.00006492,18.00000000,1
1531167706974,1531167706968,1788823,0.00006489,1602.00000000,0
1531167706991,1531167706986,1788824,0.00006487,645.00000000,1
1531167707041,1531167707008,1788825,0.00006487,1083.00000000,1
1531167707041,1531167707031,1788826,0.00006492,448.00000000,0
1531167740008,1531167740008,1788827,0.00006486,37.00000000,1
1531167745701,1531167745696,1788828,0.00006499,16.00000000,0
1531167745718,1531167745712,1788829,0.00006499,1250.00000000,0
1531167766389,1531167766384,1788830,0.00006498,875.00000000,0
1531167784554,1531167784549,1788831,0.00006494,40.00000000,0
1531167784645,1531167784639,1788832,0.00006488,294.00000000,1
1531167784667,1531167784664,1788833,0.00006488,16.00000000,1
1531167804749,1531167804743,1788834,0.00006492,1536.00000000,0
1531167804761,1531167804756,1788835,0.00006498,296.00000000,0
1531167804779,1531167804772,1788836,0.00006498,686.00000000,0
1531167848199,1531167848197,1788837,0.00006498,670.00000000,0
1531167848219,1531167848214,1788838,0.00006498,800.00000000,0
1531167866285,1531167866281,1788839,0.00006492,534.00000000,0
1531167866300,1531167866295,1788840,0.00006498,818.00000000,0
1531167866318,1531167866312,1788841,0.00006498,524.00000000,0
1531167893458,1531167893452,1788842,0.00006495,3369.00000000,0
1531167893468,1531167893463,1788843,0.00006490,201.00000000,1
1531167893495,1531167893491,1788844,0.00006490,1465.00000000,1
1531167920386,1531167920382,1788845,0.00006500,18.00000000,0
1531167924734,1531167924721,1788846,0.00006499,318.00000000,0
1531167924748,1531167924742,1788847,0.00006499,525.00000000,0
1531167950111,1531167950108,1788848,0.00006500,18.00000000,0
1531167966511,1531167966505,1788849,0.00006491,147.00000000,1
1531167966529,1531167966524,1788850,0.00006491,1037.00000000,1
1531168006590,1531168006585,1788851,0.00006496,2507.00000000,0
1531168006601,1531168006596,1788852,0.00006492,1090.00000000,1
1531168049298,1531168049293,1788853,0.00006492,1342.00000000,1
1531168050162,1531168050156,1788854,0.00006500,36.00000000,0
1531168050162,1531168050156,1788855,0.00006512,117.00000000,0
1531168092500,1531168092499,1788856,0.00006492,55.00000000,1
1531168092500,1531168092499,1788857,0.00006491,51.00000000,1
1531168108481,1531168108478,1788858,0.00006492,96.00000000,1
1531168126480,1531168126475,1788859,0.00006492,372.00000000,1
1531168157400,1531168157395,1788860,0.00006503,46.00000000,0
1531168165646,1531168165641,1788861,0.00006498,1115.00000000,0
1531168165658,1531168165653,1788862,0.00006492,1448.00000000,1
1531168165676,1531168165671,1788863,0.00006492,404.00000000,1
1531168194685,1531168194682,1788864,0.00006497,1334.00000000,0
1531168194701,1531168194697,1788865,0.00006503,411.00000000,0
1531168194721,1531168194719,1788866,0.00006503,556.00000000,0
1531168205141,1531168205140,1788867,0.00006504,30.00000000,0
1531168214761,1531168214761,1788868,0.00006504,1.00000000,0
1531168221901,1531168221895,1788869,0.00006504,18.00000000,0
1531168223923,1531168223917,1788870,0.00006492,74.00000000,1
1531168226295,1531168226290,1788871,0.00006498,2766.00000000,0
1531168226309,1531168226303,1788872,0.00006492,907.00000000,1
1531168226329,1531168226324,1788873,0.00006492,1256.00000000,1
1531168228809,1531168228803,1788874,0.00006492,74.00000000,0
1531168241351,1531168241346,1788875,0.00006504,1.00000000,0
1531168254044,1531168254041,1788876,0.00006504,18.00000000,0
1531168266258,1531168266258,1788877,0.00006498,511.00000000,0
1531168266272,1531168266266,1788878,0.00006492,474.00000000,1
1531168291937,1531168291931,1788879,0.00006492,190.00000000,1
1531168291958,1531168291952,1788880,0.00006492,707.00000000,1
1531168346118,1531168346113,1788881,0.00006503,1183.00000000,0
1531168346137,1531168346133,1788882,0.00006503,1454.00000000,0
1531168364002,1531168363997,1788883,0.00006498,693.00000000,0
1531168364016,1531168364014,1788884,0.00006492,377.00000000,1
1531168385941,1531168385939,1788885,0.00006497,2553.00000000,0
1531168385951,1531168385947,1788886,0.00006503,642.00000000,0
1531168385978,1531168385972,1788887,0.00006503,1120.00000000,0
1531168392944,1531168392938,1788888,0.00006498,2078.00000000,0
1531168392963,1531168392958,1788889,0.00006492,482.00000000,1
1531168392982,1531168392977,1788890,0.00006492,1142.00000000,1
1531168426388,1531168426382,1788891,0.00006503,1007.00000000,0
1531168444051,1531168444046,1788892,0.00006497,204.00000000,0
1531168444067,1531168444064,1788893,0.00006503,142.00000000,0
1531168504444,1531168504440,1788894,0.00006502,1433.00000000,0
1531168504467,1531168504464,1788895,0.00006502,670.00000000,0
1531168516921,1531168516916,1788896,0.00006498,1010.00000000,0
1531168516937,1531168516932,1788897,0.00006492,1495.00000000,1
1531168516953,1531168516949,1788898,0.00006492,472.00000000,1
1531168553264,1531168553262,1788899,0.00006491,69.00000000,1
1531168564688,1531168564685,1788900,0.00006498,3468.00000000,0
1531168564702,1531168564696,1788901,0.00006492,1495.00000000,1
1531168569818,1531168569811,1788902,0.00006503,18.00000000,0
1531168570839,1531168570836,1788903,0.00006503,16.00000000,0
1531168571833,1531168571828,1788904,0.00006503,16.00000000,0
1531168572847,1531168572841,1788905,0.00006503,16.00000000,0
1531168573847,1531168573841,1788906,0.00006503,7.00000000,0
1531168573847,1531168573841,1788907,0.00006504,9.00000000,0
1531168609730,1531168609727,1788908,0.00006493,218.00000000,1
1531168609752,1531168609746,1788909,0.00006493,548.00000000,1
1531168667846,1531168667840,1788910,0.00006502,77.00000000,0
1531168685439,1531168685432,1788911,0.00006498,1148.00000000,0
1531168685449,1531168685443,1788912,0.00006493,401.00000000,1
1531168685470,1531168685469,1788913,0.00006493,508.00000000,1
1531168744407,1531168744402,1788914,0.00006493,634.00000000,1
1531168744423,1531168744419,1788915,0.00006493,324.00000000,1
1531168790975,1531168790970,1788916,0.00006493,1435.00000000,1
1531168791000,1531168790998,1788917,0.00006493,592.00000000,1
1531168825728,1531168825723,1788918,0.00006491,34.00000000,1
1531168825740,1531168825735,1788919,0.00006491,1816.00000000,0
1531168825743,1531168825738,1788920,0.00006492,18.00000000,0
1531168825747,1531168825741,1788921,0.00006492,801.00000000,0
1531168862425,1531168862420,1788922,0.00006493,18.00000000,0
1531168871137,1531168871135,1788923,0.00006492,274.00000000,1
1531168871153,1531168871149,1788924,0.00006491,34.00000000,1
1531168973926,1531168973920,1788925,0.00006487,1372.00000000,1
1531169025512,1531169025507,1788926,0.00006492,953.00000000,0
1531169029057,1531169029051,1788927,0.00006493,132.00000000,0
1531169050113,1531169050107,1788928,0.00006501,1548.00000000,0
1531169050129,1531169050125,1788929,0.00006494,1019.00000000,1
1531169087710,1531169087705,1788930,0.00006501,187.00000000,0
1531169087732,1531169087726,1788931,0.00006494,728.00000000,1
1531169087753,1531169087747,1788932,0.00006494,74.00000000,1
1531169120900,1531169120894,1788933,0.00006494,226.00000000,1
1531169123004,1531169122998,1788934,0.00006509,18.00000000,0
1531169143081,1531169143075,1788935,0.00006493,22.00000000,1
1531169145903,1531169145897,1788936,0.00006487,1.00000000,1
1531169150561,1531169150555,1788937,0.00006511,65.00000000,0
1531169150561,1531169150555,1788938,0.00006512,88.00000000,0
1531169151379,1531169151376,1788939,0.00006512,38.00000000,0
1531169151379,1531169151376,1788940,0.00006513,22.00000000,0
1531169164783,1531169164778,1788941,0.00006512,18.00000000,0
1531169164809,1531169164802,1788942,0.00006512,18.00000000,0
1531169165819,1531169165814,1788943,0.00006512,18.00000000,0
1531169166818,1531169166811,1788944,0.00006512,6.00000000,0
1531169166818,1531169166811,1788945,0.00006513,12.00000000,0
1531169167820,1531169167814,1788946,0.00006513,16.00000000,0
1531169246601,1531169246597,1788947,0.00006496,212.00000000,1
1531169246615,1531169246609,1788948,0.00006496,110.00000000,1
1531169264845,1531169264839,1788949,0.00006498,808.00000000,1
1531169264866,1531169264861,1788950,0.00006498,679.00000000,1
1531169430750,1531169430746,1788951,0.00006506,807.00000000,0
1531169430760,1531169430755,1788952,0.00006499,1176.00000000,1
1531169430781,1531169430776,1788953,0.00006499,396.00000000,1
1531169466963,1531169466957,1788954,0.00006512,18.00000000,0
1531169467781,1531169467775,1788955,0.00006512,16.00000000,0
1531169468794,1531169468791,1788956,0.00006512,16.00000000,0
1531169469786,1531169469780,1788957,0.00006512,16.00000000,0
1531169470800,1531169470796,1788958,0.00006512,4.00000000,0
1531169470800,1531169470796,1788959,0.00006513,12.00000000,0
1531169513407,1531169513403,1788960,0.00006512,64.00000000,0
1531169513407,1531169513403,1788961,0.00006513,88.00000000,0
1531169513407,1531169513403,1788962,0.00006517,1.00000000,0
1531169514322,1531169514317,1788963,0.00006517,33.00000000,0
1531169514322,1531169514317,1788964,0.00006521,27.00000000,0
1531169546097,1531169546091,1788965,0.00006514,1347.00000000,0
1531169546109,1531169546103,1788966,0.00006507,393.00000000,1
1531169546130,1531169546125,1788967,0.00006507,1162.00000000,1
1531169561366,1531169561362,1788968,0.00006507,1100.00000000,1
1531169584880,1531169584875,1788969,0.00006514,1679.00000000,0
1531169584894,1531169584888,1788970,0.00006507,579.00000000,1
1531169596887,1531169596882,1788971,0.00006514,1607.00000000,0
1531169596905,1531169596900,1788972,0.00006507,582.00000000,1
1531169596920,1531169596916,1788973,0.00006507,1362.00000000,1
1531169675301,1531169675294,1788974,0.00006514,1873.00000000,0
1531169675318,1531169675312,1788975,0.00006507,423.00000000,1
1531169675330,1531169675323,1788976,0.00006507,1283.00000000,1
1531169724876,1531169724870,1788977,0.00006520,18.00000000,0
1531169725849,1531169725846,1788978,0.00006520,490.00000000,0
1531169725964,1531169725958,1788979,0.00006520,18.00000000,1
1531169763260,1531169763255,1788980,0.00006513,1195.00000000,0
1531169763267,1531169763261,1788981,0.00006507,866.00000000,1
1531169772117,1531169772110,1788982,0.00006520,18.00000000,0
1531169825243,1531169825238,1788983,0.00006513,4210.00000000,0
1531169825254,1531169825250,1788984,0.00006507,1026.00000000,1
1531169825270,1531169825263,1788985,0.00006507,1462.00000000,1
1531169844979,1531169844973,1788986,0.00006513,250.00000000,0
1531169844991,1531169844986,1788987,0.00006507,136.00000000,1
1531169934644,1531169934639,1788988,0.00006506,152.00000000,1
1531169967404,1531169967398,1788989,0.00006507,184.00000000,1
1531169967425,1531169967420,1788990,0.00006507,436.00000000,1
1531169985993,1531169985987,1788991,0.00006510,451.00000000,0
1531169986007,1531169986003,1788992,0.00006507,1091.00000000,1
1531169986025,1531169986020,1788993,0.00006507,171.00000000,1
1531170025119,1531170025115,1788994,0.00006507,618.00000000,1
1531170026598,1531170026593,1788995,0.00006513,18.00000000,0
1531170051707,1531170051701,1788996,0.00006509,1632.00000000,0
1531170051715,1531170051710,1788997,0.00006512,917.00000000,0
1531170062359,1531170062353,1788998,0.00006512,153.00000000,0
1531170064368,1531170064362,1788999,0.00006509,3199.00000000,0
1531170064379,1531170064375,1789000,0.00006512,958.00000000,0
1531170101569,1531170101564,1789001,0.00006512,68.00000000,1
1531170108344,1531170108341,1789002,0.00006512,85.00000000,1
1531170108354,1531170108351,1789003,0.00006512,2374.00000000,0
1531170108366,1531170108364,1789004,0.00006512,85.00000000,1
1531170162624,1531170162618,1789005,0.00006509,1307.00000000,0
1531170162642,1531170162636,1789006,0.00006507,849.00000000,1
1531170204531,1531170204526,1789007,0.00006507,674.00000000,1
1531170204547,1531170204541,1789008,0.00006507,964.00000000,1
1531170213324,1531170213316,1789009,0.00006506,305.00000000,1
1531170213324,1531170213316,1789010,0.00006489,123.00000000,1
1531170213324,1531170213316,1789011,0.00006486,150.00000000,1
1531170213324,1531170213316,1789012,0.00006480,2384.00000000,1
1531170213324,1531170213316,1789013,0.00006479,150.00000000,1
1531170213324,1531170213316,1789014,0.00006478,122.00000000,1
1531170214200,1531170214191,1789015,0.00006479,182.00000000,1
1531170214200,1531170214191,1789016,0.00006478,244.00000000,1
1531170214200,1531170214191,1789017,0.00006476,25.00000000,1
1531170214200,1531170214191,1789018,0.00006474,150.00000000,1
1531170214200,1531170214191,1789019,0.00006471,393.00000000,1
1531170214200,1531170214191,1789020,0.00006470,2022.00000000,1
1531170214200,1531170214191,1789021,0.00006470,51.00000000,1
1531170215605,1531170215598,1789022,0.00006470,72.00000000,1
1531170215605,1531170215598,1789023,0.00006469,387.00000000,1
1531170215605,1531170215598,1789024,0.00006468,25.00000000,1
1531170215605,1531170215598,1789025,0.00006466,7038.00000000,1
1531170215605,1531170215598,1789026,0.00006466,260.00000000,1
1531170217740,1531170217735,1789027,0.00006485,59.00000000,0
1531170220117,1531170220110,1789028,0.00006485,61.00000000,1
1531170220214,1531170220191,1789029,0.00006485,74.00000000,1
1531170231464,1531170231458,1789030,0.00006485,30.00000000,1
1531170260951,1531170260946,1789031,0.00006467,3.00000000,1
1531170263136,1531170263131,1789032,0.00006467,3.00000000,1
1531170263223,1531170263217,1789033,0.00006491,3.00000000,0
1531170265347,1531170265340,1789034,0.00006480,136.00000000,0
1531170265365,1531170265361,1789035,0.00006492,21.00000000,0
1531170265382,1531170265375,1789036,0.00006492,134.00000000,0
1531170294523,1531170294517,1789037,0.00006471,105.00000000,1
1531170294523,1531170294517,1789038,0.00006466,26.00000000,1
1531170295513,1531170295509,1789039,0.00006467,59.00000000,1
1531170295513,1531170295509,1789040,0.00006466,80.00000000,1
1531170295955,1531170295949,1789041,0.00006466,131.00000000,1
1531170296367,1531170296362,1789042,0.00006466,145.00000000,1
1531170304079,1531170304074,1789043,0.00006477,1728.00000000,0
1531170304088,1531170304084,1789044,0.00006467,645.00000000,1
1531170328680,1531170328674,1789045,0.00006481,18.00000000,0
1531170375927,1531170375922,1789046,0.00006483,18.00000000,0
1531170387708,1531170387703,1789047,0.00006475,1201.00000000,0
1531170387720,1531170387715,1789048,0.00006467,139.00000000,1
1531170387729,1531170387723,1789049,0.00006474,22.00000000,0
1531170387738,1531170387733,1789050,0.00006467,589.00000000,1
1531170411748,1531170411743,1789051,0.00006466,23.00000000,1
1531170432307,1531170432303,1789052,0.00006484,105.00000000,0
1531170432308,1531170432303,1789053,0.00006493,49.00000000,0
1531170628320,1531170628314,1789054,0.00006492,18.00000000,0
1531170629359,1531170629354,1789055,0.00006492,17.00000000,0
1531170630364,1531170630358,1789056,0.00006492,17.00000000,0
1531170631365,1531170631360,1789057,0.00006492,9.00000000,0
1531170631365,1531170631360,1789058,0.00006493,8.00000000,0
1531170632379,1531170632372,1789059,0.00006493,16.00000000,0
1531170669856,1531170669852,1789060,0.00006492,18.00000000,0
1531170670726,1531170670720,1789061,0.00006492,16.00000000,0
1531170671715,1531170671714,1789062,0.00006492,16.00000000,0
1531170672733,1531170672728,1789063,0.00006492,16.00000000,0
1531170673726,1531170673721,1789064,0.00006492,1.00000000,0
1531170673726,1531170673721,1789065,0.00006493,15.00000000,0
1531170956357,1531170956352,1789066,0.00006492,18.00000000,0
1531170957386,1531170957380,1789067,0.00006492,16.00000000,0
1531170958399,1531170958394,1789068,0.00006492,16.00000000,0
1531170959399,1531170959394,1789069,0.00006492,14.00000000,0
1531170959399,1531170959394,1789070,0.00006493,2.00000000,0
1531170960397,1531170960392,1789071,0.00006493,16.00000000,0
1531170970523,1531170970516,1789072,0.00006492,64.00000000,0
1531170970523,1531170970516,1789073,0.00006493,214.00000000,0
1531170970523,1531170970516,1789074,0.00006495,123.00000000,0
1531170970523,1531170970516,1789075,0.00006518,134.00000000,0
1531170970565,1531170970560,1789076,0.00006518,60.00000000,0
1531170971134,1531170971129,1789077,0.00006486,150.00000000,1
1531170972281,1531170972276,1789078,0.00006477,123.00000000,1
1531170983004,1531170983002,1789079,0.00006474,177.00000000,1
1531171018206,1531171018201,1789080,0.00006474,101.00000000,1
1531171038761,1531171038756,1789081,0.00006468,557.00000000,1
1531171038786,1531171038780,1789082,0.00006468,1245.00000000,1
1531171084325,1531171084321,1789083,0.00006469,56.00000000,1
1531171117639,1531171117635,1789084,0.00006474,1789.00000000,0
1531171117649,1531171117643,1789085,0.00006467,1330.00000000,1
1531171117671,1531171117667,1789086,0.00006467,806.00000000,1
1531171144898,1531171144895,1789087,0.00006473,162.00000000,0
1531171144908,1531171144902,1789088,0.00006467,1124.00000000,1
1531171144928,1531171144923,1789089,0.00006467,90.00000000,1
1531171177997,1531171177993,1789090,0.00006473,683.00000000,0
1531171178014,1531171178010,1789091,0.00006467,1496.00000000,1
1531171178034,1531171178030,1789092,0.00006467,610.00000000,1
1531171203973,1531171203968,1789093,0.00006467,197.00000000,1
1531171203996,1531171203991,1789094,0.00006467,777.00000000,1
1531171209887,1531171209882,1789095,0.00006476,1453.00000000,0
1531171209896,1531171209892,1789096,0.00006467,591.00000000,1
1531171227207,1531171227203,1789097,0.00006483,36.00000000,0
1531171279588,1531171279584,1789098,0.00006478,1235.00000000,0
1531171279604,1531171279600,1789099,0.00006467,537.00000000,1
1531171326080,1531171326075,1789100,0.00006467,933.00000000,1
1531171326096,1531171326091,1789101,0.00006467,638.00000000,1
1531171356687,1531171356683,1789102,0.00006481,101.00000000,0
1531171356687,1531171356683,1789103,0.00006490,53.00000000,0
1531171441386,1531171441382,1789104,0.00006492,116.00000000,0
1531171441386,1531171441382,1789105,0.00006493,38.00000000,0
1531171441429,1531171441424,1789106,0.00006493,60.00000000,0
1531171516620,1531171516614,1789107,0.00006485,429.00000000,0
1531171516636,1531171516631,1789108,0.00006478,657.00000000,1
1531171516648,1531171516644,1789109,0.00006478,236.00000000,1
1531171523136,1531171523131,1789110,0.00006492,18.00000000,0
1531171523255,1531171523252,1789111,0.00006492,18.00000000,0
1531171524254,1531171524250,1789112,0.00006492,18.00000000,0
1531171525273,1531171525268,1789113,0.00006492,6.00000000,0
1531171525273,1531171525268,1789114,0.00006493,12.00000000,0
1531171526261,1531171526256,1789115,0.00006493,16.00000000,0
1531171587023,1531171587021,1789116,0.00006476,273.00000000,1
1531171646505,1531171646501,1789117,0.00006484,126.00000000,0
1531171646524,1531171646521,1789118,0.00006476,84.00000000,1
1531171684294,1531171684289,1789119,0.00006492,59.00000000,0
1531171684918,1531171684915,1789120,0.00006492,11.00000000,0
1531171684918,1531171684915,1789121,0.00006493,38.00000000,0
1531171685919,1531171685915,1789122,0.00006493,16.00000000,0
1531171704400,1531171704395,1789123,0.00006487,744.00000000,1
1531171751299,1531171751294,1789124,0.00006489,197.00000000,1
1531171760071,1531171760067,1789125,0.00006486,80.00000000,1
1531171825874,1531171825872,1789126,0.00006487,2.00000000,0
1531171862302,1531171862298,1789127,0.00006506,18.00000000,0
1531171966909,1531171966905,1789128,0.00006495,1403.00000000,0
1531171966923,1531171966919,1789129,0.00006505,1324.00000000,0
1531171974250,1531171974246,1789130,0.00006505,944.00000000,0
1531171985849,1531171985844,1789131,0.00006487,1499.00000000,1
1531172120504,1531172120499,1789132,0.00006505,18.00000000,0
1531172121543,1531172121538,1789133,0.00006505,16.00000000,0
1531172122533,1531172122527,1789134,0.00006505,16.00000000,0
1531172123533,1531172123529,1789135,0.00006505,15.00000000,0
1531172123533,1531172123529,1789136,0.00006506,1.00000000,0
1531172124545,1531172124541,1789137,0.00006506,16.00000000,0
1531172188638,1531172188634,1789138,0.00006486,70.00000000,1
1531172188638,1531172188634,1789139,0.00006466,1688.00000000,1
1531172244494,1531172244490,1789140,0.00006480,2417.00000000,0
1531172244508,1531172244503,1789141,0.00006471,1089.00000000,1
1531172268741,1531172268738,1789142,0.00006480,2055.00000000,0
1531172268756,1531172268752,1789143,0.00006471,811.00000000,1
1531172268780,1531172268776,1789144,0.00006471,979.00000000,1
1531172418836,1531172418832,1789145,0.00006489,18.00000000,0
1531172419844,1531172419840,1789146,0.00006489,16.00000000,0
1531172420833,1531172420829,1789147,0.00006489,16.00000000,0
1531172421837,1531172421832,1789148,0.00006488,16.00000000,0
1531172468121,1531172468118,1789149,0.00006482,707.00000000,0
1531172468136,1531172468132,1789150,0.00006474,769.00000000,1
1531172468151,1531172468147,1789151,0.00006474,262.00000000,1
1531172535206,1531172535202,1789152,0.00006467,1103.00000000,1
1531172535216,1531172535213,1789153,0.00006467,359.00000000,1
1531172542825,1531172542821,1789154,0.00006466,117.00000000,1
1531172585019,1531172585015,1789155,0.00006473,1971.00000000,0
1531172585039,1531172585035,1789156,0.00006481,383.00000000,0
1531172585056,1531172585053,1789157,0.00006481,704.00000000,0
1531172592212,1531172592208,1789158,0.00006468,188.00000000,1
1531172716542,1531172716539,1789159,0.00006482,18.00000000,0
1531172716584,1531172716580,1789160,0.00006482,16.00000000,0
1531172717583,1531172717580,1789161,0.00006482,16.00000000,0
1531172718579,1531172718576,1789162,0.00006482,12.00000000,0
1531172718579,1531172718576,1789163,0.00006483,4.00000000,0
1531172719580,1531172719577,1789164,0.00006483,16.00000000,0
1531173019193,1531173019190,1789165,0.00006485,18.00000000,0
1531173019646,1531173019643,1789166,0.00006485,16.00000000,0
1531173020655,1531173020654,1789167,0.00006485,16.00000000,0
1531173021651,1531173021646,1789168,0.00006485,14.00000000,0
1531173021651,1531173021646,1789169,0.00006486,2.00000000,0
1531173022663,1531173022660,1789170,0.00006486,16.00000000,0
1531173024160,1531173024155,1789171,0.00006467,55.00000000,1
1531173024160,1531173024155,1789172,0.00006466,52.00000000,1
1531173024164,1531173024162,1789173,0.00006466,15.00000000,1
1531173030173,1531173030168,1789174,0.00006467,585.00000000,1
1531173030191,1531173030187,1789175,0.00006467,1075.00000000,1
1531173090109,1531173090105,1789176,0.00006467,1295.00000000,1
1531173090139,1531173090136,1789177,0.00006467,810.00000000,1
1531173106446,1531173106442,1789178,0.00006474,2862.00000000,0
1531173106461,1531173106456,1789179,0.00006467,1279.00000000,1
1531173106473,1531173106471,1789180,0.00006467,1037.00000000,1
1531173154643,1531173154640,1789181,0.00006474,1200.00000000,0
1531173154657,1531173154653,1789182,0.00006467,561.00000000,1
1531173204989,1531173204985,1789183,0.00006475,3729.00000000,0
1531173204996,1531173204995,1789184,0.00006468,1295.00000000,1
1531173230717,1531173230713,1789185,0.00006468,20.00000000,1
1531173236932,1531173236930,1789186,0.00006475,2624.00000000,0
1531173236949,1531173236947,1789187,0.00006469,1375.00000000,1
1531173236973,1531173236969,1789188,0.00006469,924.00000000,1
1531173287501,1531173287498,1789189,0.00006475,1644.00000000,0
1531173287521,1531173287516,1789190,0.00006468,1051.00000000,1
1531173287541,1531173287538,1789191,0.00006468,575.00000000,1
1531173312209,1531173312209,1789192,0.00006482,119.00000000,0
1531173313249,1531173313246,1789193,0.00006483,60.00000000,0
1531173393139,1531173393136,1789194,0.00006492,60.00000000,0
1531173394177,1531173394174,1789195,0.00006493,60.00000000,0
1531173400734,1531173400730,1789196,0.00006493,90.00000000,0
1531173401218,1531173401215,1789197,0.00006493,13.00000000,1
1531173401218,1531173401215,1789198,0.00006492,78.00000000,1
1531173424685,1531173424682,1789199,0.00006496,1188.00000000,0
1531173424697,1531173424694,1789200,0.00006487,874.00000000,1
1531173430075,1531173430073,1789201,0.00006496,1085.00000000,0
1531173430089,1531173430085,1789202,0.00006487,478.00000000,1
1531173430106,1531173430105,1789203,0.00006487,670.00000000,1
1531173483951,1531173483948,1789204,0.00006489,88.00000000,1
1531173483974,1531173483971,1789205,0.00006489,334.00000000,1
1531173524646,1531173524642,1789206,0.00006493,3222.00000000,0
1531173524661,1531173524658,1789207,0.00006489,1064.00000000,1
1531173524684,1531173524680,1789208,0.00006489,1478.00000000,1
1531173587781,1531173587779,1789209,0.00006499,60.00000000,0
1531173620456,1531173620453,1789210,0.00006496,18.00000000,0
1531173633360,1531173633358,1789211,0.00006491,93.00000000,0
1531173633371,1531173633369,1789212,0.00006487,432.00000000,1
1531173633385,1531173633385,1789213,0.00006487,34.00000000,1
1531173686304,1531173686301,1789214,0.00006492,2020.00000000,0
1531173686318,1531173686314,1789215,0.00006488,754.00000000,1
1531173714087,1531173714086,1789216,0.00006487,397.00000000,1
1531173714104,1531173714102,1789217,0.00006487,676.00000000,1
1531173721722,1531173721719,1789218,0.00006488,92.00000000,0
1531173764600,1531173764598,1789219,0.00006491,1816.00000000,0
1531173764616,1531173764613,1789220,0.00006495,1009.00000000,0
1531173805915,1531173805912,1789221,0.00006491,2437.00000000,0
1531173805927,1531173805925,1789222,0.00006487,1184.00000000,1
1531173805938,1531173805934,1789223,0.00006487,1231.00000000,1
1531173845659,1531173845656,1789224,0.00006488,61.00000000,1
1531173887285,1531173887283,1789225,0.00006488,540.00000000,1
1531173917382,1531173917379,1789226,0.00006492,974.00000000,0
1531173917394,1531173917391,1789227,0.00006488,473.00000000,1
1531173918642,1531173918639,1789228,0.00006496,18.00000000,0
1531173964427,1531173964425,1789229,0.00006492,1486.00000000,0
1531173964434,1531173964432,1789230,0.00006488,320.00000000,1
1531173964447,1531173964444,1789231,0.00006488,1093.00000000,1
1531173983980,1531173983977,1789232,0.00006492,630.00000000,0
1531173983995,1531173983992,1789233,0.00006488,438.00000000,1
1531174025733,1531174025729,1789234,0.00006492,691.00000000,0
1531174025742,1531174025740,1789235,0.00006489,856.00000000,1
1531174025766,1531174025764,1789236,0.00006489,494.00000000,1
1531174067275,1531174067273,1789237,0.00006490,351.00000000,1
1531174067293,1531174067291,1789238,0.00006490,1376.00000000,1
1531174084648,1531174084645,1789239,0.00006490,771.00000000,1
1531174089671,1531174089668,1789240,0.00006490,1242.00000000,1
1531174089693,1531174089690,1789241,0.00006490,338.00000000,1
1531174145860,1531174145858,1789242,0.00006488,174.00000000,1
1531174184833,1531174184830,1789243,0.00006488,1484.00000000,1
1531174184852,1531174184850,1789244,0.00006488,683.00000000,1
1531174215990,1531174215989,1789245,0.00006490,18.00000000,0
1531174226143,1531174226140,1789246,0.00006488,556.00000000,1
1531174226165,1531174226162,1789247,0.00006488,99.00000000,1
1531174227699,1531174227697,1789248,0.00006490,73.00000000,0
1531174233568,1531174233566,1789249,0.00006490,54.00000000,0
1531174237640,1531174237638,1789250,0.00006489,357.00000000,0
1531174237650,1531174237648,1789251,0.00006488,359.00000000,1
1531174237671,1531174237668,1789252,0.00006488,190.00000000,1
1531174239659,1531174239658,1789253,0.00006488,113.00000000,1
1531174266101,1531174266099,1789254,0.00006489,1325.00000000,1
1531174284756,1531174284754,1789255,0.00006489,1163.00000000,1
1531174284764,1531174284761,1789256,0.00006489,227.00000000,0
1531174284780,1531174284777,1789257,0.00006489,624.00000000,1
1531174284795,1531174284793,1789258,0.00006489,539.00000000,1
1531174345230,1531174345227,1789259,0.00006489,708.00000000,1
1531174364633,1531174364630,1789260,0.00006487,632.00000000,1
1531174368877,1531174368874,1789261,0.00006490,5.00000000,0
1531174368877,1531174368874,1789262,0.00006496,47.00000000,0
1531174385736,1531174385734,1789263,0.00006495,1494.00000000,0
1531174385751,1531174385748,1789264,0.00006495,1175.00000000,0
1531174408371,1531174408367,1789265,0.00006491,2274.00000000,0
1531174408380,1531174408378,1789266,0.00006487,256.00000000,1
1531174408398,1531174408396,1789267,0.00006487,1083.00000000,1
1531174425516,1531174425514,1789268,0.00006487,556.00000000,1
1531174425528,1531174425526,1789269,0.00006487,1427.00000000,1
1531174433920,1531174433918,1789270,0.00006487,237.00000000,1
1531174433934,1531174433931,1789271,0.00006487,967.00000000,1
1531174486376,1531174486372,1789272,0.00006491,1732.00000000,0
1531174486388,1531174486386,1789273,0.00006487,1226.00000000,1
1531174486410,1531174486408,1789274,0.00006487,1031.00000000,1
1531174502179,1531174502177,1789275,0.00006487,650.00000000,1
1531174502192,1531174502190,1789276,0.00006487,1206.00000000,1
1531174511352,1531174511350,1789277,0.00006496,18.00000000,0
1531174526301,1531174526298,1789278,0.00006491,2333.00000000,0
1531174526315,1531174526313,1789279,0.00006487,780.00000000,1
1531174526338,1531174526335,1789280,0.00006487,1389.00000000,1
1531174527081,1531174527078,1789281,0.00006496,18.00000000,0
1531174527633,1531174527630,1789282,0.00006496,18.00000000,0
1531174565774,1531174565772,1789283,0.00006487,559.00000000,1
1531174586101,1531174586099,1789284,0.00006493,1274.00000000,0
1531174586115,1531174586113,1789285,0.00006487,377.00000000,1
1531174586144,1531174586142,1789286,0.00006487,657.00000000,1
1531174595366,1531174595363,1789287,0.00006487,367.00000000,1
1531174646097,1531174646095,1789288,0.00006493,884.00000000,0
1531174646111,1531174646107,1789289,0.00006487,702.00000000,1
1531174663974,1531174663973,1789290,0.00006487,211.00000000,1
1531174706025,1531174706022,1789291,0.00006493,2587.00000000,0
1531174706037,1531174706035,1789292,0.00006487,1029.00000000,1
1531174706055,1531174706051,1789293,0.00006487,1078.00000000,1
1531174731419,1531174731418,1789294,0.00006493,984.00000000,0
1531174731429,1531174731427,1789295,0.00006487,137.00000000,1
1531174731451,1531174731449,1789296,0.00006487,535.00000000,1
1531174764884,1531174764882,1789297,0.00006487,126.00000000,1
1531174764904,1531174764900,1789298,0.00006487,216.00000000,1
1531174804967,1531174804965,1789299,0.00006498,18.00000000,0
1531174805303,1531174805299,1789300,0.00006498,18.00000000,0
1531174806302,1531174806298,1789301,0.00006498,18.00000000,0
1531174807297,1531174807294,1789302,0.00006498,6.00000000,0
1531174807297,1531174807294,1789303,0.00006499,12.00000000,0
1531174808305,1531174808301,1789304,0.00006499,16.00000000,0
1531174814267,1531174814266,1789305,0.00006499,18.00000000,0
1531174856280,1531174856279,1789306,0.00006499,100.00000000,0
1531174867254,1531174867251,1789307,0.00006499,150.00000000,0
1531174872884,1531174872882,1789308,0.00006499,11.00000000,0
1531174872884,1531174872882,1789309,0.00006500,139.00000000,0
1531174876423,1531174876420,1789310,0.00006500,27.00000000,0
1531174876423,1531174876420,1789311,0.00006509,73.00000000,0
1531174916122,1531174916120,1789312,0.00006487,944.00000000,1
1531174916141,1531174916138,1789313,0.00006487,1467.00000000,1
1531174945810,1531174945809,1789314,0.00006493,662.00000000,0
1531174945818,1531174945816,1789315,0.00006487,837.00000000,1
1531174945830,1531174945829,1789316,0.00006487,364.00000000,1
1531174956513,1531174956511,1789317,0.00006492,3772.00000000,0
1531174956522,1531174956519,1789318,0.00006498,1429.00000000,0
1531174986045,1531174986042,1789319,0.00006488,25.00000000,1
1531174995385,1531174995382,1789320,0.00006493,910.00000000,0
1531174995393,1531174995391,1789321,0.00006487,615.00000000,1
1531175027594,1531175027591,1789322,0.00006487,1342.00000000,1
1531175041604,1531175041603,1789323,0.00006493,1022.00000000,0
1531175041620,1531175041616,1789324,0.00006487,409.00000000,1
1531175108812,1531175108809,1789325,0.00006501,18.00000000,0
1531175126558,1531175126556,1789326,0.00006488,742.00000000,1
1531175126572,1531175126570,1789327,0.00006488,1276.00000000,1
1531175131728,1531175131725,1789328,0.00006501,250.00000000,0
1531175327851,1531175327849,1789329,0.00006487,681.00000000,1
1531175415179,1531175415177,1789330,0.00006497,18.00000000,0
1531175424631,1531175424630,1789331,0.00006492,1546.00000000,0
1531175424652,1531175424650,1789332,0.00006487,889.00000000,1
1531175436291,1531175436290,1789333,0.00006497,18.00000000,0
1531175525643,1531175525640,1789334,0.00006496,55.00000000,0
1531175525662,1531175525661,1789335,0.00006496,1165.00000000,0
1531175533271,1531175533270,1789336,0.00006496,679.00000000,0
1531175533288,1531175533285,1789337,0.00006496,674.00000000,0
1531175585524,1531175585522,1789338,0.00006487,198.00000000,1
1531175605065,1531175605064,1789339,0.00006487,1467.00000000,1
1531175643609,1531175643606,1789340,0.00006487,1457.00000000,1
1531175689114,1531175689111,1789341,0.00006487,451.00000000,1
1531175716437,1531175716435,1789342,0.00006497,18.00000000,0
1531175777213,1531175777211,1789343,0.00006492,1919.00000000,0
1531175777222,1531175777220,1789344,0.00006487,774.00000000,1
1531175807359,1531175807358,1789345,0.00006492,1761.00000000,0
1531175807372,1531175807370,1789346,0.00006487,23.00000000,1
1531175807390,1531175807387,1789347,0.00006487,968.00000000,1
1531175850449,1531175850448,1789348,0.00006491,2451.00000000,0
1531175850503,1531175850500,1789349,0.00006496,1393.00000000,0
1531175885407,1531175885406,1789350,0.00006492,2510.00000000,0
1531175885420,1531175885416,1789351,0.00006488,1443.00000000,1
1531175929219,1531175929217,1789352,0.00006487,1542.00000000,1
1531175929237,1531175929235,1789353,0.00006487,1184.00000000,0
1531175929253,1531175929252,1789354,0.00006487,76.00000000,1
1531175929275,1531175929272,1789355,0.00006487,1466.00000000,1
1531175987120,1531175987119,1789356,0.00006487,1210.00000000,1
1531175987134,1531175987133,1789357,0.00006487,2299.00000000,0
1531175987151,1531175987150,1789358,0.00006487,1210.00000000,1
1531175998138,1531175998136,1789359,0.00006486,3.00000000,1
1531176030578,1531176030575,1789360,0.00006486,147.00000000,1
1531176030595,1531176030594,1789361,0.00006486,3765.00000000,0
1531176030604,1531176030603,1789362,0.00006487,1444.00000000,0
1531176030631,1531176030629,1789363,0.00006487,1349.00000000,0
1531176038049,1531176038047,1789364,0.00006488,18.00000000,0
1531176047317,1531176047316,1789365,0.00006480,2381.00000000,0
1531176047336,1531176047333,1789366,0.00006472,968.00000000,1
1531176071339,1531176071337,1789367,0.00006480,1944.00000000,0
1531176071349,1531176071347,1789368,0.00006472,934.00000000,1
1531176071373,1531176071372,1789369,0.00006472,715.00000000,1
1531176126020,1531176126017,1789370,0.00006472,880.00000000,1
1531176126045,1531176126042,1789371,0.00006472,354.00000000,1
1531176149849,1531176149847,1789372,0.00006488,9.00000000,0
1531176149849,1531176149847,1789373,0.00006490,6.00000000,0
1531176321875,1531176321873,1789374,0.00006489,18.00000000,0
1531176322073,1531176322071,1789375,0.00006489,16.00000000,0
1531176323067,1531176323064,1789376,0.00006489,16.00000000,0
1531176324084,1531176324082,1789377,0.00006489,16.00000000,0
1531176325071,1531176325069,1789378,0.00006489,4.00000000,0
1531176325071,1531176325069,1789379,0.00006490,12.00000000,0
1531176518955,1531176518954,1789380,0.00006489,14.00000000,0
1531176518987,1531176518985,1789381,0.00006489,16.00000000,0
1531176519984,1531176519982,1789382,0.00006489,16.00000000,0
1531176520991,1531176520990,1789383,0.00006489,16.00000000,0
1531176521995,1531176521994,1789384,0.00006489,2.00000000,0
1531176521995,1531176521994,1789385,0.00006490,14.00000000,0
1531176534479,1531176534477,1789386,0.00006493,90.00000000,0
1531176534494,1531176534492,1789387,0.00006493,35.00000000,0
1531176618493,1531176618492,1789388,0.00006492,18.00000000,0
1531176619146,1531176619145,1789389,0.00006492,16.00000000,0
1531176620154,1531176620152,1789390,0.00006492,16.00000000,0
1531176621143,1531176621141,1789391,0.00006492,14.00000000,0
1531176621143,1531176621141,1789392,0.00006493,2.00000000,0
1531176622155,1531176622153,1789393,0.00006493,16.00000000,0
1531176698396,1531176698395,1789394,0.00006492,9.00000000,0
1531176698734,1531176698733,1789395,0.00006492,16.00000000,0
1531176699727,1531176699726,1789396,0.00006492,16.00000000,0
1531176700728,1531176700727,1789397,0.00006492,16.00000000,0
1531176701728,1531176701723,1789398,0.00006492,7.00000000,0
1531176701728,1531176701723,1789399,0.00006493,7.00000000,0
1531176701728,1531176701723,1789400,0.00006494,2.00000000,0
1531176723713,1531176723712,1789401,0.00006497,2624.00000000,0
1531176723721,1531176723721,1789402,0.00006487,1491.00000000,1
1531176732997,1531176732995,1789403,0.00006497,1283.00000000,0
1531176733013,1531176733011,1789404,0.00006487,904.00000000,1
1531176741789,1531176741788,1789405,0.00006506,10.00000000,0
1531176742284,1531176742282,1789406,0.00006506,16.00000000,0
1531176743295,1531176743294,1789407,0.00006506,16.00000000,0
1531176744277,1531176744276,1789408,0.00006506,16.00000000,0
1531176745276,1531176745274,1789409,0.00006506,6.00000000,0
1531176745276,1531176745274,1789410,0.00006507,10.00000000,0
1531176809115,1531176809114,1789411,0.00006493,825.00000000,0
1531176809125,1531176809123,1789412,0.00006487,1045.00000000,1
1531176809147,1531176809146,1789413,0.00006487,779.00000000,1
1531176814180,1531176814177,1789414,0.00006500,104.00000000,0
1531176814180,1531176814177,1789415,0.00006504,49.00000000,0
1531176826430,1531176826429,1789416,0.00006502,18.00000000,0
1531176895334,1531176895333,1789417,0.00006486,38.00000000,1
1531176917324,1531176917321,1789418,0.00006500,18.00000000,0
1531176917921,1531176917919,1789419,0.00006500,8.00000000,0
1531176925268,1531176925267,1789420,0.00006487,48.00000000,1
1531176959530,1531176959529,1789421,0.00006507,11.00000000,0
1531177007965,1531177007963,1789422,0.00006505,14.00000000,0
1531177008318,1531177008316,1789423,0.00006505,16.00000000,0
1531177009314,1531177009314,1789424,0.00006505,16.00000000,0
1531177010304,1531177010303,1789425,0.00006505,16.00000000,0
1531177011314,1531177011311,1789426,0.00006504,16.00000000,0
1531177018615,1531177018614,1789427,0.00006495,1987.00000000,0
1531177018623,1531177018620,1789428,0.00006488,275.00000000,1
1531177018642,1531177018640,1789429,0.00006488,835.00000000,1
1531177046537,1531177046536,1789430,0.00006487,76.00000000,1
1531177046566,1531177046565,1789431,0.00006487,1229.00000000,1
1531177064263,1531177064260,1789432,0.00006493,1381.00000000,0
1531177064272,1531177064271,1789433,0.00006487,785.00000000,1
1531177084884,1531177084883,1789434,0.00006487,171.00000000,1
1531177084897,1531177084897,1789435,0.00006487,1359.00000000,1
1531177109429,1531177109427,1789436,0.00006492,1554.00000000,0
1531177109443,1531177109440,1789437,0.00006487,406.00000000,1
1531177109460,1531177109458,1789438,0.00006487,762.00000000,1
1531177126380,1531177126379,1789439,0.00006493,1234.00000000,0
1531177126400,1531177126398,1789440,0.00006487,671.00000000,1
1531177149305,1531177149304,1789441,0.00006492,2020.00000000,0
1531177149314,1531177149313,1789442,0.00006487,154.00000000,1
1531177149325,1531177149324,1789443,0.00006487,1217.00000000,1
1531177186361,1531177186360,1789444,0.00006487,1272.00000000,1
1531177198457,1531177198457,1789445,0.00006492,590.00000000,0
1531177198471,1531177198471,1789446,0.00006487,332.00000000,1
1531177221078,1531177221076,1789447,0.00006498,18.00000000,0
1531177245762,1531177245762,1789448,0.00006487,110.00000000,1
1531177245787,1531177245785,1789449,0.00006487,478.00000000,1
1531177290800,1531177290800,1789450,0.00006492,1220.00000000,0
1531177290807,1531177290806,1789451,0.00006487,911.00000000,1
1531177324574,1531177324574,1789452,0.00006487,147.00000000,1
1531177352597,1531177352597,1789453,0.00006492,1413.00000000,0
1531177352606,1531177352607,1789454,0.00006487,1275.00000000,1
1531177352627,1531177352626,1789455,0.00006487,693.00000000,1
1531177404887,1531177404887,1789456,0.00006487,322.00000000,1
1531177404899,1531177404900,1789457,0.00006487,1090.00000000,1
1531177415389,1531177415388,1789458,0.00006487,1414.00000000,1
1531177482761,1531177482759,1789459,0.00006486,42.00000000,1
1531177524604,1531177524605,1789460,0.00006487,18.00000000,0
1531177677673,1531177677675,1789461,0.00006486,70.00000000,1
1531177682088,1531177682089,1789462,0.00006480,19.00000000,0
1531177820043,1531177820045,1789463,0.00006480,18.00000000,0
1531177824691,1531177824692,1789464,0.00006473,91.00000000,0
1531177824698,1531177824700,1789465,0.00006467,38.00000000,1
1531177894756,1531177894755,1789466,0.00006480,15.00000000,0
1531177947534,1531177947534,1789467,0.00006480,7.00000000,0
1531177980656,1531177980658,1789468,0.00006480,11.00000000,0
1531178033520,1531178033521,1789469,0.00006467,114.00000000,1
1531178033520,1531178033521,1789470,0.00006466,150.00000000,1
1531178033520,1531178033521,1789471,0.00006465,34.00000000,1
1531178033520,1531178033521,1789472,0.00006461,56.00000000,1
1531178033520,1531178033521,1789473,0.00006460,25.00000000,1
1531178033520,1531178033521,1789474,0.00006459,274.00000000,1
1531178033520,1531178033521,1789475,0.00006458,78.00000000,1
1531178033520,1531178033521,1789476,0.00006457,125.00000000,1
1531178033520,1531178033521,1789477,0.00006454,174.00000000,1
1531178033520,1531178033521,1789478,0.00006451,2452.00000000,1
1531178033520,1531178033521,1789479,0.00006451,3755.00000000,1
1531178033520,1531178033521,1789480,0.00006451,3010.00000000,1
1531178033521,1531178033521,1789481,0.00006451,1391.00000000,1
1531178033521,1531178033521,1789482,0.00006451,206.00000000,1
1531178033522,1531178033521,1789483,0.00006451,470.00000000,1
1531178033522,1531178033521,1789484,0.00006451,74.00000000,1
1531178036222,1531178036219,1789485,0.00006452,3.00000000,1
1531178036265,1531178036267,1789486,0.00006452,3.00000000,1
1531178036296,1531178036298,1789487,0.00006452,2.00000000,1
1531178047793,1531178047794,1789488,0.00006453,3.00000000,1
1531178049234,1531178049237,1789489,0.00006452,3.00000000,1
1531178064526,1531178064528,1789490,0.00006454,35.00000000,1
1531178066187,1531178066190,1789491,0.00006454,966.00000000,1
1531178066202,1531178066205,1789492,0.00006454,335.00000000,1
1531178073194,1531178073197,1789493,0.00006454,35.00000000,0
1531178074745,1531178074747,1789494,0.00006454,46.00000000,1
1531178101942,1531178101943,1789495,0.00006455,50.00000000,1
1531178105567,1531178105569,1789496,0.00006455,839.00000000,1
1531178119750,1531178119754,1789497,0.00006455,18.00000000,0
1531178144704,1531178144706,1789498,0.00006455,18.00000000,0
1531178147266,1531178147270,1789499,0.00006454,1309.00000000,0
1531178147283,1531178147287,1789500,0.00006453,744.00000000,1
1531178175475,1531178175479,1789501,0.00006454,44.00000000,0
1531178175484,1531178175487,1789502,0.00006453,18.00000000,1
1531178207756,1531178207759,1789503,0.00006454,987.00000000,0
1531178207777,1531178207778,1789504,0.00006453,625.00000000,1
1531178209839,1531178209841,1789505,0.00006455,3.00000000,0
1531178219289,1531178219291,1789506,0.00006453,963.00000000,1
1531178246372,1531178246374,1789507,0.00006454,717.00000000,0
1531178246380,1531178246383,1789508,0.00006453,664.00000000,1
1531178278282,1531178278284,1789509,0.00006454,556.00000000,0
1531178278300,1531178278302,1789510,0.00006453,754.00000000,1
1531178278320,1531178278323,1789511,0.00006453,203.00000000,1
1531178305111,1531178305115,1789512,0.00006454,2143.00000000,0
1531178305120,1531178305124,1789513,0.00006453,686.00000000,1
1531178305130,1531178305133,1789514,0.00006453,724.00000000,1
1531178318208,1531178318211,1789515,0.00006453,966.00000000,1
1531178344333,1531178344337,1789516,0.00006453,783.00000000,1
1531178344353,1531178344357,1789517,0.00006453,869.00000000,1
1531178366329,1531178366331,1789518,0.00006453,440.00000000,1
1531178403641,1531178403645,1789519,0.00006454,2977.00000000,0
1531178403655,1531178403660,1789520,0.00006453,1303.00000000,1
1531178403673,1531178403677,1789521,0.00006453,1418.00000000,1
1531178447386,1531178447390,1789522,0.00006455,18.00000000,0
1531178449382,1531178449383,1789523,0.00006453,406.00000000,1
1531178449408,1531178449411,1789524,0.00006453,201.00000000,1
1531178485923,1531178485925,1789525,0.00006454,1140.00000000,0
1531178485939,1531178485943,1789526,0.00006453,1125.00000000,1
1531178485954,1531178485957,1789527,0.00006453,582.00000000,1
1531178501110,1531178501113,1789528,0.00006454,1126.00000000,1
1531178501124,1531178501128,1789529,0.00006454,920.00000000,0
1531178501138,1531178501143,1789530,0.00006454,345.00000000,1
1531178501159,1531178501162,1789531,0.00006454,781.00000000,1
1531178523925,1531178523930,1789532,0.00006454,1061.00000000,1
1531178523949,1531178523953,1789533,0.00006454,1034.00000000,1
1531178523965,1531178523969,1789534,0.00006454,737.00000000,1
1531178570723,1531178570728,1789535,0.00006454,808.00000000,1
1531178626414,1531178626418,1789536,0.00006454,555.00000000,1
1531178626431,1531178626435,1789537,0.00006454,1202.00000000,1
1531178655672,1531178655676,1789538,0.00006454,997.00000000,1
1531178655691,1531178655696,1789539,0.00006454,343.00000000,0
1531178655705,1531178655710,1789540,0.00006454,115.00000000,1
1531178655720,1531178655725,1789541,0.00006454,882.00000000,1
1531178682592,1531178682597,1789542,0.00006454,81.00000000,1
1531178686648,1531178686653,1789543,0.00006454,251.00000000,1
1531178686663,1531178686667,1789544,0.00006454,1060.00000000,1
1531178698432,1531178698437,1789545,0.00006453,46.00000000,1
1531178698447,1531178698450,1789546,0.00006453,2268.00000000,0
1531178698463,1531178698468,1789547,0.00006454,81.00000000,0
1531178704310,1531178704314,1789548,0.00006455,19.00000000,0
1531178723821,1531178723826,1789549,0.00006455,18.00000000,0
1531178728591,1531178728595,1789550,0.00006454,30.00000000,1
1531178747144,1531178747149,1789551,0.00006454,1030.00000000,1
1531178747158,1531178747163,1789552,0.00006454,1679.00000000,0
1531178747175,1531178747180,1789553,0.00006454,1030.00000000,1
1531178747191,1531178747196,1789554,0.00006453,46.00000000,1
1531178767039,1531178767044,1789555,0.00006452,22.00000000,1
1531178767053,1531178767056,1789556,0.00006452,1214.00000000,0
1531178767069,1531178767074,1789557,0.00006453,2268.00000000,0
1531178807287,1531178807292,1789558,0.00006454,661.00000000,1
1531178807305,1531178807310,1789559,0.00006454,372.00000000,1
1531178807322,1531178807326,1789560,0.00006453,46.00000000,1
1531178807347,1531178807352,1789561,0.00006452,22.00000000,1
1531178811558,1531178811564,1789562,0.00006451,85.00000000,1
1531178823557,1531178823561,1789563,0.00006452,520.00000000,0
1531178834373,1531178834377,1789564,0.00006452,694.00000000,0
1531178853670,1531178853676,1789565,0.00006452,45.00000000,1
1531178858765,1531178858771,1789566,0.00006455,13.00000000,0
1531178858765,1531178858771,1789567,0.00006469,85.00000000,0
1531178883870,1531178883875,1789568,0.00006461,1897.00000000,0
1531178883882,1531178883887,1789569,0.00006453,1039.00000000,1
1531178883900,1531178883905,1789570,0.00006453,921.00000000,1
1531178883917,1531178883922,1789571,0.00006452,497.00000000,1
1531178908217,1531178908222,1789572,0.00006451,1750.00000000,1
1531178908249,1531178908255,1789573,0.00006452,739.00000000,0
1531178921839,1531178921845,1789574,0.00006452,497.00000000,1
1531178944392,1531178944397,1789575,0.00006451,1750.00000000,1
1531179005719,1531179005723,1789576,0.00006453,1304.00000000,1
1531179005735,1531179005740,1789577,0.00006453,1459.00000000,1
1531179013504,1531179013508,1789578,0.00006452,45.00000000,1
1531179013504,1531179013508,1789579,0.00006451,222.00000000,1
1531179013504,1531179013508,1789580,0.00006450,1690.00000000,1
1531179013504,1531179013508,1789581,0.00006450,1231.00000000,1
1531179031892,1531179031897,1789582,0.00006450,65.00000000,1
1531179041223,1531179041227,1789583,0.00006451,1370.00000000,1
1531179041281,1531179041286,1789584,0.00006451,724.00000000,1
1531179060419,1531179060424,1789585,0.00006452,18.00000000,0
1531179063943,1531179063948,1789586,0.00006451,404.00000000,1
1531179088527,1531179088533,1789587,0.00006451,1334.00000000,1
1531179088551,1531179088557,1789588,0.00006451,1199.00000000,1
1531179125171,1531179125177,1789589,0.00006451,697.00000000,1
1531179125192,1531179125197,1789590,0.00006451,1248.00000000,1
1531179125204,1531179125210,1789591,0.00006451,491.00000000,1
1531179156827,1531179156832,1789592,0.00006451,289.00000000,1
1531179156842,1531179156847,1789593,0.00006451,1460.00000000,1
1531179184327,1531179184332,1789594,0.00006451,1660.00000000,1
1531179184354,1531179184360,1789595,0.00006451,1430.00000000,1
1531179184371,1531179184377,1789596,0.00006451,977.00000000,1
1531179211124,1531179211130,1789597,0.00006451,304.00000000,1
1531179211141,1531179211147,1789598,0.00006451,404.00000000,1
1531179237326,1531179237331,1789599,0.00006452,3.00000000,0
1531179265504,1531179265510,1789600,0.00006451,748.00000000,1
1531179265513,1531179265519,1789601,0.00006451,254.00000000,0
1531179265523,1531179265527,1789602,0.00006451,748.00000000,1
1531179322263,1531179322270,1789603,0.00006452,18.00000000,0
1531179411051,1531179411055,1789604,0.00006452,154.00000000,0
1531179563277,1531179563282,1789605,0.00006452,8.00000000,0
1531179626525,1531179626532,1789606,0.00006452,18.00000000,0
1531179927919,1531179927926,1789607,0.00006452,18.00000000,0
1531179978064,1531179978071,1789608,0.00006452,15.00000000,0
1531179987814,1531179987819,1789609,0.00006451,194.00000000,1
1531179987814,1531179987819,1789610,0.00006450,587.00000000,1
1531179990449,1531179990454,1789611,0.00006452,7.00000000,0
1531180046400,1531180046407,1789612,0.00006451,839.00000000,1
1531180046413,1531180046420,1789613,0.00006451,239.00000000,1
1531180083542,1531180083547,1789614,0.00006451,151.00000000,1
1531180083571,1531180083578,1789615,0.00006451,242.00000000,1
1531180083588,1531180083594,1789616,0.00006451,78.00000000,1
1531180090585,1531180090591,1789617,0.00006452,14.00000000,0
1531180222990,1531180222996,1789618,0.00006452,18.00000000,0
1531180325141,1531180325149,1789619,0.00006452,154.00000000,0
1531180387750,1531180387758,1789620,0.00006452,1.00000000,0
1531180527779,1531180527788,1789621,0.00006452,18.00000000,0
1531180553219,1531180553225,1789622,0.00006452,2882.00000000,0
1531180561188,1531180561195,1789623,0.00006452,77.00000000,0
1531180569250,1531180569257,1789624,0.00006452,18.00000000,0
1531180663757,1531180663762,1789625,0.00006451,465.00000000,1
1531180984229,1531180984235,1789626,0.00006450,106.00000000,1
1531180984399,1531180984405,1789627,0.00006450,60.00000000,1
1531180984887,1531180984893,1789628,0.00006450,60.00000000,1
1531181036294,1531181036300,1789629,0.00006450,131.00000000,1
1531181036587,1531181036593,1789630,0.00006450,1070.00000000,1
1531181045184,1531181045189,1789631,0.00006448,117.00000000,0
1531181045203,1531181045208,1789632,0.00006447,240.00000000,1
1531181045229,1531181045234,1789633,0.00006447,98.00000000,1
1531181050554,1531181050560,1789634,0.00006448,2038.00000000,0
1531181050569,1531181050573,1789635,0.00006447,1477.00000000,1
1531181106022,1531181106026,1789636,0.00006447,625.00000000,1
1531181106047,1531181106051,1789637,0.00006447,1092.00000000,1
1531181143026,1531181143031,1789638,0.00006449,105.00000000,0
1531181143039,1531181143042,1789639,0.00006447,80.00000000,1
1531181163879,1531181163882,1789640,0.00006448,1057.00000000,0
1531181163890,1531181163894,1789641,0.00006447,464.00000000,1
1531181170626,1531181170631,1789642,0.00006448,1846.00000000,0
1531181170638,1531181170642,1789643,0.00006447,612.00000000,1
1531181170657,1531181170660,1789644,0.00006447,763.00000000,1
1531181186706,1531181186709,1789645,0.00006448,2348.00000000,0
1531181186718,1531181186722,1789646,0.00006447,583.00000000,1
1531181186742,1531181186747,1789647,0.00006447,883.00000000,1
1531181206926,1531181206930,1789648,0.00006448,1872.00000000,0
1531181206936,1531181206939,1789649,0.00006447,1477.00000000,1
1531181206956,1531181206961,1789650,0.00006447,761.00000000,1
1531181215515,1531181215520,1789651,0.00006449,92.00000000,0
1531181215530,1531181215534,1789652,0.00006449,5115.00000000,0
1531181245124,1531181245129,1789653,0.00006448,224.00000000,0
1531181245139,1531181245143,1789654,0.00006447,983.00000000,1
1531181245161,1531181245165,1789655,0.00006447,148.00000000,1
1531181283611,1531181283615,1789656,0.00006447,122.00000000,1
1531181285494,1531181285499,1789657,0.00006447,1257.00000000,1
1531181286351,1531181286354,1789658,0.00006446,90.00000000,1
1531181326268,1531181326272,1789659,0.00006446,60.00000000,1
1531181326282,1531181326286,1789660,0.00006446,810.00000000,0
1531181326289,1531181326293,1789661,0.00006447,122.00000000,0
1531181326572,1531181326577,1789662,0.00006447,1257.00000000,1
1531181326572,1531181326577,1789663,0.00006446,60.00000000,1
1531181359516,1531181359518,1789664,0.00006445,294.00000000,1
1531181359532,1531181359535,1789665,0.00006445,442.00000000,1
1531181394576,1531181394579,1789666,0.00006444,41.00000000,1
1531181394576,1531181394579,1789667,0.00006442,400.00000000,1
1531181394576,1531181394579,1789668,0.00006440,4098.00000000,1
1531181394577,1531181394579,1789669,0.00006440,909.00000000,1
1531181395004,1531181395009,1789670,0.00006439,59.00000000,1
1531181398460,1531181398465,1789671,0.00006440,34.00000000,0
1531181399802,1531181399804,1789672,0.00006440,30.00000000,0
1531181399833,1531181399837,1789673,0.00006439,3.00000000,1
1531181407822,1531181407825,1789674,0.00006439,43.00000000,1
1531181409949,1531181409953,1789675,0.00006439,45.00000000,1
1531181409949,1531181409953,1789676,0.00006436,25.00000000,1
1531181409949,1531181409953,1789677,0.00006434,11.00000000,1
1531181432642,1531181432646,1789678,0.00006435,311.00000000,1
1531181432659,1531181432664,1789679,0.00006435,711.00000000,1
1531181441883,1531181441887,1789680,0.00006434,1.00000000,1
1531181445631,1531181445636,1789681,0.00006434,132.00000000,1
1531181462877,1531181462879,1789682,0.00006434,6492.00000000,1
1531181475745,1531181475748,1789683,0.00006431,3675.00000000,0
1531181475745,1531181475748,1789684,0.00006429,114.00000000,1
1531181475745,1531181475748,1789685,0.00006429,165.00000000,1
1531181475761,1531181475764,1789686,0.00006429,650.00000000,1
1531181475778,1531181475782,1789687,0.00006429,971.00000000,1
1531181506936,1531181506940,1789688,0.00006429,279.00000000,0
1531181513953,1531181513955,1789689,0.00006434,21.00000000,0
1531181529418,1531181529421,1789690,0.00006430,810.00000000,1
1531181529440,1531181529444,1789691,0.00006430,180.00000000,1
1531181529450,1531181529454,1789692,0.00006429,971.00000000,1
1531181567529,1531181567532,1789693,0.00006428,25.00000000,1
1531181567547,1531181567550,1789694,0.00006428,786.00000000,0
1531181567558,1531181567562,1789695,0.00006429,279.00000000,0
1531181567862,1531181567867,1789696,0.00006429,971.00000000,1
1531181570325,1531181570329,1789697,0.00006426,3.00000000,1
1531181570641,1531181570645,1789698,0.00006427,678.00000000,1
1531181570641,1531181570645,1789699,0.00006426,147.00000000,1
1531181647415,1531181647418,1789700,0.00006425,357.00000000,1
1531181720091,1531181720094,1789701,0.00006425,98.00000000,0
1531181763086,1531181763087,1789702,0.00006425,4893.00000000,0
1531181787166,1531181787170,1789703,0.00006425,485.00000000,0
1531181788982,1531181788985,1789704,0.00006425,155.00000000,0
1531181931595,1531181931597,1789705,0.00006424,224.00000000,1
1531181952112,1531181952113,1789706,0.00006422,16.00000000,1
1531181952112,1531181952113,1789707,0.00006420,2.00000000,1
1531181967071,1531181967046,1789708,0.00006421,1019.00000000,1
1531181967144,1531181967147,1789709,0.00006421,1167.00000000,1
1531181981426,1531181981429,1789710,0.00006423,111.00000000,0
1531181998017,1531181998020,1789711,0.00006422,2684.00000000,0
1531181998031,1531181998035,1789712,0.00006421,995.00000000,1
1531181998051,1531181998055,1789713,0.00006421,1188.00000000,1
1531182010317,1531182010320,1789714,0.00006422,30.00000000,0
1531182010659,1531182010661,1789715,0.00006422,34.00000000,0
1531182026560,1531182026563,1789716,0.00006421,395.00000000,1
1531182221131,1531182221134,1789717,0.00006420,2417.00000000,1
1531182290288,1531182290291,1789718,0.00006420,46.00000000,1
1531182296262,1531182296265,1789719,0.00006420,46.00000000,1
1531182376344,1531182376348,1789720,0.00006420,53.00000000,1
1531182400542,1531182400544,1789721,0.00006420,8.00000000,1
1531182619608,1531182619611,1789722,0.00006421,30.00000000,0
1531182620420,1531182620422,1789723,0.00006421,34.00000000,0
1531182838726,1531182838728,1789724,0.00006421,28.00000000,0
1531182905202,1531182905204,1789725,0.00006420,88.00000000,1
1531182970614,1531182970616,1789726,0.00006420,6.00000000,1
1531183228583,1531183228582,1789727,0.00006421,34.00000000,0
1531183230617,1531183230614,1789728,0.00006421,30.00000000,0
1531183341334,1531183341333,1789729,0.00006421,48.00000000,0
1531183431204,1531183431204,1789730,0.00006420,48.00000000,1
1531183451461,1531183451461,1789731,0.00006420,493.00000000,1
1531183478961,1531183478960,1789732,0.00006420,89.00000000,1
1531183544970,1531183544969,1789733,0.00006421,5.00000000,0
1531183839396,1531183839395,1789734,0.00006421,34.00000000,0
1531183840603,1531183840601,1789735,0.00006421,30.00000000,0
1531183842780,1531183842779,1789736,0.00006421,1.00000000,0
1531184451419,1531184451415,1789737,0.00006421,34.00000000,0
1531184489171,1531184489168,1789738,0.00006421,6.00000000,0
1531184961355,1531184961350,1789739,0.00006420,30.00000000,1
1531184961790,1531184961787,1789740,0.00006420,4383.00000000,1
1531185059128,1531185059124,1789741,0.00006421,34.00000000,0
1531185148127,1531185148123,1789742,0.00006420,94.00000000,1
1531185667015,1531185667010,1789743,0.00006421,34.00000000,0
1531186168555,1531186168550,1789744,0.00006420,205.00000000,1
1531186171405,1531186171400,1789745,0.00006420,1.00000000,1
1531186173281,1531186173276,1789746,0.00006420,124.00000000,1
1531186185476,1531186185470,1789747,0.00006420,1864.00000000,1
1531186186019,1531186186012,1789748,0.00006420,1730.00000000,1
1531186186209,1531186186204,1789749,0.00006420,964.00000000,1
1531186278890,1531186278884,1789750,0.00006421,34.00000000,0
1531186304464,1531186304457,1789751,0.00006421,87.00000000,0
1531186346559,1531186346553,1789752,0.00006421,467.00000000,0
1531186577950,1531186577944,1789753,0.00006421,18.00000000,0
1531186659929,1531186659922,1789754,0.00006421,750.00000000,0
1531186684170,1531186684165,1789755,0.00006421,331.00000000,0
1531186709665,1531186709660,1789756,0.00006420,1.00000000,1
1531186822594,1531186822588,1789757,0.00006420,224.00000000,1
1531186885805,1531186885799,1789758,0.00006421,34.00000000,0
1531187089232,1531187089227,1789759,0.00006420,31.00000000,1
1531187149267,1531187149262,1789760,0.00006420,330.00000000,1
1531187159786,1531187159781,1789761,0.00006421,396.00000000,0
1531187159803,1531187159797,1789762,0.00006421,396.00000000,0
1531187159829,1531187159825,1789763,0.00006421,397.00000000,0
1531187159852,1531187159847,1789764,0.00006421,136.00000000,0
1531187159888,1531187159883,1789765,0.00006421,149.00000000,0
1531187159890,1531187159886,1789766,0.00006420,136.00000000,1
1531187160261,1531187160255,1789767,0.00006421,467.00000000,0
1531187160719,1531187160713,1789768,0.00006421,119.00000000,0
1531187381905,1531187381902,1789769,0.00006420,140.00000000,1
1531187493506,1531187493501,1789770,0.00006421,34.00000000,0
1531187494655,1531187494648,1789771,0.00006420,59.00000000,1
1531187552906,1531187552901,1789772,0.00006420,131.00000000,1
1531187718680,1531187718676,1789773,0.00006421,35.00000000,0
1531187718684,1531187718680,1789774,0.00006421,220.00000000,0
1531187799563,1531187799558,1789775,0.00006420,874.00000000,1
1531187800480,1531187800475,1789776,0.00006420,46.00000000,1
1531187817472,1531187817466,1789777,0.00006420,220.00000000,1
1531187950800,1531187950795,1789778,0.00006420,63.00000000,1
1531188058431,1531188058425,1789779,0.00006420,155.00000000,1
1531188084025,1531188084019,1789780,0.00006420,1.00000000,1
1531188105945,1531188105942,1789781,0.00006421,34.00000000,0
1531188151964,1531188151961,1789782,0.00006421,27.00000000,0
1531188245085,1531188245081,1789783,0.00006420,40.00000000,1
1531188364105,1531188364101,1789784,0.00006420,2.00000000,1
1531188373052,1531188373046,1789785,0.00006421,28.00000000,0
1531188387833,1531188387829,1789786,0.00006420,8.00000000,1
1531188387833,1531188387829,1789787,0.00006419,42.00000000,1
1531188388026,1531188388024,1789788,0.00006419,108.00000000,1
1531188388260,1531188388257,1789789,0.00006418,86.00000000,1
1531188388260,1531188388257,1789790,0.00006417,151.00000000,1
1531188407452,1531188407449,1789791,0.00006415,1182.00000000,1
1531188407538,1531188407534,1789792,0.00006421,21.00000000,0
1531188410640,1531188410636,1789793,0.00006433,53.00000000,0
1531188414636,1531188414632,1789794,0.00006416,21.00000000,1
1531188445935,1531188445930,1789795,0.00006416,1184.00000000,1
1531188474768,1531188474765,1789796,0.00006416,1007.00000000,1
1531188510544,1531188510540,1789797,0.00006415,1.00000000,1
1531188510843,1531188510839,1789798,0.00006415,38.00000000,1
1531188516658,1531188516655,1789799,0.00006415,78.00000000,0
1531188522295,1531188522291,1789800,0.00006415,30.00000000,0
