event_time,trade_time,trade_id,price,quantity,maker
1531160363356,1531160363352,3280666,0.00000502,1625.00000000,0
1531160363357,1531160363354,3280667,0.00000502,1625.00000000,0
1531160363359,1531160363357,3280668,0.00000502,1625.00000000,0
1531160363361,1531160363357,3280669,0.00000502,1625.00000000,0
1531160363362,1531160363357,3280670,0.00000502,1625.00000000,0
1531160363363,1531160363359,3280671,0.00000502,1625.00000000,0
1531160363365,1531160363359,3280672,0.00000502,6647.00000000,0
1531160363365,1531160363359,3280673,0.00000505,703.00000000,0
1531160363365,1531160363359,3280674,0.00000506,2135.00000000,0
1531160363365,1531160363359,3280675,0.00000508,18323.00000000,0
1531160363373,1531160363370,3280676,0.00000509,31705.00000000,0
1531160363380,1531160363376,3280677,0.00000509,1632.00000000,0
1531160363404,1531160363401,3280678,0.00000509,1473.00000000,0
1531160363446,1531160363443,3280679,0.00000509,236.00000000,0
1531160363718,1531160363714,3280680,0.00000509,10922.00000000,0
1531160363853,1531160363850,3280681,0.00000508,1584.00000000,1
1531160364096,1531160364092,3280682,0.00000508,951.00000000,1
1531160366822,1531160366817,3280683,0.00000504,1651.00000000,1
1531160366822,1531160366817,3280684,0.00000503,1866.00000000,1
1531160366822,1531160366817,3280685,0.00000502,7405.00000000,1
1531160367797,1531160367795,3280686,0.00000505,1184.00000000,0
1531160370905,1531160370900,3280687,0.00000505,464.00000000,0
1531160371821,1531160371817,3280688,0.00000505,2768.00000000,1
1531160376236,1531160376233,3280689,0.00000504,933.00000000,1
1531160379042,1531160379039,3280690,0.00000505,933.00000000,0
1531160394895,1531160394894,3280691,0.00000504,364.00000000,1
1531160402996,1531160402993,3280692,0.00000504,925.00000000,1
1531160405038,1531160405035,3280693,0.00000504,1227.00000000,1
1531160406358,1531160406353,3280694,0.00000504,1000.00000000,1
1531160407103,1531160407099,3280695,0.00000504,500.00000000,1
1531160431695,1531160431680,3280696,0.00000506,1645.00000000,0
1531160431695,1531160431680,3280697,0.00000509,60.00000000,0
1531160472457,1531160472452,3280698,0.00000505,571.00000000,1
1531160479978,1531160479975,3280699,0.00000505,200.00000000,1
1531160507569,1531160507567,3280700,0.00000508,771.00000000,0
1531160508001,1531160508000,3280701,0.00000508,389.00000000,1
1531160533384,1531160533381,3280702,0.00000509,5470.00000000,0
1531160543517,1531160543515,3280703,0.00000509,1161.00000000,0
1531160580451,1531160580447,3280704,0.00000508,5094.00000000,0
1531160580981,1531160580977,3280705,0.00000508,7372.00000000,1
1531160603167,1531160603162,3280706,0.00000509,40.00000000,0
1531160603167,1531160603162,3280707,0.00000510,159.00000000,0
1531160658793,1531160658790,3280708,0.00000510,370.00000000,0
1531160658793,1531160658790,3280709,0.00000511,1380.00000000,0
1531160663390,1531160663387,3280710,0.00000506,300.00000000,1
1531160666320,1531160666316,3280711,0.00000506,200.00000000,1
1531160681804,1531160681800,3280712,0.00000507,28.00000000,1
1531160718996,1531160718993,3280713,0.00000510,1.00000000,0
1531160727532,1531160727531,3280714,0.00000510,1240.00000000,0
1531160727532,1531160727531,3280715,0.00000511,720.00000000,0
1531160728970,1531160728967,3280716,0.00000511,1.00000000,0
1531160834329,1531160834324,3280717,0.00000507,289.00000000,1
1531160834329,1531160834324,3280718,0.00000506,198.00000000,1
1531160834329,1531160834324,3280719,0.00000505,3780.00000000,1
1531160835971,1531160835966,3280720,0.00000508,1180.00000000,0
1531160866105,1531160866104,3280721,0.00000509,397.00000000,0
1531161013544,1531161013539,3280722,0.00000506,7216.00000000,1
1531161021010,1531161021006,3280723,0.00000508,1638.00000000,0
1531161021010,1531161021006,3280724,0.00000509,66.00000000,0
1531161021010,1531161021006,3280725,0.00000510,264.00000000,0
1531161043510,1531161043507,3280726,0.00000509,39.00000000,0
1531161066441,1531161066437,3280727,0.00000509,1596.00000000,0
1531161066872,1531161066869,3280728,0.00000509,10709.00000000,1
1531161224749,1531161224746,3280729,0.00000509,1067.00000000,1
1531161237755,1531161237751,3280730,0.00000510,396.00000000,0
1531161289318,1531161289314,3280731,0.00000509,45422.00000000,1
1531161294769,1531161294764,3280732,0.00000509,15141.00000000,1
1531161313468,1531161313464,3280733,0.00000509,12466.00000000,1
1531161314175,1531161314170,3280734,0.00000509,6262.00000000,1
1531161433636,1531161433633,3280735,0.00000509,6255.00000000,0
1531161439692,1531161439687,3280736,0.00000509,199.00000000,0
1531161466681,1531161466677,3280737,0.00000507,1075.00000000,1
1531161485753,1531161485749,3280738,0.00000507,2066.00000000,1
1531161571627,1531161571623,3280739,0.00000506,198.00000000,1
1531161571627,1531161571623,3280740,0.00000505,301.00000000,1
1531161740201,1531161740196,3280741,0.00000507,2588.00000000,0
1531161751033,1531161751028,3280742,0.00000509,20.00000000,0
1531161751386,1531161751381,3280743,0.00000509,1000.00000000,0
1531161770358,1531161770352,3280744,0.00000509,1740.00000000,0
1531161770358,1531161770352,3280745,0.00000510,1198.00000000,0
1531161770358,1531161770352,3280746,0.00000511,5054.00000000,0
1531161788352,1531161788348,3280747,0.00000510,712.00000000,0
1531161824720,1531161824718,3280748,0.00000508,1610.00000000,1
1531161824725,1531161824721,3280749,0.00000508,28.00000000,1
1531161824734,1531161824730,3280750,0.00000505,471.00000000,1
1531162049180,1531162049174,3280751,0.00000509,1964.00000000,0
1531162066587,1531162066586,3280752,0.00000509,142.00000000,0
1531162071820,1531162071816,3280753,0.00000510,57.00000000,1
1531162071994,1531162071990,3280754,0.00000509,1584.00000000,1
1531162087515,1531162087512,3280755,0.00000510,396.00000000,0
1531162099923,1531162099918,3280756,0.00000508,1260.00000000,1
1531162112024,1531162112020,3280757,0.00000508,378.00000000,1
1531162112024,1531162112020,3280758,0.00000507,198.00000000,1
1531162112024,1531162112020,3280759,0.00000506,198.00000000,1
1531162112024,1531162112020,3280760,0.00000504,936.00000000,1
1531162174846,1531162174841,3280761,0.00000505,1648.00000000,1
1531162194644,1531162194639,3280762,0.00000504,2130.00000000,1
1531162202353,1531162202349,3280763,0.00000504,31048.00000000,0
1531162205762,1531162205760,3280764,0.00000505,1584.00000000,0
1531162208874,1531162208871,3280765,0.00000505,64.00000000,0
1531162247118,1531162247114,3280766,0.00000506,594.00000000,0
1531162259078,1531162259076,3280767,0.00000506,334.00000000,0
1531162269037,1531162269033,3280768,0.00000506,200.00000000,0
1531162411885,1531162411879,3280769,0.00000506,200.00000000,0
1531162538012,1531162538008,3280770,0.00000506,6126.00000000,0
1531162540642,1531162540637,3280771,0.00000506,17650.00000000,0
1531162628841,1531162628836,3280772,0.00000504,494.00000000,1
1531162771345,1531162771340,3280773,0.00000504,301.00000000,1
1531162784985,1531162784979,3280774,0.00000504,4824.00000000,1
1531162784985,1531162784979,3280775,0.00000503,176.00000000,1
1531163009145,1531163009139,3280776,0.00000503,429.00000000,1
1531163560024,1531163560019,3280777,0.00000506,4500.00000000,0
1531163616243,1531163616238,3280778,0.00000503,3955.00000000,1
1531163640078,1531163640073,3280779,0.00000506,1976.00000000,0
1531163736041,1531163736036,3280780,0.00000503,4600.00000000,1
1531163848914,1531163848907,3280781,0.00000506,2454.00000000,0
1531163862733,1531163862726,3280782,0.00000506,1645.00000000,1
1531163863740,1531163863734,3280783,0.00000506,10000.00000000,0
1531163873053,1531163873049,3280784,0.00000506,20000.00000000,0
1531163931313,1531163931308,3280785,0.00000506,99.00000000,0
1531164156308,1531164156303,3280786,0.00000503,4440.00000000,1
1531164300917,1531164300911,3280787,0.00000503,2168.00000000,1
1531164331245,1531164331240,3280788,0.00000504,1161.00000000,0
1531164439105,1531164439100,3280789,0.00000507,1400.00000000,0
1531164444025,1531164444019,3280790,0.00000507,241.00000000,0
1531164444025,1531164444019,3280791,0.00000508,101.00000000,0
1531164445790,1531164445784,3280792,0.00000508,113.00000000,0
1531164461566,1531164461558,3280793,0.00000508,1968.00000000,0
1531164462398,1531164462394,3280794,0.00000505,3301.00000000,1
1531164622411,1531164622405,3280795,0.00000505,30313.00000000,1
1531164628417,1531164628411,3280796,0.00000505,16043.00000000,1
1531164628926,1531164628903,3280797,0.00000505,7492.00000000,1
1531164687024,1531164687019,3280798,0.00000508,5.00000000,0
1531164692169,1531164692162,3280799,0.00000505,30031.00000000,1
1531164739836,1531164739830,3280800,0.00000505,20493.00000000,0
1531164785286,1531164785280,3280801,0.00000504,1600.00000000,1
1531164806164,1531164806158,3280802,0.00000504,5874.00000000,1
1531164806182,1531164806181,3280803,0.00000504,4494.00000000,0
1531164806202,1531164806199,3280804,0.00000504,4492.00000000,0
1531164807336,1531164807329,3280805,0.00000503,17938.00000000,1
1531164809293,1531164809289,3280806,0.00000502,4492.00000000,1
1531164829747,1531164829741,3280807,0.00000503,1989.00000000,0
1531164832194,1531164832189,3280808,0.00000503,2.00000000,0
1531164835414,1531164835406,3280809,0.00000503,2184.00000000,1
1531164835414,1531164835406,3280810,0.00000502,1879.00000000,1
1531164858640,1531164858633,3280811,0.00000501,4765.00000000,1
1531164860425,1531164860419,3280812,0.00000500,13987.00000000,1
1531164860425,1531164860419,3280813,0.00000499,253837.00000000,1
1531164860508,1531164860502,3280814,0.00000499,243.00000000,0
1531164860538,1531164860533,3280815,0.00000499,522.00000000,0
1531164860622,1531164860618,3280816,0.00000499,524.00000000,0
1531164864793,1531164864788,3280817,0.00000498,70904.00000000,1
1531164865422,1531164865416,3280818,0.00000498,1161.00000000,1
1531164876416,1531164876408,3280819,0.00000498,2150.00000000,1
1531164876416,1531164876408,3280820,0.00000497,3036.00000000,1
1531164876416,1531164876408,3280821,0.00000496,14639.00000000,1
1531164876416,1531164876408,3280822,0.00000495,5211.00000000,1
1531164876948,1531164876942,3280823,0.00000498,798.00000000,0
1531164877048,1531164877047,3280824,0.00000498,3413.00000000,0
1531164877118,1531164877113,3280825,0.00000498,7153.00000000,0
1531164877181,1531164877175,3280826,0.00000498,2008.00000000,0
1531164877275,1531164877275,3280827,0.00000498,1418.00000000,0
1531164877659,1531164877652,3280828,0.00000498,269.00000000,0
1531164879021,1531164879013,3280829,0.00000497,241.00000000,1
1531164879021,1531164879013,3280830,0.00000496,301.00000000,1
1531164879021,1531164879013,3280831,0.00000495,642.00000000,1
1531164879426,1531164879424,3280832,0.00000498,929.00000000,0
1531164881625,1531164881617,3280833,0.00000498,525.00000000,1
1531164891372,1531164891368,3280834,0.00000497,261.00000000,1
1531164891372,1531164891368,3280835,0.00000495,714.00000000,1
1531164909786,1531164909779,3280836,0.00000495,17634.00000000,1
1531164909786,1531164909779,3280837,0.00000494,4712.00000000,1
1531164909800,1531164909796,3280838,0.00000494,3754.00000000,0
1531164909804,1531164909799,3280839,0.00000494,759.00000000,0
1531164909841,1531164909836,3280840,0.00000494,888.00000000,0
1531164909866,1531164909863,3280841,0.00000494,888.00000000,0
1531164910518,1531164910513,3280842,0.00000494,6888.00000000,0
1531164910618,1531164910612,3280843,0.00000494,33142.00000000,0
1531164912481,1531164912475,3280844,0.00000494,678.00000000,0
1531164912481,1531164912475,3280845,0.00000495,1736.00000000,0
1531164912758,1531164912755,3280846,0.00000495,55.00000000,0
1531164914715,1531164914708,3280847,0.00000495,623.00000000,0
1531164914715,1531164914708,3280848,0.00000497,379.00000000,0
1531164917721,1531164917716,3280849,0.00000494,2445.00000000,1
1531164917979,1531164917976,3280850,0.00000497,302.00000000,0
1531164922292,1531164922286,3280851,0.00000496,2445.00000000,0
1531164924123,1531164924119,3280852,0.00000494,205.00000000,1
1531164928328,1531164928320,3280853,0.00000494,436.00000000,1
1531164928600,1531164928594,3280854,0.00000494,436.00000000,1
1531164929696,1531164929690,3280855,0.00000497,220.00000000,0
1531164929696,1531164929690,3280856,0.00000498,1509.00000000,0
1531164930718,1531164930714,3280857,0.00000495,436.00000000,1
1531164931451,1531164931446,3280858,0.00000495,436.00000000,1
1531164934808,1531164934777,3280859,0.00000498,924.00000000,0
1531164934844,1531164934838,3280860,0.00000498,1017.00000000,0
1531164951944,1531164951938,3280861,0.00000494,205.00000000,1
1531164977266,1531164977260,3280862,0.00000497,824.00000000,0
1531164984773,1531164984771,3280863,0.00000494,270.00000000,1
1531164985284,1531164985279,3280864,0.00000496,642.00000000,0
1531165012291,1531165012284,3280865,0.00000496,942.00000000,0
1531165016755,1531165016750,3280866,0.00000495,1442.00000000,1
1531165094458,1531165094450,3280867,0.00000497,1502.00000000,0
1531165095256,1531165095253,3280868,0.00000498,837.00000000,0
1531165097562,1531165097554,3280869,0.00000498,946.00000000,0
1531165098995,1531165098990,3280870,0.00000498,1185.00000000,0
1531165155428,1531165155423,3280871,0.00000499,18637.00000000,0
1531165157641,1531165157636,3280872,0.00000499,6163.00000000,0
1531165175699,1531165175695,3280873,0.00000496,114.00000000,1
1531165176272,1531165176266,3280874,0.00000496,114.00000000,1
1531165421287,1531165421282,3280875,0.00000496,862.00000000,1
1531165421309,1531165421303,3280876,0.00000496,294.00000000,1
1531165481639,1531165481635,3280877,0.00000497,241.00000000,1
1531165510657,1531165510653,3280878,0.00000497,305.00000000,1
1531165520073,1531165520067,3280879,0.00000497,290.00000000,1
1531165525973,1531165525967,3280880,0.00000497,300.00000000,1
1531165544862,1531165544854,3280881,0.00000497,7172.00000000,1
1531165547293,1531165547287,3280882,0.00000497,28.00000000,1
1531165547332,1531165547325,3280883,0.00000497,29.00000000,1
1531165598115,1531165598110,3280884,0.00000497,6669.00000000,1
1531165691911,1531165691905,3280885,0.00000497,720.00000000,1
1531165707332,1531165707326,3280886,0.00000495,35.00000000,1
1531165707386,1531165707380,3280887,0.00000495,35.00000000,1
1531165838535,1531165838531,3280888,0.00000497,2012.00000000,0
1531165839470,1531165839467,3280889,0.00000497,503.00000000,0
1531165844351,1531165844345,3280890,0.00000497,2282.00000000,0
1531165855519,1531165855515,3280891,0.00000496,2863.00000000,0
1531165994485,1531165994481,3280892,0.00000497,16887.00000000,0
1531166068379,1531166068377,3280893,0.00000499,1541.00000000,0
1531166130761,1531166130754,3280894,0.00000499,5000.00000000,0
1531166249369,1531166249363,3280895,0.00000497,3386.00000000,1
1531166488468,1531166488460,3280896,0.00000497,31402.00000000,1
1531166488468,1531166488460,3280897,0.00000495,15282.00000000,1
1531166488468,1531166488460,3280898,0.00000494,21735.00000000,1
1531166488468,1531166488460,3280899,0.00000493,9635.00000000,1
1531166520027,1531166520021,3280900,0.00000496,1678.00000000,1
1531166521090,1531166521086,3280901,0.00000494,35.00000000,1
1531166521351,1531166521345,3280902,0.00000494,35.00000000,1
1531166524831,1531166524830,3280903,0.00000493,35.00000000,1
1531166524879,1531166524873,3280904,0.00000493,35.00000000,1
1531166525602,1531166525596,3280905,0.00000495,1205.00000000,0
1531166525686,1531166525682,3280906,0.00000495,877.00000000,0
1531166557964,1531166557959,3280907,0.00000493,4098.00000000,1
1531166633181,1531166633180,3280908,0.00000496,202.00000000,0
1531166691729,1531166691723,3280909,0.00000496,1476.00000000,0
1531166694742,1531166694741,3280910,0.00000498,1359.00000000,0
1531166946274,1531166946268,3280911,0.00000494,202.00000000,1
1531166948644,1531166948638,3280912,0.00000498,1048.00000000,0
1531166948660,1531166948653,3280913,0.00000498,1198.00000000,0
1531166948665,1531166948659,3280914,0.00000498,1042.00000000,0
1531166951776,1531166951770,3280915,0.00000495,319.00000000,1
1531167036269,1531167036267,3280916,0.00000496,202.00000000,1
1531167059192,1531167059186,3280917,0.00000496,452.00000000,1
1531167145956,1531167145950,3280918,0.00000496,306.00000000,1
1531167234981,1531167234974,3280919,0.00000496,5511.00000000,1
1531167504603,1531167504596,3280920,0.00000496,2471.00000000,0
1531167590252,1531167590244,3280921,0.00000495,3054.00000000,1
1531167590252,1531167590244,3280922,0.00000493,27701.00000000,1
1531167590252,1531167590244,3280923,0.00000492,2306.00000000,1
1531167590252,1531167590244,3280924,0.00000491,16629.00000000,1
1531167590252,1531167590244,3280925,0.00000490,518.00000000,1
1531167590272,1531167590270,3280926,0.00000491,6698.00000000,0
1531167590299,1531167590295,3280927,0.00000496,6490.00000000,0
1531167590299,1531167590295,3280928,0.00000498,208.00000000,0
1531167590363,1531167590357,3280929,0.00000492,214.00000000,1
1531167596423,1531167596416,3280930,0.00000492,35.00000000,1
1531167596433,1531167596431,3280931,0.00000492,35.00000000,1
1531167596924,1531167596917,3280932,0.00000493,1194.00000000,0
1531167597761,1531167597757,3280933,0.00000493,399.00000000,0
1531167597977,1531167597974,3280934,0.00000493,1247.00000000,0
1531167598077,1531167598071,3280935,0.00000493,441.00000000,0
1531167658650,1531167658643,3280936,0.00000493,1016.00000000,0
1531167829025,1531167829017,3280937,0.00000493,250.00000000,0
1531167829055,1531167829048,3280938,0.00000493,1792.00000000,0
1531167829061,1531167829056,3280939,0.00000493,250.00000000,0
1531167829107,1531167829100,3280940,0.00000493,1789.00000000,0
1531167829118,1531167829114,3280941,0.00000493,1420.00000000,0
1531167857744,1531167857736,3280942,0.00000492,1622.00000000,1
1531167857744,1531167857736,3280943,0.00000491,4491.00000000,1
1531167857744,1531167857736,3280944,0.00000490,6287.00000000,1
1531167858804,1531167858799,3280945,0.00000490,42.00000000,1
1531167860058,1531167860053,3280946,0.00000490,35.00000000,1
1531167860098,1531167860093,3280947,0.00000490,35.00000000,1
1531167860766,1531167860760,3280948,0.00000492,3973.00000000,0
1531167861283,1531167861248,3280949,0.00000492,2900.00000000,0
1531167892940,1531167892933,3280950,0.00000491,392.00000000,1
1531168073851,1531168073845,3280951,0.00000492,1623.00000000,0
1531168081437,1531168081437,3280952,0.00000492,4.00000000,0
1531168187357,1531168187350,3280953,0.00000492,610.00000000,1
1531168187357,1531168187350,3280954,0.00000491,1376.00000000,1
1531168243013,1531168243008,3280955,0.00000491,1601.00000000,1
1531168257372,1531168257365,3280956,0.00000491,310.00000000,1
1531168300409,1531168300404,3280957,0.00000491,229.00000000,1
1531168407172,1531168407166,3280958,0.00000492,317.00000000,1
1531168495266,1531168495264,3280959,0.00000493,21000.00000000,0
1531168639558,1531168639552,3280960,0.00000493,2385.00000000,0
1531168648269,1531168648265,3280961,0.00000494,1214.00000000,0
1531168889721,1531168889716,3280962,0.00000494,20.00000000,0
1531168992498,1531168992492,3280963,0.00000492,6791.00000000,1
1531168992498,1531168992492,3280964,0.00000491,3199.00000000,1
1531169005624,1531169005617,3280965,0.00000494,354.00000000,0
1531169006273,1531169006267,3280966,0.00000491,3129.00000000,1
1531169821886,1531169821880,3280967,0.00000491,7572.00000000,1
1531169829515,1531169829509,3280968,0.00000494,608.00000000,0
1531169926347,1531169926341,3280969,0.00000491,300.00000000,1
1531169960615,1531169960609,3280970,0.00000493,1614.00000000,0
1531169986255,1531169986249,3280971,0.00000493,4.00000000,0
1531169986255,1531169986249,3280972,0.00000494,1505.00000000,0
1531169986272,1531169986266,3280973,0.00000494,616.00000000,0
1531169986327,1531169986321,3280974,0.00000494,616.00000000,0
1531170022047,1531170022041,3280975,0.00000494,4906.00000000,0
1531170056379,1531170056374,3280976,0.00000495,1212.00000000,0
1531170061314,1531170061308,3280977,0.00000495,2020.00000000,0
1531170222705,1531170222699,3280978,0.00000493,474.00000000,1
1531170424348,1531170424345,3280979,0.00000493,298.00000000,1
1531170477102,1531170477097,3280980,0.00000493,2064.00000000,1
1531170477102,1531170477097,3280981,0.00000492,4295.00000000,1
1531170477102,1531170477097,3280982,0.00000491,9476.00000000,1
1531170478134,1531170478130,3280983,0.00000493,1183.00000000,1
1531170525789,1531170525784,3280984,0.00000494,5439.00000000,0
1531170610759,1531170610753,3280985,0.00000492,200.00000000,1
1531170650193,1531170650187,3280986,0.00000495,607.00000000,0
1531170677149,1531170677143,3280987,0.00000493,200.00000000,1
1531170687603,1531170687597,3280988,0.00000493,5418.00000000,1
1531170687603,1531170687597,3280989,0.00000492,1917.00000000,1
1531170778395,1531170778390,3280990,0.00000494,751.00000000,0
1531170778431,1531170778426,3280991,0.00000494,2148.00000000,0
1531170970138,1531170970133,3280992,0.00000493,5000.00000000,0
1531171195035,1531171195030,3280993,0.00000493,221.00000000,1
1531171200037,1531171200033,3280994,0.00000493,4000.00000000,1
1531171208035,1531171208030,3280995,0.00000494,36716.00000000,0
1531171403045,1531171403040,3280996,0.00000494,1261.00000000,1
1531171502549,1531171502544,3280997,0.00000494,1261.00000000,0
1531171538845,1531171538840,3280998,0.00000494,6493.00000000,0
1531171762354,1531171762349,3280999,0.00000495,957.00000000,0
1531171762403,1531171762401,3281000,0.00000495,957.00000000,0
1531172058359,1531172058358,3281001,0.00000494,454.00000000,1
1531172901345,1531172901341,3281002,0.00000494,2958.00000000,1
1531173246088,1531173246085,3281003,0.00000495,8.00000000,0
1531173557076,1531173557073,3281004,0.00000494,1171.00000000,1
1531173557212,1531173557210,3281005,0.00000494,881.00000000,1
1531173589088,1531173589085,3281006,0.00000495,12326.00000000,0
1531173751153,1531173751151,3281007,0.00000495,3400.00000000,0
1531173857107,1531173857103,3281008,0.00000495,981.00000000,0
1531174080537,1531174080534,3281009,0.00000495,4611.00000000,0
1531174336550,1531174336546,3281010,0.00000494,17479.00000000,1
1531174336550,1531174336546,3281011,0.00000493,1618.00000000,1
1531174336550,1531174336546,3281012,0.00000492,5629.00000000,1
1531174336951,1531174336949,3281013,0.00000495,303.00000000,0
1531174529464,1531174529461,3281014,0.00000495,15089.00000000,0
1531174724769,1531174724767,3281015,0.00000495,5229.00000000,0
1531175010898,1531175010895,3281016,0.00000495,419.00000000,0
1531175201687,1531175201685,3281017,0.00000495,206.00000000,0
1531175421612,1531175421611,3281018,0.00000494,2366.00000000,1
1531175572479,1531175572477,3281019,0.00000493,2331.00000000,1
1531175572479,1531175572477,3281020,0.00000492,51.00000000,1
1531175626304,1531175626303,3281021,0.00000494,3233.00000000,0
1531175703973,1531175703953,3281022,0.00000494,2024.00000000,0
1531175775829,1531175775827,3281023,0.00000494,16329.00000000,0
1531175992125,1531175992124,3281024,0.00000492,81.00000000,1
1531176074593,1531176074591,3281025,0.00000492,115.00000000,1
1531176093110,1531176093108,3281026,0.00000492,5001.00000000,1
1531176329025,1531176329024,3281027,0.00000495,2020.00000000,0
1531176411586,1531176411584,3281028,0.00000492,720.00000000,1
1531176562323,1531176562322,3281029,0.00000495,289.00000000,0
1531176600887,1531176600885,3281030,0.00000494,1767.00000000,1
1531176726449,1531176726446,3281031,0.00000495,51.00000000,0
1531176729461,1531176729458,3281032,0.00000495,1.00000000,0
1531176858974,1531176858971,3281033,0.00000495,50.00000000,0
1531176956552,1531176956551,3281034,0.00000495,18.00000000,0
1531177190124,1531177190123,3281035,0.00000495,29.00000000,0
1531177443232,1531177443232,3281036,0.00000495,5004.00000000,0
1531177687312,1531177687311,3281037,0.00000497,3987.00000000,0
1531177687352,1531177687352,3281038,0.00000497,1380.00000000,1
1531177687435,1531177687436,3281039,0.00000497,5218.00000000,1
1531177690687,1531177690689,3281040,0.00000494,1.00000000,1
1531177713018,1531177713020,3281041,0.00000494,359.00000000,0
1531177778917,1531177778917,3281042,0.00000493,128.00000000,1
1531177870930,1531177870931,3281043,0.00000493,613.00000000,1
1531177941211,1531177941212,3281044,0.00000494,1767.00000000,0
1531177968620,1531177968623,3281045,0.00000495,186.00000000,0
1531177971192,1531177971195,3281046,0.00000495,1.00000000,0
1531178180835,1531178180839,3281047,0.00000495,5226.00000000,0
1531178180871,1531178180875,3281048,0.00000495,7728.00000000,1
1531178252860,1531178252864,3281049,0.00000495,1324.00000000,1
1531178277747,1531178277751,3281050,0.00000495,214.00000000,1
1531178552983,1531178552987,3281051,0.00000495,13074.00000000,1
1531178567958,1531178567963,3281052,0.00000494,15744.00000000,1
1531178702570,1531178702574,3281053,0.00000493,1618.00000000,1
1531178702570,1531178702574,3281054,0.00000492,5239.00000000,1
1531178702570,1531178702574,3281055,0.00000491,15435.00000000,1
1531178706603,1531178706608,3281056,0.00000491,35.00000000,1
1531178759529,1531178759533,3281057,0.00000491,2232.00000000,1
1531178775513,1531178775518,3281058,0.00000491,6306.00000000,1
1531178775513,1531178775518,3281059,0.00000490,39828.00000000,1
1531178777033,1531178777037,3281060,0.00000490,35.00000000,1
1531178810606,1531178810598,3281061,0.00000490,658.00000000,1
1531178812656,1531178812661,3281062,0.00000491,1000.00000000,1
1531178826367,1531178826370,3281063,0.00000491,584.00000000,0
1531178831782,1531178831785,3281064,0.00000492,1621.00000000,0
1531178835227,1531178835231,3281065,0.00000492,1626.00000000,1
1531178876500,1531178876504,3281066,0.00000490,10189.00000000,1
1531178876528,1531178876534,3281067,0.00000490,4062.00000000,0
1531178876554,1531178876559,3281068,0.00000490,1513.00000000,0
1531178877239,1531178877244,3281069,0.00000490,4072.00000000,0
1531178878236,1531178878242,3281070,0.00000489,35.00000000,1
1531178878237,1531178878242,3281071,0.00000489,15728.00000000,1
1531178878269,1531178878273,3281072,0.00000489,35.00000000,1
1531178879454,1531178879459,3281073,0.00000490,4994.00000000,0
1531178884793,1531178884799,3281074,0.00000489,35.00000000,1
1531178885208,1531178885213,3281075,0.00000490,10925.00000000,0
1531178885217,1531178885223,3281076,0.00000490,10925.00000000,0
1531178886556,1531178886561,3281077,0.00000490,2851.00000000,0
1531178896739,1531178896745,3281078,0.00000490,1178.00000000,0
1531178911797,1531178911803,3281079,0.00000493,1096.00000000,0
1531178924600,1531178924605,3281080,0.00000490,33.00000000,1
1531178924600,1531178924605,3281081,0.00000489,174.00000000,1
1531178925038,1531178925044,3281082,0.00000489,4131.00000000,1
1531178961657,1531178961662,3281083,0.00000489,15515.00000000,1
1531178961673,1531178961679,3281084,0.00000489,250.00000000,0
1531178961676,1531178961680,3281085,0.00000489,250.00000000,0
1531178961698,1531178961702,3281086,0.00000488,916.00000000,1
1531178961723,1531178961726,3281087,0.00000489,5555.00000000,0
1531178961737,1531178961742,3281088,0.00000489,5305.00000000,0
1531178962169,1531178962176,3281089,0.00000489,2465.00000000,0
1531178962674,1531178962678,3281090,0.00000489,5563.00000000,0
1531178962964,1531178962966,3281091,0.00000489,11977.00000000,0
1531178963191,1531178963194,3281092,0.00000489,2466.00000000,0
1531178963239,1531178963245,3281093,0.00000489,7192.00000000,0
1531178968942,1531178968947,3281094,0.00000489,175.00000000,0
1531178968994,1531178969000,3281095,0.00000488,35.00000000,1
1531178969040,1531178969045,3281096,0.00000488,35.00000000,1
1531178969988,1531178969993,3281097,0.00000488,850.00000000,1
1531178973510,1531178973516,3281098,0.00000487,35.00000000,1
1531178973685,1531178973689,3281099,0.00000487,35.00000000,1
1531178977256,1531178977261,3281100,0.00000487,35.00000000,1
1531178987106,1531178987110,3281101,0.00000487,427.00000000,1
1531178987124,1531178987129,3281102,0.00000487,5573.00000000,0
1531179005881,1531179005886,3281103,0.00000486,35.00000000,1
1531179005899,1531179005903,3281104,0.00000486,35.00000000,1
1531179010569,1531179010574,3281105,0.00000486,35.00000000,1
1531179011685,1531179011691,3281106,0.00000486,27799.00000000,1
1531179024676,1531179024682,3281107,0.00000488,2049.00000000,0
1531179025419,1531179025422,3281108,0.00000488,2561.00000000,0
1531179025600,1531179025606,3281109,0.00000488,6.00000000,0
1531179025997,1531179026001,3281110,0.00000488,2561.00000000,1
1531179026562,1531179026567,3281111,0.00000486,275.00000000,1
1531179035173,1531179035177,3281112,0.00000486,208.00000000,1
1531179047999,1531179048005,3281113,0.00000486,40703.00000000,1
1531179048051,1531179048057,3281114,0.00000488,2119.00000000,0
1531179048060,1531179048065,3281115,0.00000488,1513.00000000,0
1531179048087,1531179048093,3281116,0.00000488,2119.00000000,0
1531179049018,1531179049023,3281117,0.00000488,7007.00000000,0
1531179056818,1531179056823,3281118,0.00000489,245.00000000,0
1531179162974,1531179162980,3281119,0.00000487,1194.00000000,0
1531179163123,1531179163129,3281120,0.00000487,1878.00000000,0
1531179166339,1531179166343,3281121,0.00000487,1437.00000000,0
1531179213529,1531179213534,3281122,0.00000487,78.00000000,0
1531179316608,1531179316613,3281123,0.00000487,246.00000000,0
1531179318125,1531179318131,3281124,0.00000487,2053.00000000,0
1531179487471,1531179487477,3281125,0.00000487,30961.00000000,0
1531179511174,1531179511178,3281126,0.00000489,800.00000000,0
1531179512819,1531179512824,3281127,0.00000486,312.00000000,1
1531179622282,1531179622288,3281128,0.00000489,245.00000000,0
1531179623276,1531179623281,3281129,0.00000489,511.00000000,0
1531179660084,1531179660091,3281130,0.00000488,511.00000000,1
1531179690746,1531179690753,3281131,0.00000489,87139.00000000,0
1531179892489,1531179892494,3281132,0.00000487,5460.00000000,1
1531179892489,1531179892494,3281133,0.00000486,17926.00000000,1
1531179892489,1531179892494,3281134,0.00000485,8319.00000000,1
1531179892497,1531179892505,3281135,0.00000485,5473.00000000,1
1531179892519,1531179892525,3281136,0.00000486,21884.00000000,1
1531179892519,1531179892525,3281137,0.00000485,7118.00000000,1
1531179892520,1531179892526,3281138,0.00000485,1509.00000000,1
1531179892527,1531179892534,3281139,0.00000485,2065.00000000,1
1531179892542,1531179892549,3281140,0.00000485,14227.00000000,1
1531179894379,1531179894386,3281141,0.00000487,100.00000000,0
1531179895681,1531179895688,3281142,0.00000485,5359.00000000,1
1531179897082,1531179897089,3281143,0.00000485,28.00000000,1
1531179897196,1531179897203,3281144,0.00000485,30.00000000,1
1531179897197,1531179897203,3281145,0.00000485,35.00000000,1
1531179897312,1531179897319,3281146,0.00000485,35.00000000,1
1531179902352,1531179902358,3281147,0.00000485,35.00000000,1
1531179903010,1531179903015,3281148,0.00000485,29.00000000,1
1531179921378,1531179921383,3281149,0.00000487,246.00000000,0
1531179921756,1531179921761,3281150,0.00000485,40.00000000,1
1531179938961,1531179938969,3281151,0.00000487,1392.00000000,0
1531179939156,1531179939162,3281152,0.00000487,2562.00000000,1
1531179942368,1531179942374,3281153,0.00000488,464.00000000,0
1531179942427,1531179942436,3281154,0.00000488,464.00000000,0
1531179960296,1531179960302,3281155,0.00000486,2155.00000000,1
1531180049755,1531180049763,3281156,0.00000486,4472.00000000,0
1531180051258,1531180051264,3281157,0.00000486,957.00000000,1
1531180055038,1531180055044,3281158,0.00000488,2057.00000000,0
1531180091894,1531180091900,3281159,0.00000486,1708.00000000,1
1531180167587,1531180167593,3281160,0.00000486,3006.00000000,1
1531180171618,1531180171624,3281161,0.00000486,117.00000000,1
1531180197663,1531180197668,3281162,0.00000488,4882.00000000,0
1531180197663,1531180197668,3281163,0.00000489,14158.00000000,0
1531180219550,1531180219556,3281164,0.00000488,245.00000000,0
1531180251915,1531180251921,3281165,0.00000488,20.00000000,0
1531180284624,1531180284631,3281166,0.00000488,92.00000000,0
1531180415419,1531180415427,3281167,0.00000488,2049.00000000,0
1531180455517,1531180455522,3281168,0.00000488,25075.00000000,0
1531180455517,1531180455522,3281169,0.00000489,119760.00000000,0
1531180457762,1531180457770,3281170,0.00000489,52.00000000,0
1531180506445,1531180506451,3281171,0.00000486,210.00000000,1
1531180520863,1531180520869,3281172,0.00000489,245.00000000,0
1531180529693,1531180529699,3281173,0.00000489,400.00000000,0
1531180563054,1531180563061,3281174,0.00000489,245.00000000,0
1531180626109,1531180626115,3281175,0.00000489,19512.00000000,0
1531180775975,1531180775981,3281176,0.00000489,1431.00000000,0
1531180783216,1531180783222,3281177,0.00000489,1431.00000000,0
1531180786380,1531180786386,3281178,0.00000486,19492.00000000,1
1531180816231,1531180816237,3281179,0.00000486,538.00000000,1
1531180836503,1531180836509,3281180,0.00000489,1.00000000,0
1531180847911,1531180847917,3281181,0.00000489,1431.00000000,0
1531180855946,1531180855950,3281182,0.00000489,1431.00000000,0
1531180861719,1531180861726,3281183,0.00000489,7.00000000,0
1531180872916,1531180872920,3281184,0.00000489,1431.00000000,0
1531180881208,1531180881213,3281185,0.00000489,1431.00000000,0
1531180902250,1531180902254,3281186,0.00000489,1431.00000000,0
1531180917377,1531180917383,3281187,0.00000489,1431.00000000,0
1531180922553,1531180922556,3281188,0.00000489,5.00000000,0
1531181032197,1531181032199,3281189,0.00000486,36073.00000000,1
1531181032197,1531181032199,3281190,0.00000485,231602.00000000,1
1531181034155,1531181034161,3281191,0.00000484,36.00000000,1
1531181034184,1531181034188,3281192,0.00000484,35.00000000,1
1531181034395,1531181034399,3281193,0.00000484,11550.00000000,1
1531181043751,1531181043757,3281194,0.00000484,1626.00000000,1
1531181044820,1531181044825,3281195,0.00000484,2186.00000000,1
1531181060339,1531181060344,3281196,0.00000484,3189.00000000,1
1531181063411,1531181063416,3281197,0.00000484,187.00000000,0
1531181063610,1531181063616,3281198,0.00000483,36.00000000,1
1531181063614,1531181063616,3281199,0.00000483,9594.00000000,1
1531181063614,1531181063616,3281200,0.00000482,3204.00000000,1
1531181063614,1531181063616,3281201,0.00000481,1251.00000000,1
1531181063614,1531181063616,3281202,0.00000480,44068.00000000,1
1531181063615,1531181063616,3281203,0.00000479,1498.00000000,1
1531181063615,1531181063616,3281204,0.00000478,5693.00000000,1
1531181063616,1531181063616,3281205,0.00000478,2666.00000000,1
1531181063629,1531181063635,3281206,0.00000478,27917.00000000,0
1531181063634,1531181063640,3281207,0.00000480,11366.00000000,0
1531181063663,1531181063667,3281208,0.00000480,2552.00000000,0
1531181063681,1531181063687,3281209,0.00000480,8227.00000000,0
1531181063681,1531181063687,3281210,0.00000477,7373.00000000,1
1531181063694,1531181063698,3281211,0.00000478,5874.00000000,1
1531181063718,1531181063723,3281212,0.00000478,35.00000000,1
1531181063823,1531181063827,3281213,0.00000479,7327.00000000,1
1531181063899,1531181063904,3281214,0.00000478,6643.00000000,1
1531181063899,1531181063904,3281215,0.00000477,684.00000000,1
1531181063915,1531181063921,3281216,0.00000477,7327.00000000,1
1531181063936,1531181063942,3281217,0.00000480,7000.00000000,0
1531181064294,1531181064299,3281218,0.00000479,5442.00000000,0
1531181064663,1531181064668,3281219,0.00000480,2083.00000000,0
1531181065074,1531181065079,3281220,0.00000480,31850.00000000,0
1531181065659,1531181065664,3281221,0.00000480,2083.00000000,0
1531181066048,1531181066053,3281222,0.00000480,1458.00000000,0
1531181066162,1531181066166,3281223,0.00000478,1669.00000000,1
1531181066187,1531181066193,3281224,0.00000478,350.00000000,0
1531181066609,1531181066615,3281225,0.00000480,13777.00000000,0
1531181066680,1531181066686,3281226,0.00000480,2083.00000000,0
1531181066974,1531181066979,3281227,0.00000480,1254.00000000,0
1531181067667,1531181067671,3281228,0.00000480,2083.00000000,0
1531181067740,1531181067746,3281229,0.00000480,13775.00000000,0
1531181068007,1531181068013,3281230,0.00000479,36.00000000,1
1531181068657,1531181068662,3281231,0.00000480,2083.00000000,0
1531181069668,1531181069671,3281232,0.00000480,2083.00000000,0
1531181070463,1531181070467,3281233,0.00000479,800.00000000,1
1531181070463,1531181070467,3281234,0.00000477,2243.00000000,1
1531181070672,1531181070676,3281235,0.00000480,2083.00000000,0
1531181071679,1531181071685,3281236,0.00000480,2083.00000000,0
1531181071963,1531181071969,3281237,0.00000480,6912.00000000,0
1531181072018,1531181072023,3281238,0.00000479,36.00000000,1
1531181072678,1531181072681,3281239,0.00000480,1675.00000000,0
1531181073175,1531181073179,3281240,0.00000480,1276.00000000,0
1531181073258,1531181073264,3281241,0.00000480,13776.00000000,0
1531181073498,1531181073502,3281242,0.00000480,13776.00000000,0
1531181073674,1531181073679,3281243,0.00000480,2083.00000000,0
1531181074661,1531181074666,3281244,0.00000480,2083.00000000,0
1531181075670,1531181075676,3281245,0.00000480,2083.00000000,0
1531181077119,1531181077124,3281246,0.00000480,13776.00000000,0
1531181077169,1531181077174,3281247,0.00000480,2083.00000000,0
1531181077215,1531181077218,3281248,0.00000480,4110.00000000,0
1531181077811,1531181077816,3281249,0.00000479,4044.00000000,1
1531181078166,1531181078171,3281250,0.00000480,2083.00000000,0
1531181078499,1531181078502,3281251,0.00000480,2534.00000000,0
1531181078547,1531181078553,3281252,0.00000480,1513.00000000,0
1531181080260,1531181080264,3281253,0.00000480,8891.00000000,0
1531181080379,1531181080384,3281254,0.00000480,8889.00000000,0
1531181081388,1531181081393,3281255,0.00000480,3385.00000000,0
1531181083980,1531181083984,3281256,0.00000480,69107.00000000,0
1531181084140,1531181084145,3281257,0.00000477,36.00000000,1
1531181084147,1531181084152,3281258,0.00000477,35.00000000,1
1531181085844,1531181085850,3281259,0.00000477,1964.00000000,1
1531181085961,1531181085966,3281260,0.00000477,1006.00000000,1
1531181087899,1531181087905,3281261,0.00000477,212.00000000,1
1531181095937,1531181095940,3281262,0.00000477,1773.00000000,1
1531181096924,1531181096929,3281263,0.00000477,1976.00000000,1
1531181101625,1531181101631,3281264,0.00000477,40.00000000,1
1531181101941,1531181101947,3281265,0.00000477,120.00000000,1
1531181103968,1531181103973,3281266,0.00000477,1.00000000,1
1531181106055,1531181106058,3281267,0.00000479,1461.00000000,0
1531181108666,1531181108669,3281268,0.00000477,280.00000000,1
1531181109013,1531181109017,3281269,0.00000477,1392.00000000,1
1531181109034,1531181109039,3281270,0.00000477,2843.00000000,0
1531181109211,1531181109216,3281271,0.00000477,212.00000000,0
1531181110228,1531181110234,3281272,0.00000477,35.00000000,1
1531181110254,1531181110259,3281273,0.00000477,36.00000000,1
1531181113508,1531181113512,3281274,0.00000478,1464.00000000,0
1531181114713,1531181114718,3281275,0.00000476,36.00000000,1
1531181114724,1531181114728,3281276,0.00000476,35.00000000,1
1531181119942,1531181119945,3281277,0.00000478,1464.00000000,0
1531181123398,1531181123404,3281278,0.00000478,199.00000000,0
1531181133205,1531181133209,3281279,0.00000476,1938.00000000,1
1531181146424,1531181146428,3281280,0.00000478,334.00000000,0
1531181146424,1531181146428,3281281,0.00000479,1124.00000000,0
1531181148045,1531181148050,3281282,0.00000477,213.00000000,1
1531181152416,1531181152421,3281283,0.00000479,134.00000000,0
1531181152416,1531181152421,3281284,0.00000480,366.00000000,0
1531181153786,1531181153788,3281285,0.00000480,1458.00000000,0
1531181161192,1531181161197,3281286,0.00000480,1458.00000000,0
1531181191881,1531181191887,3281287,0.00000479,208.00000000,0
1531181229012,1531181229017,3281288,0.00000476,10365.00000000,1
1531181229085,1531181229089,3281289,0.00000476,732.00000000,0
1531181229543,1531181229547,3281290,0.00000476,733.00000000,0
1531181232539,1531181232544,3281291,0.00000475,36.00000000,1
1531181232540,1531181232544,3281292,0.00000475,3596.00000000,1
1531181232564,1531181232568,3281293,0.00000475,950.00000000,0
1531181232579,1531181232584,3281294,0.00000475,732.00000000,0
1531181232600,1531181232605,3281295,0.00000475,950.00000000,0
1531181232603,1531181232609,3281296,0.00000475,5175.00000000,0
1531181232616,1531181232621,3281297,0.00000475,5175.00000000,0
1531181235772,1531181235774,3281298,0.00000474,174.00000000,1
1531181237367,1531181237370,3281299,0.00000474,36.00000000,1
1531181238647,1531181238651,3281300,0.00000474,1825.00000000,1
1531181239877,1531181239878,3281301,0.00000473,34892.00000000,1
1531181239877,1531181239878,3281302,0.00000472,32582.00000000,1
1531181239893,1531181239896,3281303,0.00000472,22906.00000000,0
1531181239895,1531181239899,3281304,0.00000472,20058.00000000,0
1531181239902,1531181239905,3281305,0.00000475,11535.00000000,0
1531181239902,1531181239905,3281306,0.00000476,4020.00000000,0
1531181239902,1531181239905,3281307,0.00000478,1264.00000000,0
1531181239902,1531181239905,3281308,0.00000479,14886.00000000,0
1531181241275,1531181241280,3281309,0.00000475,2932.00000000,0
1531181243027,1531181243030,3281310,0.00000473,4603.00000000,1
1531181245886,1531181245889,3281311,0.00000472,36.00000000,1
1531181249280,1531181249283,3281312,0.00000473,2799.00000000,0
1531181250280,1531181250281,3281313,0.00000474,1242.00000000,0
1531181256424,1531181256428,3281314,0.00000472,4.00000000,1
1531181256507,1531181256512,3281315,0.00000476,477.00000000,0
1531181289650,1531181289655,3281316,0.00000473,214.00000000,1
1531181299283,1531181299287,3281317,0.00000474,950.00000000,0
1531181303289,1531181303293,3281318,0.00000474,4229.00000000,0
1531181303353,1531181303358,3281319,0.00000473,5175.00000000,1
1531181329998,1531181330000,3281320,0.00000473,17987.00000000,1
1531181330961,1531181330965,3281321,0.00000473,103.00000000,0
1531181356827,1531181356832,3281322,0.00000473,2071.00000000,0
1531181358284,1531181358289,3281323,0.00000473,7131.00000000,0
1531181390842,1531181390845,3281324,0.00000472,408.00000000,1
1531181394992,1531181394996,3281325,0.00000475,661.00000000,0
1531181398030,1531181398035,3281326,0.00000476,1928.00000000,0
1531181401052,1531181401056,3281327,0.00000476,5.00000000,0
1531181415108,1531181415112,3281328,0.00000475,2824.00000000,0
1531181415869,1531181415872,3281329,0.00000475,2255.00000000,0
1531181424617,1531181424620,3281330,0.00000475,709.00000000,1
1531181486725,1531181486729,3281331,0.00000475,210.00000000,0
1531181545372,1531181545374,3281332,0.00000475,1427.00000000,0
1531181545372,1531181545374,3281333,0.00000476,130.00000000,0
1531181545372,1531181545374,3281334,0.00000477,1044.00000000,0
1531181545372,1531181545374,3281335,0.00000478,210.00000000,0
1531181549149,1531181549152,3281336,0.00000478,11.00000000,1
1531181549149,1531181549152,3281337,0.00000473,137.00000000,1
1531181549620,1531181549622,3281338,0.00000473,148.00000000,1
1531181599447,1531181599451,3281339,0.00000478,2822.00000000,1
1531181599515,1531181599519,3281340,0.00000477,318.00000000,0
1531181608485,1531181608488,3281341,0.00000478,2.00000000,0
1531181608485,1531181608488,3281342,0.00000479,97.00000000,0
1531181611504,1531181611509,3281343,0.00000479,1.00000000,0
1531181615105,1531181615107,3281344,0.00000479,2087.00000000,0
1531181619761,1531181619763,3281345,0.00000475,101.00000000,1
1531181731369,1531181731372,3281346,0.00000475,319.00000000,1
1531181749177,1531181749179,3281347,0.00000475,2012.00000000,1
1531181763239,1531181763240,3281348,0.00000475,3901.00000000,1
1531181763239,1531181763240,3281349,0.00000474,1791.00000000,1
1531181862906,1531181862906,3281350,0.00000474,942.00000000,1
1531181862906,1531181862906,3281351,0.00000473,7136.00000000,1
1531181862906,1531181862906,3281352,0.00000472,5459.00000000,1
1531181863884,1531181863888,3281353,0.00000475,1268.00000000,0
1531181863931,1531181863907,3281354,0.00000475,2.00000000,0
1531181864981,1531181864984,3281355,0.00000475,949.00000000,0
1531181915653,1531181915657,3281356,0.00000474,214.00000000,1
1531181935434,1531181935438,3281357,0.00000475,2177.00000000,0
1531181989340,1531181989341,3281358,0.00000476,1249.00000000,0
1531181989352,1531181989355,3281359,0.00000476,427.00000000,0
1531182031192,1531182031196,3281360,0.00000476,1236.00000000,0
1531182031272,1531182031276,3281361,0.00000475,289.00000000,0
1531182031335,1531182031339,3281362,0.00000475,499.00000000,0
1531182032116,1531182032119,3281363,0.00000476,525.00000000,0
1531182126489,1531182126493,3281364,0.00000476,1000.00000000,0
1531182220872,1531182220874,3281365,0.00000476,580.00000000,0
1531182220872,1531182220874,3281366,0.00000478,5474.00000000,0
1531182221364,1531182221366,3281367,0.00000478,9633.00000000,1
1531182272589,1531182272592,3281368,0.00000478,274.00000000,0
1531182308339,1531182308342,3281369,0.00000478,522.00000000,0
1531182368071,1531182368074,3281370,0.00000478,1675.00000000,0
1531182368896,1531182368898,3281371,0.00000478,1710.00000000,0
1531182370152,1531182370155,3281372,0.00000478,1762.00000000,0
1531182490108,1531182490110,3281373,0.00000475,409.00000000,1
1531182490151,1531182490154,3281374,0.00000475,379.00000000,1
1531182491208,1531182491210,3281375,0.00000475,91.00000000,0
1531182566302,1531182566304,3281376,0.00000475,2040.00000000,1
1531182725404,1531182725405,3281377,0.00000476,4982.00000000,1
1531182782592,1531182782595,3281378,0.00000477,8.00000000,0
1531182812848,1531182812850,3281379,0.00000477,2931.00000000,0
1531182890221,1531182890221,3281380,0.00000477,2513.00000000,0
1531182890516,1531182890517,3281381,0.00000477,6408.00000000,1
1531182915442,1531182915444,3281382,0.00000478,265.00000000,0
1531183006640,1531183006640,3281383,0.00000478,8326.00000000,0
1531183006640,1531183006640,3281384,0.00000479,12860.00000000,0
1531183006640,1531183006640,3281385,0.00000480,51401.00000000,0
1531183006673,1531183006676,3281386,0.00000480,1560.00000000,1
1531183008076,1531183008078,3281387,0.00000480,239.00000000,1
1531183019046,1531183019045,3281388,0.00000481,2463.00000000,0
1531183019046,1531183019045,3281389,0.00000482,7562.00000000,0
1531183019067,1531183019068,3281390,0.00000482,241.00000000,1
1531183019098,1531183019100,3281391,0.00000482,1513.00000000,1
1531183019614,1531183019616,3281392,0.00000482,241.00000000,1
1531183026642,1531183026641,3281393,0.00000483,2639.00000000,0
1531183026642,1531183026641,3281394,0.00000484,4710.00000000,0
1531183026642,1531183026641,3281395,0.00000485,13047.00000000,0
1531183028570,1531183028569,3281396,0.00000485,21.00000000,0
1531183066471,1531183066472,3281397,0.00000482,118.00000000,1
1531183066512,1531183066514,3281398,0.00000482,118.00000000,1
1531183116286,1531183116286,3281399,0.00000482,8216.00000000,1
1531183284205,1531183284205,3281400,0.00000482,1446.00000000,0
1531183291923,1531183291923,3281401,0.00000482,180.00000000,0
1531183291923,1531183291923,3281402,0.00000484,1266.00000000,0
1531183298908,1531183298908,3281403,0.00000484,1446.00000000,0
1531183312529,1531183312530,3281404,0.00000484,1446.00000000,0
1531183320311,1531183320312,3281405,0.00000484,1446.00000000,0
1531183327515,1531183327516,3281406,0.00000484,968.00000000,0
1531183327515,1531183327516,3281407,0.00000485,475.00000000,0
1531183334925,1531183334924,3281408,0.00000485,1443.00000000,0
1531183342464,1531183342464,3281409,0.00000485,1443.00000000,0
1531183349871,1531183349871,3281410,0.00000485,1443.00000000,0
1531183357737,1531183357736,3281411,0.00000485,1443.00000000,0
1531183372935,1531183372934,3281412,0.00000485,1443.00000000,0
1531183404572,1531183404572,3281413,0.00000485,889.00000000,0
1531183616356,1531183616355,3281414,0.00000482,12.00000000,1
1531183649592,1531183649590,3281415,0.00000482,1470.00000000,1
1531183686741,1531183686741,3281416,0.00000482,1449.00000000,0
1531183694332,1531183694330,3281417,0.00000482,33.00000000,0
1531183694332,1531183694330,3281418,0.00000483,1416.00000000,0
1531183701239,1531183701237,3281419,0.00000483,236.00000000,0
1531183701239,1531183701237,3281420,0.00000485,1207.00000000,0
1531183708784,1531183708783,3281421,0.00000485,1443.00000000,0
1531183716760,1531183716759,3281422,0.00000485,1443.00000000,0
1531183725504,1531183725504,3281423,0.00000485,1443.00000000,0
1531183733205,1531183733204,3281424,0.00000485,1443.00000000,0
1531183836726,1531183836725,3281425,0.00000485,47.00000000,0
1531183944841,1531183944840,3281426,0.00000482,4.00000000,0
1531183944931,1531183944929,3281427,0.00000481,3242.00000000,1
1531183979375,1531183979373,3281428,0.00000483,11.00000000,0
1531183981280,1531183981279,3281429,0.00000481,4996.00000000,1
1531184010884,1531184010880,3281430,0.00000481,1405.00000000,1
1531184010884,1531184010880,3281431,0.00000480,4775.00000000,1
1531184010884,1531184010880,3281432,0.00000479,26053.00000000,1
1531184010884,1531184010880,3281433,0.00000478,24240.00000000,1
1531184010934,1531184010933,3281434,0.00000478,1388.00000000,1
1531184045347,1531184045345,3281435,0.00000482,3.00000000,0
1531184179460,1531184179457,3281436,0.00000482,838.00000000,0
1531184298184,1531184298182,3281437,0.00000480,192.00000000,0
1531184301196,1531184301192,3281438,0.00000480,1.00000000,0
1531184461897,1531184461893,3281439,0.00000478,4775.00000000,1
1531184468876,1531184468874,3281440,0.00000480,224.00000000,0
1531184556693,1531184556690,3281441,0.00000476,1629.00000000,1
1531184622851,1531184622847,3281442,0.00000476,2219.00000000,1
1531184666808,1531184666804,3281443,0.00000476,35.00000000,1
1531184685168,1531184685164,3281444,0.00000480,1342.00000000,0
1531184810494,1531184810490,3281445,0.00000480,54.00000000,0
1531184870452,1531184870447,3281446,0.00000480,3110.00000000,0
1531184939626,1531184939622,3281447,0.00000476,4143.00000000,1
1531184939628,1531184939623,3281448,0.00000476,4143.00000000,1
1531184939629,1531184939624,3281449,0.00000476,4143.00000000,1
1531184940388,1531184940384,3281450,0.00000476,4219.00000000,1
1531184940463,1531184940458,3281451,0.00000476,4219.00000000,1
1531184984455,1531184984451,3281452,0.00000476,2265.00000000,1
1531184984774,1531184984770,3281453,0.00000476,1979.00000000,0
1531185128339,1531185128333,3281454,0.00000475,933.00000000,1
1531185410333,1531185410328,3281455,0.00000476,9764.00000000,0
1531185484940,1531185484936,3281456,0.00000477,630.00000000,0
1531185553619,1531185553613,3281457,0.00000476,986.00000000,1
1531185815338,1531185815333,3281458,0.00000477,282.00000000,0
1531185888412,1531185888406,3281459,0.00000477,1160.00000000,1
1531185899419,1531185899415,3281460,0.00000477,2967.00000000,1
1531186124215,1531186124210,3281461,0.00000477,1023.00000000,1
1531186162028,1531186162021,3281462,0.00000477,1018.00000000,1
1531186213243,1531186213238,3281463,0.00000477,10675.00000000,1
1531186524857,1531186524851,3281464,0.00000479,250.00000000,0
1531186568076,1531186568070,3281465,0.00000479,250.00000000,0
1531186724068,1531186724063,3281466,0.00000477,1979.00000000,1
1531186791366,1531186791361,3281467,0.00000478,7942.00000000,0
1531186879482,1531186879477,3281468,0.00000478,64572.00000000,0
1531187087248,1531187087243,3281469,0.00000480,136.00000000,0
1531187101022,1531187101016,3281470,0.00000478,2084.00000000,1
1531187138161,1531187138154,3281471,0.00000480,3.00000000,0
1531187154232,1531187154226,3281472,0.00000480,7.00000000,0
1531187212784,1531187212778,3281473,0.00000480,25.00000000,0
1531187267219,1531187267215,3281474,0.00000480,1.00000000,0
1531187421595,1531187421591,3281475,0.00000480,116.00000000,0
1531187436469,1531187436463,3281476,0.00000480,4601.00000000,0
1531187629908,1531187629904,3281477,0.00000480,210.00000000,1
1531187704203,1531187704197,3281478,0.00000481,1063.00000000,0
1531187744043,1531187744038,3281479,0.00000480,7157.00000000,1
1531187759890,1531187759886,3281480,0.00000480,5365.00000000,1
1531187780078,1531187780072,3281481,0.00000480,1003.00000000,1
1531187803068,1531187803062,3281482,0.00000478,1341.00000000,1
1531188088693,1531188088688,3281483,0.00000478,3000.00000000,1
1531188093157,1531188093152,3281484,0.00000478,32.00000000,1
1531188134913,1531188134908,3281485,0.00000478,4947.00000000,1
1531188236301,1531188236296,3281486,0.00000480,3.00000000,0
1531188246781,1531188246778,3281487,0.00000480,348.00000000,0
1531188250160,1531188250155,3281488,0.00000480,1.00000000,0
1531188485707,1531188485702,3281489,0.00000477,3340.00000000,1
1531188487728,1531188487725,3281490,0.00000477,5635.00000000,1
1531188567299,1531188567295,3281491,0.00000477,237.00000000,1
1531188621663,1531188621659,3281492,0.00000480,597.00000000,0
1531188839550,1531188839544,3281493,0.00000477,838.00000000,1
1531189023848,1531189023845,3281494,0.00000477,7629.00000000,1
1531189110352,1531189110349,3281495,0.00000475,4000.00000000,1
1531189348489,1531189348484,3281496,0.00000475,1306.00000000,1
1531189352261,1531189352258,3281497,0.00000474,1656.00000000,1
1531189354501,1531189354498,3281498,0.00000472,45.00000000,1
1531189354522,1531189354518,3281499,0.00000472,45.00000000,1
1531189356324,1531189356320,3281500,0.00000473,2222.00000000,0
1531189408835,1531189408830,3281501,0.00000472,215.00000000,1
1531189416831,1531189416828,3281502,0.00000472,3601.00000000,1
1531189419659,1531189419655,3281503,0.00000473,3.00000000,0
1531189457844,1531189457840,3281504,0.00000477,210.00000000,0
1531189457844,1531189457840,3281505,0.00000480,424.00000000,0
1531189467671,1531189467672,3281506,0.00000473,1.00000000,1
1531189608049,1531189608044,3281507,0.00000475,19945.00000000,1
1531189612461,1531189612458,3281508,0.00000475,16072.00000000,0
1531189631305,1531189631303,3281509,0.00000475,2100.00000000,1
1531190383808,1531190383805,3281510,0.00000475,235.00000000,0
1531190383825,1531190383822,3281511,0.00000475,12696.00000000,0
1531190383827,1531190383826,3281512,0.00000475,27668.00000000,0
1531190526607,1531190526605,3281513,0.00000474,6128.00000000,1
1531190568292,1531190568291,3281514,0.00000476,295.00000000,0
1531190608328,1531190608327,3281515,0.00000472,13912.00000000,1
1531190623372,1531190623368,3281516,0.00000472,13912.00000000,1
1531190660936,1531190660933,3281517,0.00000472,27002.00000000,1
1531190660936,1531190660933,3281518,0.00000471,8433.00000000,1
1531190660937,1531190660933,3281519,0.00000471,5681.00000000,1
1531190660937,1531190660933,3281520,0.00000471,7455.00000000,1
1531190661461,1531190661458,3281521,0.00000471,4289.00000000,1
1531190662582,1531190662580,3281522,0.00000471,45.00000000,1
1531190662693,1531190662690,3281523,0.00000471,215.00000000,1
1531190662811,1531190662809,3281524,0.00000471,45.00000000,1
1531190699007,1531190699003,3281525,0.00000471,1.00000000,1
1531190704842,1531190704837,3281526,0.00000475,124.00000000,0
1531190722944,1531190722939,3281527,0.00000471,215.00000000,1
1531190723480,1531190723475,3281528,0.00000471,284.00000000,1
1531190744203,1531190744200,3281529,0.00000471,215.00000000,1
1531190769105,1531190769101,3281530,0.00000474,1946.00000000,0
1531190769105,1531190769101,3281531,0.00000475,3361.00000000,0
1531190769131,1531190769127,3281532,0.00000475,2123.00000000,0
1531190829926,1531190829923,3281533,0.00000473,637.00000000,1
1531190833898,1531190833896,3281534,0.00000475,7.00000000,0
1531190851560,1531190851557,3281535,0.00000475,2105.00000000,0
1531190898718,1531190898715,3281536,0.00000473,38738.00000000,1
1531190898718,1531190898715,3281537,0.00000471,4646.00000000,1
1531190951372,1531190951371,3281538,0.00000471,24.00000000,1
1531191010885,1531191010881,3281539,0.00000471,15885.00000000,1
1531191055339,1531191055334,3281540,0.00000474,3.00000000,0
1531191327059,1531191327054,3281541,0.00000474,4185.00000000,0
1531191327059,1531191327054,3281542,0.00000475,30280.00000000,0
1531191327059,1531191327054,3281543,0.00000476,112187.00000000,0
1531191333071,1531191333068,3281544,0.00000476,81.00000000,0
1531191362651,1531191362649,3281545,0.00000473,1901.00000000,1
1531191363218,1531191363214,3281546,0.00000473,3368.00000000,1
1531191364216,1531191364213,3281547,0.00000473,898.00000000,1
1531191565089,1531191565085,3281548,0.00000473,3826.00000000,0
1531191565103,1531191565099,3281549,0.00000473,5058.00000000,1
1531191565108,1531191565106,3281550,0.00000473,5057.00000000,1
1531191578875,1531191578873,3281551,0.00000473,3950.00000000,1
1531191591702,1531191591699,3281552,0.00000473,1513.00000000,1
1531191695563,1531191695561,3281553,0.00000473,100.00000000,1
1531191695608,1531191695605,3281554,0.00000473,100.00000000,1
1531191813819,1531191813817,3281555,0.00000473,43.00000000,1
1531191928347,1531191928343,3281556,0.00000475,1474.00000000,0
1531191935563,1531191935561,3281557,0.00000475,1474.00000000,0
1531191938655,1531191938650,3281558,0.00000473,343.00000000,1
1531192061737,1531192061733,3281559,0.00000473,3110.00000000,1
1531192142627,1531192142625,3281560,0.00000473,345.00000000,1
1531192375636,1531192375631,3281561,0.00000475,3212.00000000,0
1531192485403,1531192485399,3281562,0.00000476,4413.00000000,0
1531192512094,1531192512090,3281563,0.00000477,2775.00000000,0
1531192517909,1531192517905,3281564,0.00000477,279.00000000,0
1531192587039,1531192587033,3281565,0.00000477,2083.00000000,0
1531192652757,1531192652753,3281566,0.00000478,945.00000000,0
1531192652757,1531192652753,3281567,0.00000479,502.00000000,0
1531193007773,1531193007768,3281568,0.00000479,5.00000000,0
1531193024224,1531193024219,3281569,0.00000477,14.00000000,1
1531193110909,1531193110905,3281570,0.00000478,741.00000000,0
1531193116790,1531193116784,3281571,0.00000477,5783.00000000,1
1531193116790,1531193116784,3281572,0.00000476,1001.00000000,1
1531193116790,1531193116784,3281573,0.00000475,10514.00000000,1
1531193116790,1531193116784,3281574,0.00000474,947.00000000,1
1531193116818,1531193116813,3281575,0.00000473,2113.00000000,1
1531193116832,1531193116828,3281576,0.00000473,4817.00000000,1
1531193116833,1531193116828,3281577,0.00000473,5783.00000000,1
1531193120052,1531193120049,3281578,0.00000473,1457.00000000,1
1531193120052,1531193120049,3281579,0.00000472,4326.00000000,1
1531193178216,1531193178210,3281580,0.00000473,1480.00000000,0
1531193186131,1531193186127,3281581,0.00000473,1480.00000000,0
1531193194137,1531193194131,3281582,0.00000473,1480.00000000,0
1531193211611,1531193211607,3281583,0.00000472,1204.00000000,1
1531193212713,1531193212709,3281584,0.00000472,28581.00000000,1
1531193212713,1531193212709,3281585,0.00000471,3124.00000000,1
1531193212721,1531193212719,3281586,0.00000471,75000.00000000,1
1531193212725,1531193212721,3281587,0.00000471,7447.00000000,1
1531193212734,1531193212724,3281588,0.00000471,6359.00000000,1
1531193212734,1531193212724,3281589,0.00000470,21037.00000000,1
1531193212735,1531193212724,3281590,0.00000469,14515.00000000,1
1531193212735,1531193212724,3281591,0.00000468,34097.00000000,1
1531193212735,1531193212724,3281592,0.00000467,52982.00000000,1
1531193212742,1531193212737,3281593,0.00000468,14334.00000000,1
1531193212742,1531193212737,3281594,0.00000467,3830.00000000,1
1531193212742,1531193212737,3281595,0.00000466,64258.00000000,1
1531193212742,1531193212737,3281596,0.00000465,102612.00000000,1
1531193212742,1531193212737,3281597,0.00000463,35053.00000000,1
1531193212742,1531193212737,3281598,0.00000462,750.00000000,1
1531193212743,1531193212737,3281599,0.00000462,7976.00000000,1
1531193212743,1531193212737,3281600,0.00000462,3480.00000000,1
1531193212745,1531193212737,3281601,0.00000461,4281.00000000,1
1531193212745,1531193212737,3281602,0.00000461,1400.00000000,1
1531193212746,1531193212741,3281603,0.00000461,1083.00000000,1
1531193212748,1531193212743,3281604,0.00000461,28581.00000000,1
1531193212758,1531193212754,3281605,0.00000461,4143.00000000,1
1531193212765,1531193212761,3281606,0.00000461,2657.00000000,1
1531193212765,1531193212761,3281607,0.00000460,1486.00000000,1
1531193212767,1531193212761,3281608,0.00000460,69484.00000000,1
1531193212767,1531193212761,3281609,0.00000459,218.00000000,1
1531193212767,1531193212761,3281610,0.00000458,451.00000000,1
1531193212767,1531193212761,3281611,0.00000457,176573.00000000,1
1531193212767,1531193212761,3281612,0.00000456,220.00000000,1
1531193212767,1531193212761,3281613,0.00000455,17032.00000000,1
1531193212768,1531193212761,3281614,0.00000453,7161.00000000,1
1531193212768,1531193212761,3281615,0.00000454,7324.00000000,0
1531193212771,1531193212766,3281616,0.00000454,2159.00000000,0
1531193212772,1531193212767,3281617,0.00000453,1337.00000000,1
1531193212773,1531193212769,3281618,0.00000453,4143.00000000,1
1531193212795,1531193212790,3281619,0.00000454,649.00000000,0
1531193212803,1531193212799,3281620,0.00000454,4337.00000000,0
1531193212816,1531193212814,3281621,0.00000454,21553.00000000,0
1531193212816,1531193212814,3281622,0.00000458,1000.00000000,0
1531193212825,1531193212819,3281623,0.00000462,4001.00000000,0
1531193212829,1531193212824,3281624,0.00000462,31705.00000000,0
1531193212841,1531193212837,3281625,0.00000462,1623.00000000,0
1531193212895,1531193212890,3281626,0.00000462,3294.00000000,0
1531193212895,1531193212891,3281627,0.00000462,5645.00000000,0
1531193212913,1531193212908,3281628,0.00000462,1671.00000000,0
1531193212936,1531193212931,3281629,0.00000462,5678.00000000,0
1531193212966,1531193212962,3281630,0.00000462,2584.00000000,0
1531193212986,1531193212982,3281631,0.00000462,2351.00000000,0
1531193213058,1531193213054,3281632,0.00000460,7337.00000000,1
1531193213081,1531193213078,3281633,0.00000462,1508.00000000,0
1531193213456,1531193213451,3281634,0.00000462,31826.00000000,0
1531193213891,1531193213887,3281635,0.00000461,144.00000000,1
1531193213928,1531193213924,3281636,0.00000462,1374.00000000,0
1531193213928,1531193213924,3281637,0.00000463,9246.00000000,0
1531193214425,1531193214420,3281638,0.00000463,1515.00000000,0
1531193214843,1531193214837,3281639,0.00000461,45.00000000,1
1531193214876,1531193214870,3281640,0.00000461,45.00000000,1
1531193214936,1531193214931,3281641,0.00000463,13.00000000,0
1531193215525,1531193215521,3281642,0.00000461,2484.00000000,1
1531193216394,1531193216391,3281643,0.00000461,28042.00000000,1
1531193216815,1531193216813,3281644,0.00000463,278.00000000,0
1531193217688,1531193217685,3281645,0.00000463,323.00000000,0
1531193220712,1531193220706,3281646,0.00000462,11957.00000000,0
1531193221944,1531193221940,3281647,0.00000462,377.00000000,0
1531193222187,1531193222184,3281648,0.00000463,1515.00000000,0
1531193224503,1531193224500,3281649,0.00000461,1270.00000000,1
1531193224858,1531193224853,3281650,0.00000462,1059.00000000,0
1531193225274,1531193225269,3281651,0.00000461,2504.00000000,1
1531193225606,1531193225603,3281652,0.00000461,996.00000000,1
1531193227114,1531193227110,3281653,0.00000463,432.00000000,0
1531193228449,1531193228447,3281654,0.00000463,956.00000000,0
1531193229675,1531193229670,3281655,0.00000461,22424.00000000,1
1531193229697,1531193229695,3281656,0.00000461,7576.00000000,1
1531193231360,1531193231354,3281657,0.00000461,4105.00000000,1
1531193235442,1531193235436,3281658,0.00000461,2504.00000000,1
1531193238737,1531193238732,3281659,0.00000463,1512.00000000,0
1531193241724,1531193241721,3281660,0.00000463,21521.00000000,0
1531193241866,1531193241862,3281661,0.00000462,5083.00000000,1
1531193241917,1531193241915,3281662,0.00000461,1.00000000,1
1531193242540,1531193242535,3281663,0.00000462,1502.00000000,1
1531193242545,1531193242541,3281664,0.00000462,2150.00000000,1
1531193242703,1531193242697,3281665,0.00000462,3244.00000000,1
1531193244464,1531193244460,3281666,0.00000462,2487.00000000,1
1531193245405,1531193245400,3281667,0.00000464,401.00000000,0
1531193245705,1531193245700,3281668,0.00000464,401.00000000,0
1531193245795,1531193245791,3281669,0.00000464,970.00000000,0
1531193245913,1531193245910,3281670,0.00000464,1509.00000000,0
1531193248948,1531193248944,3281671,0.00000463,9383.00000000,0
1531193251217,1531193251212,3281672,0.00000464,1512.00000000,0
1531193251217,1531193251212,3281673,0.00000465,4606.00000000,0
1531193251217,1531193251212,3281674,0.00000466,75828.00000000,0
1531193251413,1531193251407,3281675,0.00000462,1606.00000000,1
1531193251692,1531193251687,3281676,0.00000463,280.00000000,1
1531193251709,1531193251705,3281677,0.00000462,3449.00000000,1
1531193251721,1531193251719,3281678,0.00000462,1513.00000000,1
1531193251753,1531193251748,3281679,0.00000462,280.00000000,1
1531193251805,1531193251801,3281680,0.00000462,9539.00000000,1
1531193252070,1531193252065,3281681,0.00000461,2049.00000000,1
1531193252798,1531193252796,3281682,0.00000463,14781.00000000,0
1531193253042,1531193253036,3281683,0.00000464,157.00000000,0
1531193253074,1531193253068,3281684,0.00000464,123.00000000,0
1531193253074,1531193253068,3281685,0.00000465,52.00000000,0
1531193253104,1531193253098,3281686,0.00000461,2490.00000000,1
1531193253133,1531193253129,3281687,0.00000465,155.00000000,0
1531193253250,1531193253244,3281688,0.00000465,205.00000000,0
1531193253294,1531193253289,3281689,0.00000465,98.00000000,0
1531193253419,1531193253415,3281690,0.00000465,1096.00000000,0
1531193253419,1531193253415,3281691,0.00000466,406.00000000,0
1531193253774,1531193253769,3281692,0.00000463,1297.00000000,1
1531193261691,1531193261688,3281693,0.00000462,1949.00000000,1
1531193262046,1531193262044,3281694,0.00000461,1.00000000,1
1531193262145,1531193262140,3281695,0.00000462,539.00000000,0
1531193262174,1531193262168,3281696,0.00000465,1509.00000000,0
1531193264729,1531193264723,3281697,0.00000463,290.00000000,0
1531193268516,1531193268512,3281698,0.00000462,4373.00000000,1
1531193268890,1531193268885,3281699,0.00000462,219.00000000,1
1531193269144,1531193269139,3281700,0.00000462,289.00000000,1
1531193270535,1531193270534,3281701,0.00000464,1509.00000000,0
1531193270622,1531193270619,3281702,0.00000464,4987.00000000,0
1531193270847,1531193270846,3281703,0.00000462,2483.00000000,1
1531193278269,1531193278263,3281704,0.00000464,1509.00000000,0
1531193278366,1531193278362,3281705,0.00000464,3036.00000000,0
1531193281955,1531193281953,3281706,0.00000464,2504.00000000,0
1531193283617,1531193283614,3281707,0.00000464,215.00000000,0
1531193285538,1531193285533,3281708,0.00000464,1509.00000000,0
1531193285720,1531193285715,3281709,0.00000463,1538.00000000,1
1531193288674,1531193288671,3281710,0.00000463,219.00000000,1
1531193288751,1531193288747,3281711,0.00000464,362.00000000,0
1531193289726,1531193289723,3281712,0.00000463,409.00000000,1
1531193289726,1531193289723,3281713,0.00000462,2080.00000000,1
1531193298732,1531193298727,3281714,0.00000462,1089.00000000,1
1531193298734,1531193298728,3281715,0.00000462,8387.00000000,1
1531193298751,1531193298747,3281716,0.00000462,1513.00000000,1
1531193298842,1531193298836,3281717,0.00000462,2491.00000000,1
1531193298875,1531193298871,3281718,0.00000464,1509.00000000,0
1531193299684,1531193299680,3281719,0.00000462,1089.00000000,1
1531193301980,1531193301975,3281720,0.00000464,291.00000000,0
1531193305984,1531193305979,3281721,0.00000464,1509.00000000,0
1531193307991,1531193307987,3281722,0.00000462,2481.00000000,1
1531193308114,1531193308108,3281723,0.00000462,5826.00000000,1
1531193309169,1531193309166,3281724,0.00000462,2608.00000000,1
1531193309169,1531193309166,3281725,0.00000461,10578.00000000,1
1531193309724,1531193309722,3281726,0.00000462,219.00000000,0
1531193313948,1531193313942,3281727,0.00000464,1509.00000000,0
1531193314798,1531193314793,3281728,0.00000464,18096.00000000,0
1531193314798,1531193314793,3281729,0.00000465,26737.00000000,0
1531193314798,1531193314793,3281730,0.00000466,153684.00000000,0
1531193314809,1531193314805,3281731,0.00000466,1509.00000000,1
1531193317954,1531193317949,3281732,0.00000465,2494.00000000,0
1531193318312,1531193318308,3281733,0.00000466,702.00000000,0
1531193319881,1531193319877,3281734,0.00000464,4121.00000000,1
1531193326308,1531193326305,3281735,0.00000465,2492.00000000,0
1531193326355,1531193326352,3281736,0.00000465,63.00000000,1
1531193337720,1531193337716,3281737,0.00000464,4121.00000000,0
1531193347564,1531193347560,3281738,0.00000465,2486.00000000,0
1531193349167,1531193349162,3281739,0.00000466,999.00000000,0
1531193349226,1531193349224,3281740,0.00000466,650.00000000,1
1531193349871,1531193349866,3281741,0.00000464,650.00000000,0
1531193354723,1531193354718,3281742,0.00000465,2474.00000000,0
1531193359644,1531193359639,3281743,0.00000466,2739.00000000,0
1531193361197,1531193361192,3281744,0.00000464,3434.00000000,1
1531193361237,1531193361232,3281745,0.00000464,1417.00000000,1
1531193361867,1531193361862,3281746,0.00000464,3434.00000000,0
1531193368178,1531193368172,3281747,0.00000464,4001.00000000,0
1531193370866,1531193370862,3281748,0.00000465,4851.00000000,0
1531193378078,1531193378072,3281749,0.00000463,268.00000000,1
1531193405114,1531193405109,3281750,0.00000466,1650.00000000,0
1531193406317,1531193406311,3281751,0.00000464,1234.00000000,1
1531193410568,1531193410563,3281752,0.00000464,1234.00000000,1
1531193414753,1531193414749,3281753,0.00000464,1231.00000000,1
1531193417544,1531193417538,3281754,0.00000464,2345.00000000,1
1531193417949,1531193417943,3281755,0.00000463,17490.00000000,1
1531193418245,1531193418238,3281756,0.00000464,4857.00000000,1
1531193421110,1531193421105,3281757,0.00000464,3233.00000000,1
1531193423420,1531193423417,3281758,0.00000465,1042.00000000,0
1531193423491,1531193423488,3281759,0.00000465,4935.00000000,0
1531193423690,1531193423685,3281760,0.00000465,107.00000000,0
1531193423690,1531193423685,3281761,0.00000466,999.00000000,0
1531193423703,1531193423698,3281762,0.00000466,3829.00000000,1
1531193423904,1531193423898,3281763,0.00000466,3829.00000000,0
1531193424020,1531193424016,3281764,0.00000466,1106.00000000,1
1531193424047,1531193424041,3281765,0.00000463,1078.00000000,1
1531193424056,1531193424051,3281766,0.00000463,1106.00000000,1
1531193424091,1531193424086,3281767,0.00000464,2212.00000000,0
1531193424091,1531193424086,3281768,0.00000466,1106.00000000,0
1531193424095,1531193424090,3281769,0.00000466,1106.00000000,1
1531193424160,1531193424156,3281770,0.00000466,511.00000000,1
1531193424712,1531193424707,3281771,0.00000464,3233.00000000,1
1531193433756,1531193433752,3281772,0.00000464,1221.00000000,1
1531193440173,1531193440168,3281773,0.00000464,1211.00000000,1
1531193440173,1531193440168,3281774,0.00000463,302.00000000,1
1531193441292,1531193441290,3281775,0.00000464,645.00000000,1
1531193441465,1531193441463,3281776,0.00000464,645.00000000,1
1531193442706,1531193442702,3281777,0.00000466,321.00000000,0
1531193443483,1531193443479,3281778,0.00000466,225.00000000,0
1531193495134,1531193495131,3281779,0.00000463,122.00000000,1
1531193495728,1531193495725,3281780,0.00000463,122.00000000,1
1531193507081,1531193507077,3281781,0.00000464,1211.00000000,1
1531193518809,1531193518807,3281782,0.00000464,102.00000000,1
1531193519455,1531193519448,3281783,0.00000464,102.00000000,1
1531193523237,1531193523232,3281784,0.00000464,560.00000000,1
1531193536005,1531193536000,3281785,0.00000464,623.00000000,1
1531193551176,1531193551171,3281786,0.00000464,415.00000000,1
1531193589653,1531193589651,3281787,0.00000464,1420.00000000,1
1531193598824,1531193598821,3281788,0.00000464,3125.00000000,1
1531193618419,1531193618414,3281789,0.00000464,300.00000000,1
1531193629883,1531193629877,3281790,0.00000466,7301.00000000,0
1531193632101,1531193632096,3281791,0.00000464,1513.00000000,1
1531193718425,1531193718420,3281792,0.00000464,12288.00000000,1
1531193813046,1531193813039,3281793,0.00000467,30868.00000000,0
1531193813057,1531193813051,3281794,0.00000467,8650.00000000,1
1531193813509,1531193813504,3281795,0.00000467,32467.00000000,1
1531193815645,1531193815640,3281796,0.00000467,11225.00000000,1
1531193823665,1531193823660,3281797,0.00000468,724.00000000,0
1531193823702,1531193823699,3281798,0.00000468,5155.00000000,1
1531193825379,1531193825373,3281799,0.00000468,2555.00000000,1
1531193825446,1531193825440,3281800,0.00000468,702.00000000,1
1531193827783,1531193827777,3281801,0.00000468,2739.00000000,1
1531193829478,1531193829474,3281802,0.00000468,1649.00000000,1
1531193838409,1531193838405,3281803,0.00000470,4269.00000000,0
1531193876777,1531193876774,3281804,0.00000467,1071.00000000,1
1531193967286,1531193967281,3281805,0.00000467,1499.00000000,0
1531194012659,1531194012652,3281806,0.00000465,12401.00000000,1
1531194027960,1531194027955,3281807,0.00000462,37.00000000,1
1531194028042,1531194028039,3281808,0.00000462,37.00000000,1
1531194153848,1531194153844,3281809,0.00000465,298.00000000,0
1531194189557,1531194189551,3281810,0.00000465,1158.00000000,0
1531194190138,1531194190132,3281811,0.00000462,15599.00000000,1
1531194237827,1531194237822,3281812,0.00000462,219.00000000,1
1531194257217,1531194257212,3281813,0.00000465,288.00000000,0
1531194260233,1531194260228,3281814,0.00000465,1.00000000,0
1531194289728,1531194289723,3281815,0.00000462,49605.00000000,1
1531194300892,1531194300887,3281816,0.00000465,1947.00000000,0
1531194309958,1531194309954,3281817,0.00000462,31.00000000,1
1531194310158,1531194310153,3281818,0.00000462,31.00000000,1
1531194401927,1531194401922,3281819,0.00000465,2.00000000,0
1531194411423,1531194411417,3281820,0.00000465,23.00000000,0
1531194473550,1531194473543,3281821,0.00000462,336.00000000,1
1531194473550,1531194473543,3281822,0.00000461,1664.00000000,1
1531194479569,1531194479564,3281823,0.00000461,37.00000000,1
1531194479598,1531194479593,3281824,0.00000461,37.00000000,1
1531194492650,1531194492645,3281825,0.00000461,31.00000000,1
1531194492677,1531194492673,3281826,0.00000461,31.00000000,1
1531194526211,1531194526205,3281827,0.00000463,118.00000000,0
1531194590440,1531194590433,3281828,0.00000462,6.00000000,0
1531194592051,1531194592045,3281829,0.00000461,8148.00000000,1
1531194593922,1531194593918,3281830,0.00000460,37.00000000,1
1531194593977,1531194593973,3281831,0.00000460,37.00000000,1
1531194594998,1531194594994,3281832,0.00000460,2073.00000000,1
1531194595122,1531194595118,3281833,0.00000460,71.00000000,1
1531194759459,1531194759454,3281834,0.00000462,215.00000000,0
1531194782647,1531194782644,3281835,0.00000460,4392.00000000,1
1531194783912,1531194783907,3281836,0.00000463,218.00000000,0
1531194883823,1531194883818,3281837,0.00000462,217.00000000,1
1531194891949,1531194891945,3281838,0.00000460,3656.00000000,1
1531194893780,1531194893766,3281839,0.00000460,64041.00000000,1
1531194893780,1531194893766,3281840,0.00000459,2975.00000000,1
1531194893780,1531194893766,3281841,0.00000458,7404.00000000,1
1531194893780,1531194893766,3281842,0.00000457,13658.00000000,1
1531194893780,1531194893766,3281843,0.00000456,35973.00000000,1
1531194893780,1531194893766,3281844,0.00000455,1513.00000000,1
1531194894552,1531194894547,3281845,0.00000458,1094.00000000,0
1531194894613,1531194894609,3281846,0.00000458,350.00000000,1
1531194895544,1531194895539,3281847,0.00000458,425.00000000,1
1531194895892,1531194895886,3281848,0.00000458,319.00000000,1
1531194896389,1531194896383,3281849,0.00000457,427.00000000,1
1531194897608,1531194897602,3281850,0.00000456,37.00000000,1
1531194897637,1531194897632,3281851,0.00000456,37.00000000,1
1531194898785,1531194898778,3281852,0.00000456,5315.00000000,1
1531194898785,1531194898778,3281853,0.00000454,5289.00000000,1
1531194899742,1531194899737,3281854,0.00000456,31.00000000,1
1531194899857,1531194899851,3281855,0.00000456,31.00000000,1
1531194900474,1531194900469,3281856,0.00000457,1339.00000000,0
1531194900477,1531194900472,3281857,0.00000457,3866.00000000,0
1531194900484,1531194900480,3281858,0.00000457,1339.00000000,0
1531194900500,1531194900494,3281859,0.00000456,1339.00000000,1
1531194900502,1531194900497,3281860,0.00000457,1094.00000000,0
1531194900504,1531194900500,3281861,0.00000457,1094.00000000,0
1531194900517,1531194900512,3281862,0.00000457,1340.00000000,0
1531194900553,1531194900548,3281863,0.00000457,5459.00000000,0
1531194900584,1531194900580,3281864,0.00000457,1339.00000000,1
1531194902536,1531194902530,3281865,0.00000458,239.00000000,0
1531194902624,1531194902619,3281866,0.00000458,1085.00000000,0
1531194905379,1531194905374,3281867,0.00000457,23.00000000,1
1531194911667,1531194911662,3281868,0.00000457,884.00000000,1
1531194918360,1531194918355,3281869,0.00000458,1759.00000000,0
1531194919428,1531194919421,3281870,0.00000459,166.00000000,0
1531194919587,1531194919581,3281871,0.00000459,186.00000000,0
1531194919631,1531194919626,3281872,0.00000459,64.00000000,0
1531194919922,1531194919918,3281873,0.00000459,264.00000000,0
1531194938321,1531194938316,3281874,0.00000457,1.00000000,1
1531194940441,1531194940437,3281875,0.00000457,2057.00000000,1
1531194940686,1531194940680,3281876,0.00000458,306.00000000,0
1531194941260,1531194941253,3281877,0.00000458,1513.00000000,1
1531194944356,1531194944351,3281878,0.00000458,222.00000000,1
1531194944904,1531194944898,3281879,0.00000458,222.00000000,1
1531194944908,1531194944901,3281880,0.00000458,292.00000000,1
1531194957070,1531194957064,3281881,0.00000458,11047.00000000,1
1531194976856,1531194976851,3281882,0.00000459,2265.00000000,0
1531194984070,1531194984064,3281883,0.00000458,221.00000000,1
1531194994654,1531194994651,3281884,0.00000459,14785.00000000,0
1531195004463,1531195004458,3281885,0.00000460,368.00000000,0
1531195005756,1531195005751,3281886,0.00000459,1309.00000000,1
1531195007004,1531195006999,3281887,0.00000459,321.00000000,1
1531195008927,1531195008923,3281888,0.00000459,1295.00000000,1
1531195052715,1531195052709,3281889,0.00000459,4069.00000000,1
1531195075195,1531195075190,3281890,0.00000459,980.00000000,1
1531195077265,1531195077261,3281891,0.00000459,980.00000000,1
1531195090228,1531195090223,3281892,0.00000459,509.00000000,1
1531195102422,1531195102418,3281893,0.00000459,471.00000000,0
1531195102441,1531195102435,3281894,0.00000460,543.00000000,0
1531195102457,1531195102453,3281895,0.00000460,18645.00000000,0
1531195102490,1531195102485,3281896,0.00000460,1727.00000000,0
1531195102511,1531195102504,3281897,0.00000460,6522.00000000,0
1531195102524,1531195102520,3281898,0.00000460,25375.00000000,0
1531195102538,1531195102534,3281899,0.00000460,6522.00000000,0
1531195102699,1531195102695,3281900,0.00000460,3859.00000000,0
1531195108249,1531195108242,3281901,0.00000458,291.00000000,1
1531195108249,1531195108242,3281902,0.00000456,3568.00000000,1
1531195169250,1531195169244,3281903,0.00000459,3560.00000000,0
1531195227562,1531195227558,3281904,0.00000457,420.00000000,1
1531195234938,1531195234934,3281905,0.00000458,420.00000000,0
1531195274299,1531195274294,3281906,0.00000459,1494.00000000,1
1531195280602,1531195280595,3281907,0.00000459,5273.00000000,0
1531195301234,1531195301227,3281908,0.00000458,3273.00000000,0
1531195301234,1531195301227,3281909,0.00000459,3281.00000000,0
1531195339251,1531195339246,3281910,0.00000459,1806.00000000,1
1531195432629,1531195432623,3281911,0.00000460,2215.00000000,0
1531195438429,1531195438425,3281912,0.00000461,139.00000000,0
1531195457330,1531195457325,3281913,0.00000461,2.00000000,0
1531195545814,1531195545809,3281914,0.00000461,2533.00000000,0
1531195548813,1531195548809,3281915,0.00000461,6.00000000,0
1531195666200,1531195666194,3281916,0.00000461,1773.00000000,0
1531195669587,1531195669581,3281917,0.00000461,1227.00000000,1
1531195689109,1531195689103,3281918,0.00000461,85319.00000000,0
1531195935523,1531195935517,3281919,0.00000460,3000.00000000,1
1531196063855,1531196063851,3281920,0.00000460,4006.00000000,1
1531196067474,1531196067470,3281921,0.00000460,1.00000000,1
1531196069845,1531196069841,3281922,0.00000462,6301.00000000,0
1531196069845,1531196069841,3281923,0.00000463,1307.00000000,0
1531196215099,1531196215095,3281924,0.00000461,947.00000000,0
1531196215353,1531196215350,3281925,0.00000463,1606.00000000,0
1531196215353,1531196215350,3281926,0.00000464,1632.00000000,0
1531196360264,1531196360259,3281927,0.00000461,3654.00000000,1
1531196484542,1531196484537,3281928,0.00000461,1024.00000000,1
1531196697202,1531196697198,3281929,0.00000459,304.00000000,1
1531196699757,1531196699752,3281930,0.00000459,524.00000000,1
1531196788503,1531196788498,3281931,0.00000459,1829.00000000,1
1531196816562,1531196816558,3281932,0.00000459,5493.00000000,1
1531196816592,1531196816587,3281933,0.00000459,1513.00000000,1
1531196867273,1531196867268,3281934,0.00000461,24266.00000000,0
1531196901603,1531196901599,3281935,0.00000461,18.00000000,0
1531197156563,1531197156558,3281936,0.00000459,3746.00000000,1
1531197199515,1531197199510,3281937,0.00000459,14985.00000000,1
1531197457975,1531197457971,3281938,0.00000461,5.00000000,0
1531197508498,1531197508494,3281939,0.00000461,666.00000000,0
1531197740532,1531197740529,3281940,0.00000461,91.00000000,0
1531197810186,1531197810184,3281941,0.00000461,1518.00000000,0
1531197818010,1531197818006,3281942,0.00000461,1518.00000000,0
1531197825894,1531197825888,3281943,0.00000461,1518.00000000,0
1531197833740,1531197833738,3281944,0.00000461,1518.00000000,0
1531197847082,1531197847076,3281945,0.00000461,1518.00000000,0
1531197963806,1531197963803,3281946,0.00000461,1.00000000,0
1531198071997,1531198071993,3281947,0.00000461,1229.00000000,0
1531198080491,1531198080491,3281948,0.00000462,199.00000000,0
1531198094117,1531198094116,3281949,0.00000462,20.00000000,0
1531198116292,1531198116287,3281950,0.00000462,14.00000000,0
1531198122316,1531198122312,3281951,0.00000462,1604.00000000,0
1531198166412,1531198166408,3281952,0.00000459,3996.00000000,1
1531198204932,1531198204924,3281953,0.00000459,3866.00000000,1
1531198262789,1531198262785,3281954,0.00000462,4.00000000,0
1531198308328,1531198308326,3281955,0.00000460,1.00000000,1
1531198497508,1531198497502,3281956,0.00000460,300.00000000,1
1531198599124,1531198599119,3281957,0.00000460,1347.00000000,1
1531198599143,1531198599139,3281958,0.00000460,1513.00000000,1
1531198623104,1531198623099,3281959,0.00000460,24.00000000,1
1531198623104,1531198623099,3281960,0.00000459,12611.00000000,1
1531198775582,1531198775577,3281961,0.00000462,3942.00000000,0
1531198775608,1531198775605,3281962,0.00000462,2353.00000000,1
1531198776468,1531198776464,3281963,0.00000462,61544.00000000,1
1531198780577,1531198780572,3281964,0.00000461,1513.00000000,0
1531198822291,1531198822286,3281965,0.00000461,1302.00000000,1
1531198822291,1531198822286,3281966,0.00000460,12740.00000000,1
1531198822291,1531198822286,3281967,0.00000459,47772.00000000,1
1531198822316,1531198822310,3281968,0.00000459,1276.00000000,0
1531198822343,1531198822340,3281969,0.00000459,1276.00000000,0
1531198823587,1531198823585,3281970,0.00000459,379.00000000,0
1531198824416,1531198824412,3281971,0.00000458,261.00000000,1
1531198824654,1531198824648,3281972,0.00000458,177.00000000,1
1531198824654,1531198824648,3281973,0.00000456,719.00000000,1
1531198824657,1531198824648,3281974,0.00000456,20538.00000000,1
1531198824657,1531198824648,3281975,0.00000455,16810.00000000,1
1531198824657,1531198824648,3281976,0.00000454,5156.00000000,1
1531198826779,1531198826775,3281977,0.00000458,1528.00000000,0
1531198833498,1531198833495,3281978,0.00000455,37.00000000,1
1531198833577,1531198833574,3281979,0.00000455,37.00000000,1
1531198833814,1531198833812,3281980,0.00000457,1532.00000000,0
1531198840132,1531198840126,3281981,0.00000454,37.00000000,1
1531198840173,1531198840171,3281982,0.00000454,37.00000000,1
1531198840187,1531198840185,3281983,0.00000457,56.00000000,0
1531198841746,1531198841740,3281984,0.00000457,1532.00000000,0
1531198846239,1531198846234,3281985,0.00000457,1970.00000000,0
1531198849585,1531198849579,3281986,0.00000457,434.00000000,0
1531198849585,1531198849579,3281987,0.00000458,1098.00000000,0
1531198850306,1531198850300,3281988,0.00000457,429.00000000,1
1531198856760,1531198856754,3281989,0.00000457,1532.00000000,0
1531198863732,1531198863727,3281990,0.00000457,1810.00000000,0
1531198864376,1531198864373,3281991,0.00000458,1532.00000000,0
1531198873509,1531198873507,3281992,0.00000458,1528.00000000,0
1531198882547,1531198882542,3281993,0.00000457,791.00000000,1
1531198888708,1531198888705,3281994,0.00000457,1532.00000000,0
1531198896674,1531198896670,3281995,0.00000457,1532.00000000,0
1531198904775,1531198904769,3281996,0.00000457,788.00000000,0
1531198904775,1531198904769,3281997,0.00000458,740.00000000,0
1531198912241,1531198912237,3281998,0.00000458,1528.00000000,0
1531199009746,1531199009741,3281999,0.00000458,2059.00000000,0
1531199024795,1531199024789,3282000,0.00000458,60.00000000,0
1531199027360,1531199027354,3282001,0.00000456,1284.00000000,1
1531199027360,1531199027354,3282002,0.00000454,239.00000000,1
1531199027360,1531199027354,3282003,0.00000453,23616.00000000,1
1531199062155,1531199062153,3282004,0.00000458,2784.00000000,0
1531199065169,1531199065166,3282005,0.00000458,7.00000000,0
1531199126879,1531199126874,3282006,0.00000455,37.00000000,1
1531199126884,1531199126879,3282007,0.00000455,37.00000000,1
1531199131026,1531199131021,3282008,0.00000455,1098.00000000,1
1531199132236,1531199132233,3282009,0.00000455,1095.00000000,1
1531199133638,1531199133634,3282010,0.00000456,454.00000000,0
1531199133646,1531199133641,3282011,0.00000456,409.00000000,0
1531199142724,1531199142718,3282012,0.00000458,426.00000000,0
1531199228676,1531199228671,3282013,0.00000456,657.00000000,0
1531199286244,1531199286240,3282014,0.00000454,37.00000000,1
1531199286379,1531199286376,3282015,0.00000454,37.00000000,1
1531199493212,1531199493210,3282016,0.00000457,1532.00000000,0
1531199511984,1531199511979,3282017,0.00000457,1775.00000000,0
1531199531400,1531199531396,3282018,0.00000458,547.00000000,0
1531199533171,1531199533166,3282019,0.00000458,130.00000000,0
1531199533171,1531199533166,3282020,0.00000459,415.00000000,0
1531199597381,1531199597372,3282021,0.00000459,85186.00000000,0
1531199597381,1531199597372,3282022,0.00000460,98229.00000000,0
1531199597381,1531199597372,3282023,0.00000461,262.00000000,0
1531199597381,1531199597372,3282024,0.00000462,5503.00000000,0
1531199597381,1531199597372,3282025,0.00000464,1453.00000000,0
1531199597381,1531199597372,3282026,0.00000465,3446.00000000,0
1531199597381,1531199597372,3282027,0.00000466,5921.00000000,0
1531199611366,1531199611361,3282028,0.00000466,217.00000000,0
1531199614082,1531199614077,3282029,0.00000465,216.00000000,1
1531199628287,1531199628282,3282030,0.00000464,238.00000000,1
1531199650348,1531199650345,3282031,0.00000464,1451.00000000,1
1531199651294,1531199651287,3282032,0.00000464,366.00000000,1
1531199677288,1531199677287,3282033,0.00000464,1211.00000000,1
1531199701276,1531199701271,3282034,0.00000464,1816.00000000,1
1531199875008,1531199875003,3282035,0.00000465,298.00000000,0
1531199875288,1531199875284,3282036,0.00000464,1453.00000000,1
1531199886450,1531199886448,3282037,0.00000464,1454.00000000,1
1531200020740,1531200020735,3282038,0.00000462,4175.00000000,1
1531200036447,1531200036443,3282039,0.00000463,1456.00000000,1
1531200106384,1531200106367,3282040,0.00000464,429.00000000,0
1531200107412,1531200107406,3282041,0.00000464,1025.00000000,1
1531200285250,1531200285246,3282042,0.00000463,5603.00000000,1
1531200299792,1531200299788,3282043,0.00000463,2799.00000000,1
1531200336144,1531200336141,3282044,0.00000464,2.00000000,0
1531200341493,1531200341488,3282045,0.00000463,259.00000000,1
1531200374352,1531200374348,3282046,0.00000463,6355.00000000,1
1531200411356,1531200411355,3282047,0.00000462,1568.00000000,1
1531200620325,1531200620326,3282048,0.00000463,584.00000000,0
1531200667225,1531200667222,3282049,0.00000462,3000.00000000,1
1531200669972,1531200669968,3282050,0.00000461,91469.00000000,1
1531200672656,1531200672651,3282051,0.00000460,60692.00000000,1
1531200677047,1531200677043,3282052,0.00000462,16666.00000000,0
1531200677049,1531200677043,3282053,0.00000459,1767.00000000,1
1531200677050,1531200677043,3282054,0.00000458,9788.00000000,1
1531200679742,1531200679739,3282055,0.00000457,14193.00000000,1
1531200681179,1531200681175,3282056,0.00000457,319.00000000,0
1531200681846,1531200681841,3282057,0.00000456,2654.00000000,1
1531200682741,1531200682736,3282058,0.00000456,32.00000000,1
1531200682774,1531200682772,3282059,0.00000456,32.00000000,1
1531200708023,1531200708019,3282060,0.00000456,3611.00000000,1
1531200741233,1531200741235,3282061,0.00000457,222.00000000,1
1531200751709,1531200751704,3282062,0.00000458,222.00000000,0
1531200751709,1531200751704,3282063,0.00000459,1242.00000000,0
1531200751709,1531200751704,3282064,0.00000460,7862.00000000,0
1531200752205,1531200752201,3282065,0.00000460,200.00000000,1
1531200752997,1531200752995,3282066,0.00000460,786.00000000,1
1531200764507,1531200764502,3282067,0.00000460,2505.00000000,1
1531200792833,1531200792829,3282068,0.00000460,454.00000000,1
1531200792900,1531200792896,3282069,0.00000460,9763.00000000,1
1531200800156,1531200800154,3282070,0.00000460,454.00000000,1
1531200822318,1531200822315,3282071,0.00000461,1219.00000000,0
1531200823387,1531200823385,3282072,0.00000461,2145.00000000,1
1531200826612,1531200826607,3282073,0.00000462,30677.00000000,0
1531200869223,1531200869219,3282074,0.00000459,1074.00000000,1
1531200869223,1531200869219,3282075,0.00000457,3970.00000000,1
1531200927716,1531200927712,3282076,0.00000457,499.00000000,1
1531201085678,1531201085675,3282077,0.00000457,677.00000000,1
1531201349224,1531201349220,3282078,0.00000457,1500.00000000,1
1531201373996,1531201373992,3282079,0.00000459,1522.00000000,0
1531201456853,1531201456848,3282080,0.00000459,1522.00000000,0
1531201470721,1531201470715,3282081,0.00000459,70.00000000,0
1531201536691,1531201536688,3282082,0.00000459,64.00000000,0
1531201536691,1531201536688,3282083,0.00000460,1458.00000000,0
1531201548494,1531201548489,3282084,0.00000460,1522.00000000,0
1531201562970,1531201562966,3282085,0.00000460,1522.00000000,0
1531201571160,1531201571156,3282086,0.00000460,1522.00000000,0
1531201578997,1531201578994,3282087,0.00000460,1522.00000000,0
1531201586833,1531201586828,3282088,0.00000460,1522.00000000,0
1531201594736,1531201594733,3282089,0.00000460,1522.00000000,0
1531201611403,1531201611399,3282090,0.00000460,1522.00000000,0
1531201618967,1531201618963,3282091,0.00000460,1522.00000000,0
1531201640069,1531201640066,3282092,0.00000460,1522.00000000,0
1531201641213,1531201641211,3282093,0.00000460,1.00000000,0
1531201657258,1531201657253,3282094,0.00000457,10.00000000,1
1531201677418,1531201677415,3282095,0.00000460,7.00000000,0
1531201818378,1531201818374,3282096,0.00000460,1522.00000000,0
1531201820802,1531201820798,3282097,0.00000460,2.00000000,0
1531201832494,1531201832489,3282098,0.00000460,1522.00000000,0
1531201923985,1531201923980,3282099,0.00000460,994.00000000,0
1531201924563,1531201924557,3282100,0.00000460,15299.00000000,1
1531201930796,1531201930791,3282101,0.00000462,1.00000000,0
1531202176673,1531202176669,3282102,0.00000462,913.00000000,0
1531202236219,1531202236215,3282103,0.00000462,197.00000000,0
1531202526129,1531202526132,3282104,0.00000461,10393.00000000,0
1531202526129,1531202526132,3282105,0.00000462,8723.00000000,0
1531202559380,1531202559376,3282106,0.00000458,50.00000000,1
1531202614743,1531202614741,3282107,0.00000462,220.00000000,0
1531202620971,1531202620968,3282108,0.00000462,102.00000000,0
1531202621061,1531202621056,3282109,0.00000462,95.00000000,0
1531202621093,1531202621089,3282110,0.00000462,83.00000000,0
1531202674928,1531202674925,3282111,0.00000459,3223.00000000,1
1531202676728,1531202676726,3282112,0.00000459,1722.00000000,1
1531202678451,1531202678449,3282113,0.00000461,4945.00000000,0
1531202678451,1531202678449,3282114,0.00000462,13796.00000000,0
1531202696290,1531202696286,3282115,0.00000462,400.00000000,0
1531202728867,1531202728863,3282116,0.00000458,1769.00000000,1
1531202799181,1531202799176,3282117,0.00000458,3.00000000,1
1531202800835,1531202800838,3282118,0.00000458,4115.00000000,1
1531202801410,1531202801404,3282119,0.00000457,5488.00000000,1
1531202801410,1531202801404,3282120,0.00000456,11567.00000000,1
1531202810218,1531202810218,3282121,0.00000456,16412.00000000,1
1531202823318,1531202823314,3282122,0.00000456,885.00000000,1
1531202861658,1531202861654,3282123,0.00000456,222.00000000,1
1531202985029,1531202985027,3282124,0.00000458,102.00000000,0
1531203025184,1531203025184,3282125,0.00000456,12219.00000000,1
1531203188024,1531203188025,3282126,0.00000455,73.00000000,1
1531203278985,1531203278980,3282127,0.00000456,12814.00000000,1
1531203299601,1531203299600,3282128,0.00000459,2178.00000000,0
1531203386621,1531203386617,3282129,0.00000458,661.00000000,0
1531203406292,1531203406287,3282130,0.00000455,4450.00000000,1
1531203465825,1531203465821,3282131,0.00000455,30533.00000000,1
1531203468928,1531203468923,3282132,0.00000454,4055.00000000,1
1531203469810,1531203469806,3282133,0.00000454,870.00000000,1
1531203536866,1531203536862,3282134,0.00000455,28.00000000,0
1531203585233,1531203585230,3282135,0.00000454,7676.00000000,1
1531203588631,1531203588629,3282136,0.00000454,7677.00000000,1
1531203624401,1531203624397,3282137,0.00000454,1125.00000000,1
1531203705503,1531203705498,3282138,0.00000454,931.00000000,1
1531203727064,1531203727059,3282139,0.00000455,3273.00000000,0
1531203772078,1531203772075,3282140,0.00000454,8098.00000000,1
1531203772078,1531203772075,3282141,0.00000453,1902.00000000,1
1531203774209,1531203774205,3282142,0.00000453,37.00000000,1
1531203774300,1531203774295,3282143,0.00000453,37.00000000,1
1531203842495,1531203842490,3282144,0.00000455,5.00000000,0
1531203876330,1531203876328,3282145,0.00000455,3.00000000,0
1531204080206,1531204080201,3282146,0.00000455,2964.00000000,0
1531204152352,1531204152349,3282147,0.00000454,380.00000000,1
1531204157083,1531204157079,3282148,0.00000455,300.00000000,0
1531204438293,1531204438289,3282149,0.00000455,840.00000000,0
1531204824242,1531204824238,3282150,0.00000455,1538.00000000,0
1531204831611,1531204831606,3282151,0.00000455,1538.00000000,0
1531204835036,1531204835035,3282152,0.00000455,2761.00000000,0
1531204839391,1531204839386,3282153,0.00000456,1532.00000000,0
1531204885488,1531204885484,3282154,0.00000456,2003.00000000,0
1531204898983,1531204898979,3282155,0.00000456,2926.00000000,1
1531204983292,1531204983287,3282156,0.00000458,2183.00000000,0
1531205012874,1531205012871,3282157,0.00000458,21834.00000000,0
1531205042034,1531205042030,3282158,0.00000458,6776.00000000,0
1531205065301,1531205065296,3282159,0.00000454,306.00000000,1
1531205173739,1531205173737,3282160,0.00000455,4706.00000000,1
1531205173739,1531205173737,3282161,0.00000454,6.00000000,1
1531205179564,1531205179563,3282162,0.00000454,7677.00000000,1
1531205182480,1531205182475,3282163,0.00000454,7677.00000000,1
1531205185391,1531205185389,3282164,0.00000454,7677.00000000,1
1531205187776,1531205187773,3282165,0.00000454,6916.00000000,1
1531205208624,1531205208620,3282166,0.00000454,24.00000000,1
1531205240470,1531205240471,3282167,0.00000457,2.00000000,0
1531205273489,1531205273486,3282168,0.00000457,1.00000000,0
1531205351913,1531205351911,3282169,0.00000457,1000.00000000,0
1531205410548,1531205410544,3282170,0.00000454,585.00000000,1
1531205567213,1531205567209,3282171,0.00000454,1635.00000000,1
1531205641133,1531205641128,3282172,0.00000454,432.00000000,1
1531205660725,1531205660721,3282173,0.00000454,8250.00000000,1
1531205712908,1531205712904,3282174,0.00000454,125.00000000,1
1531205826124,1531205826121,3282175,0.00000454,981.00000000,1
1531205832180,1531205832176,3282176,0.00000454,320.00000000,1
1531205876356,1531205876352,3282177,0.00000454,3304.00000000,1
1531206014425,1531206014421,3282178,0.00000455,2342.00000000,0
1531206031043,1531206031039,3282179,0.00000454,12219.00000000,1
1531206087816,1531206087814,3282180,0.00000453,38.00000000,1
1531206140441,1531206140438,3282181,0.00000454,656.00000000,0
1531206140995,1531206140991,3282182,0.00000454,413.00000000,0
1531206220673,1531206220669,3282183,0.00000456,23.00000000,0
1531206236852,1531206236849,3282184,0.00000456,25.00000000,0
1531206241404,1531206241400,3282185,0.00000455,1040.00000000,0
1531206242737,1531206242734,3282186,0.00000455,455.00000000,0
1531206244413,1531206244413,3282187,0.00000455,2.00000000,0
1531206449668,1531206449664,3282188,0.00000456,1587.00000000,0
1531206449668,1531206449664,3282189,0.00000457,605.00000000,0
1531206477935,1531206477933,3282190,0.00000456,135.00000000,0
1531206554075,1531206554073,3282191,0.00000456,1091.00000000,0
1531206565911,1531206565909,3282192,0.00000456,1111.00000000,1
1531206606576,1531206606573,3282193,0.00000456,125.00000000,1
1531206780269,1531206780266,3282194,0.00000456,421.00000000,1
1531206864837,1531206864833,3282195,0.00000457,1532.00000000,0
1531206980616,1531206980613,3282196,0.00000456,300.00000000,1
1531207274218,1531207274215,3282197,0.00000456,10636.00000000,1
1531207276365,1531207276361,3282198,0.00000456,2151.00000000,1
1531207284576,1531207284574,3282199,0.00000454,38.00000000,1
1531207290474,1531207290472,3282200,0.00000453,38.00000000,1
1531207544931,1531207544928,3282201,0.00000455,4940.00000000,1
1531207580575,1531207580572,3282202,0.00000453,3256.00000000,1
1531207686805,1531207686802,3282203,0.00000457,1186.00000000,0
1531207686805,1531207686802,3282204,0.00000458,342.00000000,0
1531207694878,1531207694874,3282205,0.00000458,1528.00000000,0
1531207702929,1531207702925,3282206,0.00000458,1528.00000000,0
1531207730166,1531207730161,3282207,0.00000458,1528.00000000,0
1531207760298,1531207760294,3282208,0.00000458,2183.00000000,0
1531207821587,1531207821583,3282209,0.00000458,1528.00000000,0
1531207828860,1531207828856,3282210,0.00000458,1528.00000000,0
1531207836143,1531207836139,3282211,0.00000458,1525.00000000,0
1531207844363,1531207844360,3282212,0.00000458,1528.00000000,0
1531207857578,1531207857576,3282213,0.00000458,1528.00000000,0
1531207865317,1531207865316,3282214,0.00000458,1528.00000000,0
1531207873222,1531207873219,3282215,0.00000458,1528.00000000,0
1531208075570,1531208075567,3282216,0.00000458,1528.00000000,0
1531208083053,1531208083050,3282217,0.00000458,1528.00000000,0
1531208098074,1531208098070,3282218,0.00000455,4282.00000000,1
1531208099352,1531208099349,3282219,0.00000458,1525.00000000,0
1531208107162,1531208107158,3282220,0.00000458,1528.00000000,0
1531208113252,1531208113252,3282221,0.00000458,1525.00000000,0
1531208144121,1531208144118,3282222,0.00000455,554.00000000,1
1531208144121,1531208144118,3282223,0.00000454,851.00000000,1
1531208260518,1531208260514,3282224,0.00000456,850.00000000,1
1531208577801,1531208577798,3282225,0.00000455,19.00000000,1
1531208656016,1531208656015,3282226,0.00000455,3547.00000000,1
1531208771755,1531208771753,3282227,0.00000454,6929.00000000,1
1531208815623,1531208815621,3282228,0.00000454,6.00000000,1
1531208823375,1531208823374,3282229,0.00000458,1.00000000,0
1531208866368,1531208866364,3282230,0.00000458,7.00000000,0
1531208917868,1531208917865,3282231,0.00000454,1514.00000000,1
1531208958702,1531208958698,3282232,0.00000454,2.00000000,1
1531209145950,1531209145948,3282233,0.00000454,340.00000000,1
1531209167355,1531209167351,3282234,0.00000458,330.00000000,0
1531209641985,1531209641982,3282235,0.00000458,4729.00000000,0
1531209642007,1531209642003,3282236,0.00000458,240.00000000,1
1531209642013,1531209642010,3282237,0.00000454,240.00000000,1
1531209754865,1531209754863,3282238,0.00000455,39.00000000,1
1531209850686,1531209850683,3282239,0.00000456,2071.00000000,1
1531209942851,1531209942849,3282240,0.00000459,11600.00000000,0
1531209947587,1531209947584,3282241,0.00000457,1249.00000000,1
1531210011420,1531210011416,3282242,0.00000459,1288.00000000,0
1531210011436,1531210011434,3282243,0.00000459,9140.00000000,1
1531210014568,1531210014564,3282244,0.00000456,5888.00000000,1
1531210112642,1531210112639,3282245,0.00000460,2023.00000000,0
1531210261210,1531210261207,3282246,0.00000456,76.00000000,1
1531210261839,1531210261835,3282247,0.00000456,61.00000000,1
1531210262437,1531210262434,3282248,0.00000456,62.00000000,1
1531210262890,1531210262887,3282249,0.00000456,60.00000000,1
1531210263322,1531210263319,3282250,0.00000456,210.00000000,1
1531210263769,1531210263766,3282251,0.00000456,118.00000000,1
1531210264260,1531210264256,3282252,0.00000456,64.00000000,1
1531210265019,1531210265015,3282253,0.00000456,81.00000000,1
1531210265362,1531210265359,3282254,0.00000456,57.00000000,1
1531210265921,1531210265919,3282255,0.00000456,56.00000000,1
1531210266500,1531210266498,3282256,0.00000456,91.00000000,1
1531210267207,1531210267205,3282257,0.00000456,62.00000000,1
1531210267784,1531210267781,3282258,0.00000456,81.00000000,1
1531210268202,1531210268202,3282259,0.00000456,70.00000000,1
1531210268800,1531210268797,3282260,0.00000456,62.00000000,1
1531210269367,1531210269364,3282261,0.00000456,106.00000000,1
1531210269976,1531210269973,3282262,0.00000456,300.00000000,1
1531210270508,1531210270506,3282263,0.00000456,104.00000000,1
