event_time,trade_time,trade_id,price,quantity,maker
1531160277965,1531160277960,4339004,0.00110480,1.80000000,0
1531160277965,1531160277960,4339005,0.00110540,16.20000000,0
1531160282343,1531160282339,4339006,0.00110590,1.18000000,0
1531160282343,1531160282339,4339007,0.00110660,31.71000000,0
1531160283647,1531160283644,4339008,0.00110720,1.96000000,1
1531160283653,1531160283652,4339009,0.00110720,1.20000000,1
1531160288594,1531160288591,4339010,0.00110730,3.16000000,0
1531160289106,1531160289102,4339011,0.00110730,9.68000000,1
1531160289308,1531160289305,4339012,0.00110730,9.72000000,1
1531160300496,1531160300494,4339013,0.00110770,0.62000000,0
1531160310146,1531160310142,4339014,0.00110730,12.61000000,1
1531160312177,1531160312177,4339015,0.00110730,0.95000000,1
1531160312177,1531160312177,4339016,0.00110440,26.26000000,1
1531160315719,1531160315717,4339017,0.00110770,1.37000000,0
1531160317527,1531160317523,4339018,0.00110460,4.68000000,1
1531160359976,1531160359972,4339019,0.00110770,5.32000000,0
1531160359976,1531160359972,4339020,0.00110780,3.70000000,0
1531160380417,1531160380412,4339021,0.00110780,1.01000000,0
1531160394089,1531160394085,4339022,0.00110780,10.67000000,0
1531160394452,1531160394448,4339023,0.00110780,1.99000000,1
1531160400687,1531160400684,4339024,0.00110820,0.91000000,0
1531160402504,1531160402503,4339025,0.00111050,1.57000000,0
1531160403698,1531160403694,4339026,0.00111050,5.36000000,0
1531160404296,1531160404293,4339027,0.00110780,25.36000000,1
1531160408517,1531160408512,4339028,0.00111050,0.51000000,1
1531160410941,1531160410938,4339029,0.00111090,3.76000000,0
1531160410941,1531160410938,4339030,0.00111150,5.24000000,0
1531160412767,1531160412764,4339031,0.00111050,0.50000000,1
1531160446137,1531160446132,4339032,0.00111050,88.73000000,1
1531160446583,1531160446579,4339033,0.00111150,0.01000000,0
1531160449943,1531160449940,4339034,0.00110830,0.16000000,1
1531160455828,1531160455823,4339035,0.00111050,5.00000000,1
1531160476189,1531160476185,4339036,0.00110860,16.09000000,1
1531160476189,1531160476185,4339037,0.00110780,9.13000000,1
1531160480048,1531160480044,4339038,0.00110450,0.16000000,1
1531160481387,1531160481384,4339039,0.00110440,0.16000000,1
1531160506499,1531160506495,4339040,0.00110470,36.53000000,1
1531160506499,1531160506495,4339041,0.00110460,12.87000000,1
1531160508511,1531160508507,4339042,0.00110460,5.50000000,1
1531160508511,1531160508507,4339043,0.00110440,6.90000000,1
1531160618502,1531160618494,4339044,0.00110490,31.90000000,1
1531160618502,1531160618494,4339045,0.00110480,43.32000000,1
1531160618502,1531160618494,4339046,0.00110470,48.49000000,1
1531160618502,1531160618494,4339047,0.00110460,101.00000000,1
1531160618502,1531160618494,4339048,0.00110450,43.86000000,1
1531160618502,1531160618494,4339049,0.00110440,95.06000000,1
1531160618502,1531160618494,4339050,0.00110100,28.59000000,1
1531160618502,1531160618494,4339051,0.00110060,7.26000000,1
1531160618502,1531160618494,4339052,0.00110050,8.79000000,1
1531160618502,1531160618494,4339053,0.00110030,1.54000000,1
1531160618502,1531160618494,4339054,0.00110010,7.41000000,1
1531160618993,1531160618990,4339055,0.00110560,2.00000000,0
1531160619001,1531160618997,4339056,0.00110500,14.75000000,1
1531160619395,1531160619391,4339057,0.00110560,5.41000000,0
1531160620690,1531160620686,4339058,0.00110110,0.16000000,1
1531160629850,1531160629846,4339059,0.00110080,1.54000000,0
1531160638741,1531160638736,4339060,0.00110000,92.53000000,1
1531160638741,1531160638736,4339061,0.00109910,5.43000000,1
1531160638767,1531160638765,4339062,0.00109910,234.63000000,0
1531160638782,1531160638778,4339063,0.00109910,34.74000000,0
1531160638812,1531160638809,4339064,0.00110370,7.52000000,0
1531160638812,1531160638809,4339065,0.00110900,27.22000000,0
1531160797947,1531160797942,4339066,0.00110590,5.67000000,0
1531160799009,1531160799005,4339067,0.00110590,9.08000000,1
1531160809641,1531160809638,4339068,0.00110600,1.36000000,0
1531160834792,1531160834788,4339069,0.00110230,1.88000000,1
1531160852176,1531160852171,4339070,0.00110590,1.88000000,0
1531160852176,1531160852171,4339071,0.00110600,51.24000000,0
1531160856970,1531160856966,4339072,0.00110610,7.24000000,0
1531160863692,1531160863688,4339073,0.00110610,0.02000000,0
1531160863692,1531160863688,4339074,0.00110640,7.50000000,0
1531160863721,1531160863717,4339075,0.00110640,0.01000000,0
1531160866214,1531160866212,4339076,0.00110640,11.12000000,1
1531160866698,1531160866693,4339077,0.00110640,15.86000000,0
1531160867485,1531160867481,4339078,0.00110240,0.01000000,1
1531160878189,1531160878185,4339079,0.00110650,2.48000000,0
1531160888179,1531160888176,4339080,0.00110610,39.84000000,0
1531160889175,1531160889172,4339081,0.00110650,46.01000000,0
1531160890015,1531160890011,4339082,0.00110670,7.50000000,0
1531160916955,1531160916950,4339083,0.00111100,7.47000000,0
1531160916955,1531160916950,4339084,0.00111130,3.82000000,0
1531160916955,1531160916950,4339085,0.00111150,1.68000000,0
1531160916955,1531160916950,4339086,0.00111250,6.93000000,0
1531161020017,1531161020013,4339087,0.00110740,0.63000000,1
1531161021535,1531161021530,4339088,0.00110740,0.63000000,1
1531161025076,1531161025070,4339089,0.00111180,5.00000000,0
1531161056431,1531161056384,4339090,0.00110750,5.73000000,1
1531161056431,1531161056384,4339091,0.00110740,3.78000000,1
1531161056431,1531161056384,4339092,0.00110650,7.50000000,1
1531161056431,1531161056384,4339093,0.00110220,3.62000000,1
1531161056431,1531161056384,4339094,0.00110070,4.89000000,1
1531161056431,1531161056384,4339095,0.00110050,136.58000000,1
1531161056431,1531161056384,4339096,0.00110010,9.43000000,1
1531161056431,1531161056384,4339097,0.00109990,1.17000000,1
1531161056431,1531161056384,4339098,0.00109970,1.81000000,1
1531161056431,1531161056384,4339099,0.00109960,3.63000000,1
1531161056431,1531161056384,4339100,0.00109950,2.99000000,1
1531161056431,1531161056384,4339101,0.00109940,1.54000000,1
1531161056431,1531161056384,4339102,0.00109910,5.22000000,1
1531161056431,1531161056384,4339103,0.00109850,5.42000000,1
1531161056431,1531161056384,4339104,0.00109830,62.51000000,1
1531161058144,1531161058140,4339105,0.00110270,2.16000000,0
1531161058769,1531161058765,4339106,0.00110160,0.19000000,1
1531161058959,1531161058955,4339107,0.00110530,12.44000000,0
1531161058959,1531161058955,4339108,0.00110600,7.51000000,0
1531161058959,1531161058955,4339109,0.00110610,5.22000000,0
1531161058959,1531161058955,4339110,0.00110680,0.83000000,0
1531161061176,1531161061171,4339111,0.00110660,1.11000000,0
1531161108506,1531161108503,4339112,0.00110180,31.90000000,1
1531161108533,1531161108530,4339113,0.00110180,13.19000000,0
1531161128961,1531161128959,4339114,0.00110280,51.21000000,0
1531161128978,1531161128975,4339115,0.00110280,0.03000000,0
1531161129000,1531161128995,4339116,0.00110280,50.07000000,1
1531161129159,1531161129154,4339117,0.00110280,1.14000000,1
1531161129188,1531161129184,4339118,0.00110280,1.54000000,0
1531161129451,1531161129447,4339119,0.00110190,2.99000000,1
1531161139863,1531161139860,4339120,0.00110000,0.19000000,1
1531161141035,1531161141032,4339121,0.00110280,1.20000000,0
1531161147018,1531161147013,4339122,0.00110280,3.73000000,0
1531161149129,1531161149125,4339123,0.00110240,0.98000000,0
1531161149196,1531161149191,4339124,0.00110250,1.34000000,0
1531161155842,1531161155837,4339125,0.00110290,1.54000000,0
1531161158869,1531161158864,4339126,0.00110370,1.79000000,0
1531161160853,1531161160849,4339127,0.00110100,31.90000000,1
1531161160853,1531161160849,4339128,0.00110090,4.00000000,1
1531161170984,1531161170981,4339129,0.00110470,4.00000000,0
1531161171031,1531161171027,4339130,0.00110480,1.17000000,0
1531161171180,1531161171176,4339131,0.00110650,6.16000000,0
1531161192382,1531161192377,4339132,0.00110650,3.41000000,0
1531161192874,1531161192870,4339133,0.00110650,16.93000000,1
1531161280501,1531161280497,4339134,0.00110600,4.08000000,0
1531161280501,1531161280497,4339135,0.00110660,9.06000000,0
1531161295243,1531161295240,4339136,0.00110650,11.53000000,0
1531161295243,1531161295240,4339137,0.00110660,1.14000000,0
1531161301390,1531161301386,4339138,0.00110660,12.96000000,0
1531161315220,1531161315217,4339139,0.00110660,3.95000000,0
1531161315220,1531161315217,4339140,0.00110830,4.89000000,0
1531161315220,1531161315217,4339141,0.00110850,3.26000000,0
1531161315220,1531161315217,4339142,0.00110890,0.93000000,0
1531161362501,1531161362500,4339143,0.00110860,4.83000000,0
1531161389343,1531161389338,4339144,0.00110860,9.47000000,0
1531161389401,1531161389399,4339145,0.00110860,6.89000000,1
1531161390885,1531161390881,4339146,0.00110860,165.83000000,1
1531161439752,1531161439749,4339147,0.00110860,0.92000000,0
1531161503767,1531161503763,4339148,0.00110830,6.00000000,0
1531161512183,1531161512181,4339149,0.00110830,1.69000000,0
1531161695005,1531161694999,4339150,0.00110450,0.63000000,1
1531161697129,1531161697126,4339151,0.00110440,0.63000000,1
1531161707016,1531161707012,4339152,0.00110450,3.00000000,1
1531161732951,1531161732946,4339153,0.00110740,4.99000000,0
1531161745540,1531161745534,4339154,0.00110460,31.90000000,1
1531161745540,1531161745534,4339155,0.00110440,57.19000000,1
1531161745540,1531161745534,4339156,0.00110430,4.36000000,1
1531161764859,1531161764855,4339157,0.00110600,6.89000000,0
1531161764896,1531161764893,4339158,0.00110600,1.84000000,0
1531161764902,1531161764898,4339159,0.00110600,1.84000000,0
1531161764903,1531161764900,4339160,0.00110600,119.81000000,0
1531161774377,1531161774373,4339161,0.00110600,5.77000000,0
1531161775527,1531161775522,4339162,0.00110600,1.17000000,0
1531161809104,1531161809100,4339163,0.00110600,16.84000000,0
1531161877843,1531161877838,4339164,0.00110430,3.00000000,1
1531161879233,1531161879228,4339165,0.00110570,1.95000000,0
1531161879233,1531161879228,4339166,0.00110590,0.05000000,0
1531161892787,1531161892781,4339167,0.00110590,57.77000000,0
1531161892800,1531161892795,4339168,0.00110600,163.02000000,0
1531161922757,1531161922752,4339169,0.00110890,3.98000000,0
1531161922986,1531161922984,4339170,0.00110890,3.18000000,0
1531162021899,1531162021895,4339171,0.00111180,4.87000000,0
1531162140462,1531162140458,4339172,0.00111180,0.86000000,0
1531162162951,1531162162946,4339173,0.00111260,5.41000000,0
1531162162951,1531162162946,4339174,0.00111340,0.95000000,0
1531162162951,1531162162946,4339175,0.00111350,6.93000000,0
1531162162951,1531162162946,4339176,0.00111430,5.13000000,0
1531162165416,1531162165407,4339177,0.00111180,0.03000000,1
1531162195434,1531162195429,4339178,0.00111430,15.40000000,0
1531162195434,1531162195429,4339179,0.00111440,0.98000000,0
1531162243917,1531162243913,4339180,0.00111180,0.63000000,1
1531162246890,1531162246885,4339181,0.00111180,48.48000000,1
1531162251530,1531162251524,4339182,0.00111010,4.53000000,1
1531162260201,1531162260197,4339183,0.00111000,8.39000000,1
1531162266450,1531162266444,4339184,0.00110910,0.19000000,1
1531162336573,1531162336568,4339185,0.00111110,85.03000000,1
1531162403243,1531162403239,4339186,0.00111110,4.70000000,1
1531162403243,1531162403239,4339187,0.00110910,12.03000000,1
1531162447261,1531162447256,4339188,0.00110910,0.91000000,1
1531162655631,1531162655625,4339189,0.00110980,18.27000000,1
1531162655631,1531162655625,4339190,0.00110940,182.33000000,1
1531162655631,1531162655625,4339191,0.00110930,68.77000000,1
1531162655631,1531162655625,4339192,0.00110920,36.36000000,1
1531162655631,1531162655625,4339193,0.00110910,3.18000000,1
1531162655631,1531162655625,4339194,0.00110890,11.11000000,1
1531162799908,1531162799904,4339195,0.00111370,4.53000000,0
1531162799908,1531162799904,4339196,0.00111380,4.44000000,0
1531162818814,1531162818809,4339197,0.00111380,8.98000000,0
1531162896350,1531162896345,4339198,0.00111140,0.51000000,1
1531162925782,1531162925776,4339199,0.00111380,22.91000000,0
1531163032078,1531163032070,4339200,0.00111170,31.58000000,1
1531163032078,1531163032070,4339201,0.00111150,111.43000000,1
1531163032078,1531163032070,4339202,0.00111120,111.69000000,1
1531163032078,1531163032070,4339203,0.00110900,55.80000000,1
1531163032078,1531163032070,4339204,0.00110890,39.63000000,1
1531163032078,1531163032070,4339205,0.00110750,2.87000000,1
1531163032078,1531163032070,4339206,0.00110710,20.74000000,1
1531163032078,1531163032070,4339207,0.00110600,6.73000000,1
1531163032078,1531163032070,4339208,0.00110510,18.23000000,1
1531163032078,1531163032070,4339209,0.00110450,5.06000000,1
1531163032078,1531163032070,4339210,0.00110420,100.00000000,1
1531163032078,1531163032070,4339211,0.00110360,49.83000000,1
1531163032078,1531163032070,4339212,0.00110310,100.00000000,1
1531163032078,1531163032070,4339213,0.00110230,3.93000000,1
1531163032078,1531163032070,4339214,0.00110220,1.08000000,1
1531163032078,1531163032070,4339215,0.00110210,41.40000000,1
1531163034274,1531163034269,4339216,0.00110880,1.08000000,0
1531163034274,1531163034269,4339217,0.00111150,4.92000000,0
1531163039214,1531163039209,4339218,0.00110650,0.16000000,1
1531163039303,1531163039297,4339219,0.00110650,5.82000000,1
1531163039303,1531163039297,4339220,0.00110640,26.08000000,1
1531163041206,1531163041202,4339221,0.00110640,5.82000000,1
1531163043042,1531163043036,4339222,0.00110590,31.90000000,1
1531163044864,1531163044857,4339223,0.00110590,0.19000000,1
1531163045097,1531163045092,4339224,0.00110590,31.71000000,1
1531163046040,1531163046034,4339225,0.00110590,31.90000000,1
1531163048048,1531163048042,4339226,0.00110570,7.51000000,1
1531163076629,1531163076625,4339227,0.00111000,1.92000000,0
1531163147916,1531163147912,4339228,0.00110800,2.76000000,0
1531163147929,1531163147926,4339229,0.00110800,3.22000000,0
1531163162576,1531163162571,4339230,0.00110280,0.19000000,1
1531163167857,1531163167851,4339231,0.00110410,0.16000000,1
1531163169996,1531163169990,4339232,0.00110760,3.89000000,0
1531163262445,1531163262409,4339233,0.00110760,0.10000000,0
1531163267520,1531163267514,4339234,0.00110660,6.62000000,0
1531163348091,1531163348088,4339235,0.00110450,3.41000000,0
1531163348107,1531163348100,4339236,0.00110450,3.40000000,0
1531163348125,1531163348120,4339237,0.00110450,3.40000000,0
1531163348157,1531163348152,4339238,0.00110450,3.00000000,0
1531163348211,1531163348206,4339239,0.00110450,2.89000000,0
1531163349510,1531163349504,4339240,0.00110380,0.13000000,1
1531163351285,1531163351280,4339241,0.00110440,37.30000000,0
1531163355844,1531163355839,4339242,0.00110380,0.13000000,1
1531163364134,1531163364129,4339243,0.00110380,10.13000000,1
1531163364134,1531163364129,4339244,0.00110330,0.11000000,1
1531163364163,1531163364157,4339245,0.00110330,6.47000000,1
1531163364164,1531163364157,4339246,0.00110330,0.95000000,1
1531163364164,1531163364157,4339247,0.00110210,0.34000000,1
1531163366958,1531163366952,4339248,0.00110210,0.19000000,1
1531163382387,1531163382382,4339249,0.00110550,7.51000000,0
1531163382387,1531163382382,4339250,0.00110670,3.93000000,0
1531163382387,1531163382382,4339251,0.00110930,203.03000000,0
1531163401211,1531163401205,4339252,0.00110910,0.17000000,0
1531163413066,1531163413061,4339253,0.00110910,7.32000000,0
1531163414234,1531163414228,4339254,0.00110910,11.97000000,1
1531163419170,1531163419163,4339255,0.00110690,7.50000000,1
1531163419170,1531163419163,4339256,0.00110210,17.03000000,1
1531163433847,1531163433843,4339257,0.00110790,4.50000000,0
1531163449026,1531163449020,4339258,0.00110350,6.01000000,1
1531163449026,1531163449020,4339259,0.00110340,7.53000000,1
1531163463834,1531163463832,4339260,0.00110320,23.12000000,0
1531163474103,1531163474100,4339261,0.00110320,30.27000000,0
1531163479587,1531163479580,4339262,0.00110220,64.50000000,1
1531163479587,1531163479580,4339263,0.00110210,42.04000000,1
1531163479587,1531163479580,4339264,0.00110140,11.65000000,1
1531163480692,1531163480687,4339265,0.00110140,0.16000000,1
1531163482462,1531163482456,4339266,0.00110490,7.52000000,0
1531163486120,1531163486115,4339267,0.00110930,6.01000000,0
1531163491149,1531163491143,4339268,0.00110770,7.50000000,0
1531163496076,1531163496069,4339269,0.00110940,64.85000000,0
1531163503464,1531163503457,4339270,0.00110340,6.05000000,1
1531163503464,1531163503457,4339271,0.00110330,34.72000000,1
1531163503464,1531163503457,4339272,0.00110140,85.19000000,1
1531163503464,1531163503457,4339273,0.00110120,18.16000000,1
1531163503464,1531163503457,4339274,0.00110110,36.88000000,1
1531163510342,1531163510336,4339275,0.00110970,24.21000000,0
1531163512829,1531163512824,4339276,0.00110970,46.53000000,0
1531163517897,1531163517891,4339277,0.00110400,5.47000000,1
1531163517897,1531163517891,4339278,0.00110390,6.08000000,1
1531163522832,1531163522827,4339279,0.00110980,11.55000000,0
1531163526359,1531163526353,4339280,0.00110990,18.16000000,0
1531163529817,1531163529811,4339281,0.00110940,6.00000000,0
1531163532378,1531163532373,4339282,0.00110940,1.48000000,0
1531163538810,1531163538804,4339283,0.00111000,6.00000000,0
1531163538850,1531163538839,4339284,0.00110530,0.51000000,1
1531163549475,1531163549470,4339285,0.00111070,35.63000000,0
1531163629860,1531163629855,4339286,0.00111050,9.99000000,1
1531163630135,1531163630128,4339287,0.00111050,66.47000000,1
1531163634613,1531163634607,4339288,0.00111060,9.00000000,0
1531163692697,1531163692694,4339289,0.00111050,9.00000000,0
1531163715351,1531163715345,4339290,0.00110500,5.59000000,1
1531163715351,1531163715345,4339291,0.00110490,7.52000000,1
1531163715351,1531163715345,4339292,0.00110370,65.37000000,1
1531163715351,1531163715345,4339293,0.00110360,76.94000000,1
1531163715351,1531163715345,4339294,0.00110110,63.12000000,1
1531163715351,1531163715345,4339295,0.00110010,100.00000000,1
1531163715363,1531163715359,4339296,0.00110010,18.18000000,0
1531163715419,1531163715413,4339297,0.00110040,13.12000000,1
1531163717839,1531163717835,4339298,0.00110990,0.04000000,0
1531163720929,1531163720924,4339299,0.00110000,0.16000000,1
1531163723343,1531163723335,4339300,0.00110010,0.19000000,1
1531163730949,1531163730943,4339301,0.00110250,7.53000000,1
1531163733461,1531163733458,4339302,0.00110700,1.76000000,0
1531163783753,1531163783744,4339303,0.00110040,2.27000000,1
1531163783753,1531163783744,4339304,0.00110030,11.25000000,1
1531163783753,1531163783744,4339305,0.00110010,6.77000000,1
1531163783753,1531163783744,4339306,0.00109990,18.23000000,1
1531163783753,1531163783744,4339307,0.00109860,7.27000000,1
1531163783753,1531163783744,4339308,0.00109730,125.16000000,1
1531163783753,1531163783744,4339309,0.00109710,2.85000000,1
1531163783753,1531163783744,4339310,0.00109690,3.61000000,1
1531163783753,1531163783744,4339311,0.00109670,4.27000000,1
1531163783753,1531163783744,4339312,0.00109660,15.20000000,1
1531163783753,1531163783744,4339313,0.00109640,34.07000000,1
1531163783753,1531163783744,4339314,0.00109630,32.63000000,1
1531163783753,1531163783744,4339315,0.00109620,121.70000000,1
1531163785953,1531163785947,4339316,0.00109830,0.16000000,1
1531163786479,1531163786477,4339317,0.00109850,0.02000000,1
1531163788618,1531163788615,4339318,0.00110070,5.73000000,0
1531163789102,1531163789096,4339319,0.00110040,4.27000000,0
1531163790150,1531163790143,4339320,0.00110120,1.46000000,1
1531163791476,1531163791470,4339321,0.00109810,0.19000000,1
1531163794093,1531163794088,4339322,0.00109870,0.16000000,1
1531163814729,1531163814725,4339323,0.00109980,2.18000000,0
1531163833533,1531163833527,4339324,0.00110000,5.16000000,0
1531163833715,1531163833711,4339325,0.00110000,5.19000000,0
1531163835172,1531163835166,4339326,0.00109870,0.92000000,1
1531163841152,1531163841146,4339327,0.00109870,4.39000000,1
1531163845510,1531163845507,4339328,0.00109950,12.12000000,0
1531163854602,1531163854599,4339329,0.00109870,1.84000000,1
1531163881985,1531163881980,4339330,0.00109990,6.00000000,0
1531163882071,1531163882065,4339331,0.00109990,9.20000000,0
1531163882072,1531163882065,4339332,0.00110000,0.75000000,0
1531163883785,1531163883781,4339333,0.00110000,9.31000000,0
1531163890431,1531163890426,4339334,0.00109970,5.58000000,0
1531163892090,1531163892084,4339335,0.00109810,0.01000000,1
1531163925149,1531163925147,4339336,0.00109810,7.65000000,1
1531163928167,1531163928161,4339337,0.00109810,43.87000000,1
1531163931429,1531163931422,4339338,0.00109690,7.57000000,1
1531163933308,1531163933306,4339339,0.00109670,0.19000000,1
1531163933478,1531163933471,4339340,0.00109690,0.53000000,0
1531163935988,1531163935986,4339341,0.00109670,0.16000000,1
1531163942166,1531163942162,4339342,0.00109680,0.19000000,1
1531163942975,1531163942971,4339343,0.00109620,0.19000000,1
1531163945990,1531163945985,4339344,0.00109650,0.16000000,1
1531163955037,1531163955033,4339345,0.00109950,3.64000000,0
1531163982486,1531163982481,4339346,0.00109890,3.45000000,0
1531164067679,1531164067674,4339347,0.00109890,68.76000000,0
1531164067679,1531164067674,4339348,0.00109910,21.86000000,0
1531164067679,1531164067674,4339349,0.00109950,22.37000000,0
1531164067679,1531164067674,4339350,0.00109980,31.56000000,0
1531164089767,1531164089731,4339351,0.00109990,3.88000000,0
1531164123865,1531164123859,4339352,0.00109990,1.10000000,0
1531164144302,1531164144296,4339353,0.00109990,144.23000000,0
1531164172517,1531164172511,4339354,0.00109990,41.52000000,0
1531164172603,1531164172597,4339355,0.00109990,29.56000000,0
1531164174193,1531164174188,4339356,0.00110000,1.64000000,0
1531164175190,1531164175184,4339357,0.00110040,7.55000000,0
1531164180819,1531164180814,4339358,0.00110370,6.80000000,0
1531164206787,1531164206782,4339359,0.00110310,7.24000000,1
1531164206806,1531164206800,4339360,0.00109760,7.24000000,1
1531164219360,1531164219354,4339361,0.00110310,7.25000000,0
1531164219373,1531164219369,4339362,0.00110310,39.83000000,1
1531164219399,1531164219393,4339363,0.00110310,6.44000000,1
1531164222436,1531164222433,4339364,0.00110310,7.15000000,1
1531164249010,1531164249007,4339365,0.00110310,0.51000000,1
1531164257083,1531164257078,4339366,0.00110370,0.47000000,0
1531164266107,1531164266101,4339367,0.00110370,0.43000000,1
1531164308203,1531164308197,4339368,0.00110440,12.28000000,0
1531164308203,1531164308197,4339369,0.00110450,3.17000000,0
1531164327339,1531164327307,4339370,0.00110620,2.27000000,0
1531164327339,1531164327307,4339371,0.00110620,6.00000000,1
1531164330125,1531164330121,4339372,0.00110690,18.24000000,0
1531164330125,1531164330121,4339373,0.00110790,3.61000000,0
1531164330125,1531164330121,4339374,0.00110850,5.58000000,0
1531164331873,1531164331867,4339375,0.00110850,0.04000000,0
1531164360902,1531164360896,4339376,0.00110850,1.87000000,0
1531164361252,1531164361249,4339377,0.00110850,2.39000000,1
1531164460952,1531164460950,4339378,0.00110850,7.77000000,0
1531164463981,1531164463975,4339379,0.00110850,10.39000000,0
1531164464671,1531164464665,4339380,0.00110850,12.31000000,0
1531164464671,1531164464665,4339381,0.00110870,27.19000000,0
1531164464671,1531164464665,4339382,0.00110890,144.55000000,0
1531164464997,1531164464991,4339383,0.00110890,21.43000000,1
1531164477627,1531164477621,4339384,0.00110910,5.42000000,0
1531164477627,1531164477621,4339385,0.00110970,0.95000000,0
1531164477627,1531164477621,4339386,0.00111050,3.35000000,0
1531164477627,1531164477621,4339387,0.00111150,87.93000000,0
1531164567649,1531164567644,4339388,0.00110900,32.32000000,1
1531164568329,1531164568317,4339389,0.00111150,107.07000000,0
1531164568329,1531164568317,4339390,0.00111160,450.61000000,0
1531164568329,1531164568317,4339391,0.00111260,20.74000000,0
1531164568329,1531164568317,4339392,0.00111280,121.00000000,0
1531164568329,1531164568317,4339393,0.00111290,9.00000000,0
1531164568329,1531164568317,4339394,0.00111440,9.48000000,0
1531164568329,1531164568317,4339395,0.00111520,16.20000000,0
1531164568329,1531164568317,4339396,0.00111610,68.14000000,0
1531164568329,1531164568317,4339397,0.00111630,5.15000000,0
1531164568329,1531164568317,4339398,0.00111670,35.58000000,0
1531164568329,1531164568317,4339399,0.00111690,3.53000000,0
1531164568329,1531164568317,4339400,0.00111710,5.43000000,0
1531164568329,1531164568317,4339401,0.00111730,0.80000000,0
1531164568329,1531164568317,4339402,0.00111790,23.60000000,0
1531164568329,1531164568317,4339403,0.00111830,141.04000000,0
1531164568329,1531164568317,4339404,0.00111860,20.64000000,0
1531164568329,1531164568317,4339405,0.00111880,1.37000000,0
1531164568329,1531164568317,4339406,0.00111900,13.31000000,0
1531164568329,1531164568317,4339407,0.00111950,3.86000000,0
1531164568329,1531164568317,4339408,0.00111990,90.81000000,0
1531164568344,1531164568337,4339409,0.00112000,302.57000000,1
1531164568355,1531164568350,4339410,0.00112000,42.64000000,1
1531164568379,1531164568375,4339411,0.00112000,6.89000000,1
1531164568392,1531164568392,4339412,0.00112000,125.35000000,1
1531164568403,1531164568402,4339413,0.00112000,85.39000000,1
1531164568458,1531164568452,4339414,0.00112000,3.86000000,1
1531164568477,1531164568473,4339415,0.00112000,59.92000000,1
1531164568478,1531164568473,4339416,0.00112000,63.54000000,1
1531164568741,1531164568736,4339417,0.00112000,39.99000000,1
1531164568789,1531164568782,4339418,0.00112050,40.00000000,0
1531164569254,1531164569252,4339419,0.00112000,1.06000000,1
1531164569957,1531164569957,4339420,0.00112000,27.30000000,1
1531164570366,1531164570359,4339421,0.00112000,0.50000000,1
1531164571535,1531164571529,4339422,0.00112000,1.00000000,1
1531164575476,1531164575470,4339423,0.00112000,0.50000000,1
1531164575983,1531164575978,4339424,0.00112000,4.70000000,1
1531164579255,1531164579248,4339425,0.00112000,767.29000000,1
1531164583429,1531164583422,4339426,0.00111270,3.58000000,1
1531164595662,1531164595655,4339427,0.00111360,1.10000000,1
1531164597756,1531164597750,4339428,0.00111370,8.60000000,1
1531164599119,1531164599112,4339429,0.00111370,18.22000000,1
1531164599119,1531164599112,4339430,0.00111270,2.25000000,1
1531164599119,1531164599112,4339431,0.00111260,42.65000000,1
1531164599119,1531164599112,4339432,0.00111150,19.95000000,1
1531164599119,1531164599112,4339433,0.00111130,5.03000000,1
1531164599119,1531164599112,4339434,0.00110920,4.01000000,1
1531164599119,1531164599112,4339435,0.00110880,4.05000000,1
1531164599119,1531164599112,4339436,0.00110870,59.45000000,1
1531164603478,1531164603471,4339437,0.00111140,5.35000000,1
1531164605319,1531164605314,4339438,0.00111060,2.85000000,1
1531164608249,1531164608245,4339439,0.00111090,57.54000000,1
1531164618251,1531164618244,4339440,0.00111000,1.74000000,1
1531164623185,1531164623180,4339441,0.00111170,1.60000000,0
1531164623185,1531164623180,4339442,0.00111180,27.33000000,0
1531164624264,1531164624260,4339443,0.00111180,27.33000000,1
1531164647961,1531164647956,4339444,0.00111210,15.38000000,0
1531164679415,1531164679414,4339445,0.00110910,1.17000000,1
1531164680255,1531164680248,4339446,0.00110880,21.78000000,1
1531164684415,1531164684413,4339447,0.00110890,9.01000000,1
1531164802364,1531164802358,4339448,0.00110890,1.35000000,0
1531164803259,1531164803257,4339449,0.00110800,1.21000000,1
1531164806261,1531164806255,4339450,0.00110780,1.52000000,1
1531164838282,1531164838277,4339451,0.00110790,1.92000000,1
1531164869273,1531164869266,4339452,0.00110690,7.50000000,1
1531164871277,1531164871272,4339453,0.00110650,1.08000000,1
1531164909959,1531164909958,4339454,0.00110520,41.93000000,1
1531164909993,1531164909987,4339455,0.00110520,6.46000000,0
1531164910269,1531164910263,4339456,0.00110510,7.51000000,1
1531164912289,1531164912285,4339457,0.00110500,1.45000000,1
1531164915484,1531164915477,4339458,0.00110450,315.24000000,1
1531164916297,1531164916292,4339459,0.00110370,18.55000000,1
1531164918281,1531164918278,4339460,0.00110290,7.53000000,1
1531164919488,1531164919483,4339461,0.00110200,12.17000000,1
1531164971868,1531164971862,4339462,0.00110380,3.58000000,0
1531164971868,1531164971862,4339463,0.00110390,2.25000000,0
1531164971868,1531164971862,4339464,0.00110500,2.92000000,0
1531164987278,1531164987272,4339465,0.00110230,17.86000000,1
1531164989042,1531164989038,4339466,0.00110230,9.53000000,0
1531164989665,1531164989658,4339467,0.00110230,26.31000000,0
1531164997005,1531164996999,4339468,0.00110200,0.13000000,1
1531165068982,1531165068975,4339469,0.00110000,0.16000000,1
1531165069745,1531165069738,4339470,0.00110220,9.00000000,0
1531165073145,1531165073139,4339471,0.00110220,9.01000000,0
1531165089136,1531165089130,4339472,0.00110220,0.90000000,0
1531165115473,1531165115467,4339473,0.00110200,6.02000000,1
1531165115473,1531165115467,4339474,0.00110000,4.65000000,1
1531165115473,1531165115467,4339475,0.00109940,1.87000000,1
1531165115473,1531165115467,4339476,0.00109920,9.10000000,1
1531165122252,1531165122246,4339477,0.00109850,5.93000000,1
1531165128939,1531165128932,4339478,0.00109840,6.49000000,1
1531165128939,1531165128932,4339479,0.00109820,18.21000000,1
1531165128939,1531165128932,4339480,0.00109650,5.30000000,1
1531165130528,1531165130522,4339481,0.00109630,0.16000000,1
1531165134888,1531165134883,4339482,0.00109640,2.28000000,1
1531165134888,1531165134883,4339483,0.00109630,0.92000000,1
1531165136922,1531165136914,4339484,0.00109590,1.80000000,1
1531165136922,1531165136914,4339485,0.00109550,1.05000000,1
1531165137258,1531165137252,4339486,0.00110010,1.08000000,0
1531165139579,1531165139573,4339487,0.00110010,1.79000000,1
1531165146025,1531165146020,4339488,0.00110010,1.35000000,1
1531165159299,1531165159293,4339489,0.00109540,0.19000000,1
1531165163308,1531165163306,4339490,0.00110190,8.21000000,0
1531165163308,1531165163306,4339491,0.00110200,0.09000000,0
1531165164783,1531165164779,4339492,0.00109560,0.16000000,1
1531165168215,1531165168209,4339493,0.00110000,0.91000000,0
1531165169791,1531165169785,4339494,0.00109630,5.96000000,1
1531165169791,1531165169785,4339495,0.00109620,12.38000000,1
1531165169842,1531165169837,4339496,0.00109590,4.89000000,0
1531165169926,1531165169924,4339497,0.00109590,27.45000000,0
1531165169978,1531165169969,4339498,0.00109590,75.53000000,0
1531165169990,1531165169985,4339499,0.00109590,75.51000000,0
1531165170316,1531165170310,4339500,0.00109590,170.52000000,0
1531165173252,1531165173245,4339501,0.00109550,70.10000000,1
1531165173252,1531165173245,4339502,0.00109540,1.00000000,1
1531165173252,1531165173245,4339503,0.00109530,1.36000000,1
1531165173252,1531165173245,4339504,0.00109520,1.34000000,1
1531165214777,1531165214769,4339505,0.00109840,4.65000000,0
1531165214777,1531165214769,4339506,0.00109850,5.96000000,0
1531165214777,1531165214769,4339507,0.00110000,0.01000000,0
1531165214777,1531165214769,4339508,0.00110060,1.36000000,0
1531165214777,1531165214769,4339509,0.00110110,1.05000000,0
1531165214777,1531165214769,4339510,0.00110160,65.45000000,0
1531165214777,1531165214769,4339511,0.00110200,21.69000000,0
1531165214777,1531165214769,4339512,0.00110220,24.95000000,0
1531165214777,1531165214769,4339513,0.00110470,9.10000000,0
1531165214777,1531165214769,4339514,0.00110490,322.00000000,0
1531165214777,1531165214769,4339515,0.00110510,18.21000000,0
1531165214777,1531165214769,4339516,0.00110560,1488.87000000,0
1531165214922,1531165214916,4339517,0.00109800,5.16000000,1
1531165215066,1531165215063,4339518,0.00109530,1.85000000,1
1531165215874,1531165215868,4339519,0.00109940,1.36000000,1
1531165218714,1531165218708,4339520,0.00109950,0.93000000,1
1531165220247,1531165220240,4339521,0.00110560,1.85000000,0
1531165220247,1531165220240,4339522,0.00110570,5.16000000,0
1531165220247,1531165220240,4339523,0.00110660,1.45000000,0
1531165222397,1531165222391,4339524,0.00109970,9.78000000,1
1531165236309,1531165236303,4339525,0.00110100,3.18000000,0
1531165251309,1531165251303,4339526,0.00110470,7.89000000,0
1531165253319,1531165253313,4339527,0.00110480,2.82000000,0
1531165262318,1531165262312,4339528,0.00110660,4.72000000,0
1531165272321,1531165272317,4339529,0.00110710,3.36000000,0
1531165273312,1531165273306,4339530,0.00110750,5.30000000,0
1531165281506,1531165281502,4339531,0.00110500,29.35000000,1
1531165298890,1531165298888,4339532,0.00110410,0.51000000,1
1531165300726,1531165300721,4339533,0.00110140,0.51000000,1
1531165301668,1531165301662,4339534,0.00110140,0.16000000,1
1531165345379,1531165345375,4339535,0.00110640,6.89000000,1
1531165345391,1531165345384,4339536,0.00110640,7.55000000,1
1531165345636,1531165345632,4339537,0.00110640,7.55000000,1
1531165346328,1531165346322,4339538,0.00110650,8.74000000,0
1531165347331,1531165347325,4339539,0.00110780,4.22000000,0
1531165348337,1531165348332,4339540,0.00110800,9.00000000,0
1531165350336,1531165350332,4339541,0.00110820,48.08000000,0
1531165421482,1531165421477,4339542,0.00110820,7.52000000,0
1531165432339,1531165432332,4339543,0.00110820,5.64000000,0
1531165438351,1531165438350,4339544,0.00110830,4.23000000,0
1531165444348,1531165444342,4339545,0.00110850,6.36000000,0
1531165459386,1531165459379,4339546,0.00111110,2.00000000,0
1531165477996,1531165477988,4339547,0.00111100,10.38000000,0
1531165477996,1531165477988,4339548,0.00111110,4.36000000,0
1531165477996,1531165477988,4339549,0.00111120,312.83000000,0
1531165477996,1531165477988,4339550,0.00111140,153.73000000,0
1531165593362,1531165593357,4339551,0.00111140,66.73000000,0
1531165594361,1531165594356,4339552,0.00111200,1.08000000,0
1531165594361,1531165594356,4339553,0.00111250,5.35000000,0
1531165594407,1531165594402,4339554,0.00111250,2.60000000,1
1531165594858,1531165594854,4339555,0.00111250,2.60000000,1
1531165596505,1531165596503,4339556,0.00111300,6.01000000,0
1531165597354,1531165597346,4339557,0.00111350,3.54000000,0
1531165598510,1531165598508,4339558,0.00111370,4.50000000,0
1531165627199,1531165627194,4339559,0.00111300,6.34000000,1
1531165627662,1531165627657,4339560,0.00111610,0.91000000,0
1531165628331,1531165628308,4339561,0.00111600,1.81000000,0
1531165630108,1531165630103,4339562,0.00111290,16.78000000,1
1531165631581,1531165631574,4339563,0.00111290,36.92000000,1
1531165632356,1531165632349,4339564,0.00111290,16.78000000,0
1531165634976,1531165634970,4339565,0.00111280,9.81000000,1
1531165673193,1531165673187,4339566,0.00111300,17.50000000,1
1531165687304,1531165687300,4339567,0.00111290,18.32000000,1
1531165691220,1531165691214,4339568,0.00111280,26.66000000,1
1531165721699,1531165721695,4339569,0.00111280,38.02000000,1
1531165722736,1531165722728,4339570,0.00111270,30.57000000,1
1531165725695,1531165725694,4339571,0.00111260,34.75000000,1
1531165815286,1531165815283,4339572,0.00110940,8.58000000,1
1531165815286,1531165815283,4339573,0.00110740,6.03000000,1
1531165815286,1531165815283,4339574,0.00110730,16.21000000,1
1531165881287,1531165881281,4339575,0.00110770,1.92000000,0
1531165954010,1531165954007,4339576,0.00111230,1.23000000,0
1531166011135,1531166011130,4339577,0.00111230,6.24000000,0
1531166031169,1531166031164,4339578,0.00111230,1.72000000,1
1531166031202,1531166031196,4339579,0.00110900,5.58000000,1
1531166031329,1531166031325,4339580,0.00111020,7.48000000,1
1531166032196,1531166032191,4339581,0.00110740,1.72000000,1
1531166138242,1531166138237,4339582,0.00110950,1.01000000,0
1531166166747,1531166166742,4339583,0.00110950,8.98000000,0
1531166166747,1531166166742,4339584,0.00111000,67.46000000,0
1531166378534,1531166378532,4339585,0.00111050,2.34000000,1
1531166430296,1531166430290,4339586,0.00111120,4.53000000,0
1531166432443,1531166432436,4339587,0.00111130,3.36000000,0
1531166452960,1531166452953,4339588,0.00111170,0.51000000,1
1531166453286,1531166453282,4339589,0.00111170,3.74000000,1
1531166455483,1531166455477,4339590,0.00111170,2.50000000,1
1531166462832,1531166462825,4339591,0.00111170,2.55000000,1
1531166465988,1531166465985,4339592,0.00111170,2.56000000,1
1531166465988,1531166465985,4339593,0.00111050,2.20000000,1
1531166469406,1531166469401,4339594,0.00111050,0.98000000,1
1531166528666,1531166528661,4339595,0.00111050,1.59000000,1
1531166528666,1531166528661,4339596,0.00110700,1.36000000,1
1531166530036,1531166530030,4339597,0.00110710,0.16000000,1
1531166531342,1531166531340,4339598,0.00110700,0.16000000,1
1531166706712,1531166706707,4339599,0.00111020,1.17000000,0
1531166713534,1531166713527,4339600,0.00111020,0.83000000,1
1531166713534,1531166713527,4339601,0.00110710,64.39000000,1
1531166713534,1531166713527,4339602,0.00110700,9.59000000,1
1531166714011,1531166714005,4339603,0.00110700,7.53000000,0
1531166714042,1531166714037,4339604,0.00110700,6.00000000,0
1531166714515,1531166714510,4339605,0.00110700,176.72000000,0
1531166851484,1531166851478,4339606,0.00111190,3.50000000,0
1531166853321,1531166853313,4339607,0.00110740,0.91000000,1
1531166901745,1531166901740,4339608,0.00110750,0.93000000,1
1531166989559,1531166989552,4339609,0.00111160,0.93000000,0
1531166989587,1531166989583,4339610,0.00111160,5.98000000,1
1531166989688,1531166989682,4339611,0.00111160,6.09000000,1
1531166994483,1531166994477,4339612,0.00111190,3.00000000,0
1531167064038,1531167064037,4339613,0.00110880,0.51000000,1
1531167065759,1531167065757,4339614,0.00110880,0.51000000,1
1531167081412,1531167081411,4339615,0.00110890,11.82000000,1
1531167312944,1531167312939,4339616,0.00110890,5.66000000,1
1531167497560,1531167497554,4339617,0.00111170,6.97000000,0
1531167497560,1531167497554,4339618,0.00111190,0.97000000,0
1531167497560,1531167497554,4339619,0.00111540,1.05000000,0
1531167500924,1531167500922,4339620,0.00110980,1.89000000,1
1531167541539,1531167541538,4339621,0.00110980,5.59000000,1
1531167554374,1531167554369,4339622,0.00110860,0.93000000,1
1531167613589,1531167613583,4339623,0.00110860,5.84000000,1
1531167623741,1531167623736,4339624,0.00110860,0.99000000,1
1531167729715,1531167729694,4339625,0.00110910,0.50000000,1
1531167863533,1531167863525,4339626,0.00111050,9.97000000,1
1531168139509,1531168139503,4339627,0.00110880,12.25000000,1
1531168258537,1531168258531,4339628,0.00110860,0.13000000,1
1531168353650,1531168353646,4339629,0.00111400,0.92000000,0
1531168423658,1531168423651,4339630,0.00111400,3.39000000,0
1531168428096,1531168428090,4339631,0.00111400,0.32000000,1
1531168428096,1531168428090,4339632,0.00110860,0.59000000,1
1531168445676,1531168445670,4339633,0.00110870,3.45000000,1
1531168483187,1531168483185,4339634,0.00110870,29.75000000,0
1531168483291,1531168483289,4339635,0.00110870,114.94000000,0
1531168618036,1531168618031,4339636,0.00110920,10.65000000,1
1531168618036,1531168618031,4339637,0.00110870,10.00000000,1
1531168618805,1531168618799,4339638,0.00110870,75.92000000,0
1531168706808,1531168706803,4339639,0.00111000,3.64000000,0
1531168713887,1531168713880,4339640,0.00110870,45.28000000,1
1531168770402,1531168770397,4339641,0.00111140,7.18000000,0
1531168770402,1531168770397,4339642,0.00111350,45.28000000,0
1531168770402,1531168770397,4339643,0.00111360,2.79000000,0
1531168858401,1531168853251,4339644,0.00110870,0.13000000,1
1531169044760,1531169044755,4339645,0.00110870,0.51000000,1
1531169383014,1531169383009,4339646,0.00111010,0.43000000,1
1531169399137,1531169399131,4339647,0.00111010,34.96000000,1
1531169438042,1531169438038,4339648,0.00111150,15.07000000,0
1531169551613,1531169551607,4339649,0.00111010,34.26000000,1
1531169551613,1531169551607,4339650,0.00110890,83.87000000,1
1531169580156,1531169580151,4339651,0.00110890,7.99000000,1
1531169582797,1531169582791,4339652,0.00110890,51.10000000,1
1531169716527,1531169716521,4339653,0.00111140,10.50000000,0
1531169719976,1531169719969,4339654,0.00110910,17.63000000,1
1531169725469,1531169725463,4339655,0.00110910,101.14000000,1
1531169783137,1531169783130,4339656,0.00110910,170.23000000,1
1531169783137,1531169783130,4339657,0.00110900,374.21000000,1
1531169783137,1531169783130,4339658,0.00110870,7.59000000,1
1531169783137,1531169783130,4339659,0.00110860,31.47000000,1
1531169783137,1531169783130,4339660,0.00110840,262.20000000,1
1531169783153,1531169783147,4339661,0.00110800,37.92000000,0
1531169783171,1531169783165,4339662,0.00110800,183.00000000,0
1531169783916,1531169783910,4339663,0.00110750,27.15000000,1
1531169784373,1531169784367,4339664,0.00110790,8.83000000,0
1531169784373,1531169784367,4339665,0.00110800,28.17000000,0
1531169784752,1531169784749,4339666,0.00110800,7.00000000,0
1531169785016,1531169785009,4339667,0.00110800,7.00000000,0
1531169785102,1531169785099,4339668,0.00110660,10.00000000,1
1531169785546,1531169785540,4339669,0.00110520,0.15000000,1
1531169785724,1531169785718,4339670,0.00110750,18.02000000,0
1531169789986,1531169789980,4339671,0.00110540,0.16000000,1
1531169793930,1531169793924,4339672,0.00110750,0.02000000,0
1531169794873,1531169794866,4339673,0.00111050,0.90000000,0
1531169798157,1531169798151,4339674,0.00110750,4.77000000,1
1531169809973,1531169809965,4339675,0.00110750,11.21000000,1
1531169809973,1531169809965,4339676,0.00110500,0.91000000,1
1531169809973,1531169809965,4339677,0.00110490,2.27000000,1
1531169809973,1531169809965,4339678,0.00110310,64.91000000,1
1531169809973,1531169809965,4339679,0.00110300,304.79000000,1
1531169809973,1531169809965,4339680,0.00110180,11.97000000,1
1531169809973,1531169809965,4339681,0.00110150,27.47000000,1
1531169809973,1531169809965,4339682,0.00110100,4.40000000,1
1531169809973,1531169809965,4339683,0.00110070,40.47000000,1
1531169809973,1531169809965,4339684,0.00110010,92.35000000,1
1531169809973,1531169809965,4339685,0.00110000,87.95000000,1
1531169809973,1531169809965,4339686,0.00109970,50.01000000,1
1531169809973,1531169809965,4339687,0.00109800,5.42000000,1
1531169809973,1531169809965,4339688,0.00109780,10.84000000,1
1531169809973,1531169809965,4339689,0.00109700,1.00000000,1
1531169809973,1531169809965,4339690,0.00109550,49.70000000,1
1531169809973,1531169809965,4339691,0.00109520,94.76000000,1
1531169809973,1531169809965,4339692,0.00109490,3.66000000,1
1531169809973,1531169809965,4339693,0.00109480,1.85000000,1
1531169809973,1531169809965,4339694,0.00109380,29.55000000,1
1531169809973,1531169809965,4339695,0.00109340,228.01000000,1
1531169809973,1531169809965,4339696,0.00109300,30.00000000,1
1531169809973,1531169809965,4339697,0.00109220,414.89000000,1
1531169809973,1531169809965,4339698,0.00109220,343.87000000,1
1531169809973,1531169809965,4339699,0.00109200,130.00000000,1
1531169809973,1531169809965,4339700,0.00109040,25.00000000,1
1531169809973,1531169809965,4339701,0.00108960,1.13000000,1
1531169809974,1531169809965,4339702,0.00108960,49.29000000,1
1531169809974,1531169809965,4339703,0.00108910,188.71000000,1
1531169809989,1531169809984,4339704,0.00110360,33.65000000,0
1531169810001,1531169809997,4339705,0.00110360,8.34000000,0
1531169810002,1531169809997,4339706,0.00110360,8.34000000,0
1531169810027,1531169810020,4339707,0.00110360,1.09000000,0
1531169810035,1531169810031,4339708,0.00110100,3.96000000,0
1531169810035,1531169810031,4339709,0.00110360,4.37000000,0
1531169810038,1531169810033,4339710,0.00110360,0.93000000,0
1531169810085,1531169810081,4339711,0.00110360,8.00000000,0
1531169810384,1531169810379,4339712,0.00110110,27.47000000,0
1531169810896,1531169810891,4339713,0.00109930,30.35000000,0
1531169811045,1531169811040,4339714,0.00109930,1.98000000,0
1531169811199,1531169811195,4339715,0.00109930,17.28000000,0
1531169811469,1531169811463,4339716,0.00109930,0.09000000,0
1531169811469,1531169811463,4339717,0.00110110,2.65000000,0
1531169812934,1531169812929,4339718,0.00110090,9.00000000,0
1531169813929,1531169813924,4339719,0.00109890,1.09000000,1
1531169814467,1531169814460,4339720,0.00110090,0.99000000,0
1531169814545,1531169814538,4339721,0.00109610,0.16000000,1
1531169815922,1531169815920,4339722,0.00109610,45.09000000,1
1531169817506,1531169817499,4339723,0.00109780,22.42000000,0
1531169818749,1531169818745,4339724,0.00109770,17.37000000,0
1531169818923,1531169818918,4339725,0.00109610,27.47000000,1
1531169819481,1531169819478,4339726,0.00109260,0.15000000,1
1531169820490,1531169820486,4339727,0.00109770,17.29000000,0
1531169821466,1531169821459,4339728,0.00109770,14.56000000,0
1531169823342,1531169823336,4339729,0.00109780,0.91000000,0
1531169826296,1531169826290,4339730,0.00109270,0.16000000,1
1531169829178,1531169829173,4339731,0.00109270,0.16000000,1
1531169831945,1531169831938,4339732,0.00109480,46.06000000,1
1531169835205,1531169835201,4339733,0.00109370,0.16000000,1
1531169836168,1531169836165,4339734,0.00109450,10.73000000,0
1531169836888,1531169836882,4339735,0.00109400,8.63000000,0
1531169836888,1531169836882,4339736,0.00109450,0.63000000,0
1531169839421,1531169839415,4339737,0.00109450,5.00000000,0
1531169839922,1531169839915,4339738,0.00109370,0.16000000,1
1531169843403,1531169843398,4339739,0.00109450,5.00000000,0
1531169843940,1531169843934,4339740,0.00109370,0.16000000,1
1531169849917,1531169849911,4339741,0.00109370,0.16000000,1
1531169852033,1531169852027,4339742,0.00109370,0.93000000,1
1531169854074,1531169854069,4339743,0.00109370,0.19000000,1
1531169856118,1531169856112,4339744,0.00109370,1.10000000,1
1531169856258,1531169856253,4339745,0.00109120,10.34000000,0
1531169858664,1531169858658,4339746,0.00109120,17.12000000,0
1531169859446,1531169859442,4339747,0.00109050,4.05000000,1
1531169859449,1531169859443,4339748,0.00109050,29.13000000,1
1531169859449,1531169859443,4339749,0.00109040,8.28000000,1
1531169859449,1531169859443,4339750,0.00108930,3.06000000,1
1531169859727,1531169859722,4339751,0.00108930,0.19000000,1
1531169862163,1531169862157,4339752,0.00108930,0.16000000,1
1531169863078,1531169863072,4339753,0.00109110,16.08000000,0
1531169866849,1531169866843,4339754,0.00108960,0.16000000,1
1531169871512,1531169871507,4339755,0.00109080,1.19000000,0
1531169871756,1531169871750,4339756,0.00108960,1.86000000,1
1531169872597,1531169872591,4339757,0.00108960,0.93000000,1
1531169872860,1531169872853,4339758,0.00108960,0.16000000,1
1531169873460,1531169873455,4339759,0.00108960,30.29000000,1
1531169875439,1531169875433,4339760,0.00108950,5.47000000,0
1531169875997,1531169875990,4339761,0.00108940,1.06000000,0
1531169877395,1531169877388,4339762,0.00108930,0.16000000,1
1531169879189,1531169879183,4339763,0.00108950,36.00000000,0
1531169881356,1531169881351,4339764,0.00108950,0.16000000,1
1531169884920,1531169884916,4339765,0.00108960,9.18000000,0
1531169886434,1531169886429,4339766,0.00108950,0.16000000,1
1531169887921,1531169887915,4339767,0.00108960,34.24000000,0
1531169888533,1531169888527,4339768,0.00108950,56.25000000,1
1531169892413,1531169892408,4339769,0.00108940,30.23000000,0
1531169892426,1531169892420,4339770,0.00108940,30.23000000,0
1531169892506,1531169892500,4339771,0.00108940,642.04000000,0
1531169892942,1531169892936,4339772,0.00108930,0.15000000,1
1531169893501,1531169893495,4339773,0.00108950,2.13000000,0
1531169893585,1531169893580,4339774,0.00108950,9.52000000,0
1531169894922,1531169894918,4339775,0.00109020,85.34000000,0
1531169895518,1531169895511,4339776,0.00108940,0.16000000,1
1531169896926,1531169896920,4339777,0.00109410,9.14000000,0
1531169897018,1531169897014,4339778,0.00109410,25.61000000,0
1531169900396,1531169900392,4339779,0.00109530,1.10000000,0
1531169901765,1531169901761,4339780,0.00108980,0.19000000,1
1531169903146,1531169903140,4339781,0.00109530,1.76000000,0
1531169903368,1531169903363,4339782,0.00108980,0.19000000,1
1531169912422,1531169912417,4339783,0.00109030,0.16000000,1
1531169917753,1531169917746,4339784,0.00109060,0.19000000,1
1531169918456,1531169918449,4339785,0.00109520,0.91000000,0
1531169919506,1531169919501,4339786,0.00109070,0.19000000,1
1531169919993,1531169919989,4339787,0.00109520,36.89000000,0
1531169920994,1531169920989,4339788,0.00109530,23.63000000,0
1531169922739,1531169922734,4339789,0.00109120,0.13000000,1
1531169923441,1531169923434,4339790,0.00109520,7.34000000,1
1531169924217,1531169924213,4339791,0.00109520,7.34000000,1
1531169925382,1531169925378,4339792,0.00109520,28.58000000,1
1531169925883,1531169925879,4339793,0.00109530,6.48000000,1
1531169925883,1531169925879,4339794,0.00109520,21.70000000,1
1531169934926,1531169934920,4339795,0.00109580,3.72000000,0
1531169935474,1531169935469,4339796,0.00109520,0.13000000,1
1531169947515,1531169947509,4339797,0.00109880,0.91000000,0
1531169948660,1531169948654,4339798,0.00109520,19.91000000,1
1531169948660,1531169948654,4339799,0.00109300,12.73000000,1
1531169948660,1531169948654,4339800,0.00109110,3.09000000,1
1531169952953,1531169952948,4339801,0.00109180,1.87000000,1
1531169952974,1531169952968,4339802,0.00109180,2.00000000,0
1531169952988,1531169952984,4339803,0.00109180,1.99000000,0
1531169953007,1531169953002,4339804,0.00109180,2.00000000,0
1531169953024,1531169953019,4339805,0.00109180,0.56000000,0
1531169958880,1531169958874,4339806,0.00109190,0.13000000,1
1531169962423,1531169962417,4339807,0.00109200,0.17000000,1
1531169987167,1531169987162,4339808,0.00109630,1.89000000,0
1531169994942,1531169994936,4339809,0.00109600,1.65000000,0
1531169998567,1531169998562,4339810,0.00109560,1.77000000,0
1531170005018,1531170005014,4339811,0.00109550,0.99000000,0
1531170007564,1531170007558,4339812,0.00109540,0.99000000,0
1531170008235,1531170008230,4339813,0.00109210,2.46000000,1
1531170008235,1531170008230,4339814,0.00109200,0.10000000,1
1531170024946,1531170024941,4339815,0.00109450,1.47000000,0
1531170032924,1531170032920,4339816,0.00109410,1.79000000,0
1531170039486,1531170039480,4339817,0.00109200,0.90000000,1
1531170039486,1531170039480,4339818,0.00109090,9.10000000,1
1531170046247,1531170046241,4339819,0.00109420,0.04000000,0
1531170079000,1531170078994,4339820,0.00109100,52.98000000,1
1531170079000,1531170078994,4339821,0.00109090,31.99000000,1
1531170079000,1531170078994,4339822,0.00109080,11.04000000,1
1531170079000,1531170078994,4339823,0.00109010,1.55000000,1
1531170079000,1531170078994,4339824,0.00109000,206.93000000,1
1531170171432,1531170171426,4339825,0.00109390,0.92000000,0
1531170171432,1531170171426,4339826,0.00109400,0.96000000,0
1531170172889,1531170172882,4339827,0.00109400,8.50000000,1
1531170180929,1531170180924,4339828,0.00109530,62.56000000,0
1531170180929,1531170180924,4339829,0.00109540,12.81000000,0
1531170236848,1531170236841,4339830,0.00109590,33.40000000,0
1531170236848,1531170236841,4339831,0.00109600,1.44000000,0
1531170236848,1531170236841,4339832,0.00109670,11.03000000,0
1531170236848,1531170236841,4339833,0.00109680,46.52000000,0
1531170236848,1531170236841,4339834,0.00109690,15.94000000,0
1531170236848,1531170236841,4339835,0.00109700,17.24000000,0
1531170236848,1531170236841,4339836,0.00109710,5.47000000,0
1531170236848,1531170236841,4339837,0.00109880,147.00000000,0
1531170236848,1531170236841,4339838,0.00109900,187.00000000,0
1531170268796,1531170268790,4339839,0.00109240,0.51000000,1
1531170270172,1531170270170,4339840,0.00109240,0.51000000,1
1531170275004,1531170274998,4339841,0.00109870,21.08000000,0
1531170275004,1531170274998,4339842,0.00109910,8.28000000,0
1531170279685,1531170279680,4339843,0.00109870,31.99000000,0
1531170293962,1531170293956,4339844,0.00110050,10.39000000,0
1531170295976,1531170295970,4339845,0.00109870,8.85000000,1
1531170301960,1531170301953,4339846,0.00110130,3.37000000,0
1531170302955,1531170302951,4339847,0.00110140,5.42000000,0
1531170304949,1531170304945,4339848,0.00110200,1.98000000,0
1531170310959,1531170310955,4339849,0.00110240,46.06000000,0
1531170312112,1531170312106,4339850,0.00110270,12.66000000,0
1531170313961,1531170313955,4339851,0.00110280,12.47000000,0
1531170314954,1531170314948,4339852,0.00110290,36.89000000,0
1531170322807,1531170322803,4339853,0.00110060,0.43000000,1
1531170324159,1531170324153,4339854,0.00110050,0.43000000,1
1531170401702,1531170401697,4339855,0.00110100,5.50000000,1
1531170456281,1531170456275,4339856,0.00110100,0.91000000,1
1531170525979,1531170525974,4339857,0.00110100,0.01000000,1
1531170538215,1531170538210,4339858,0.00110420,0.92000000,0
1531170575631,1531170575625,4339859,0.00110420,4.58000000,0
1531170575658,1531170575654,4339860,0.00110420,1.09000000,1
1531170575671,1531170575668,4339861,0.00110420,6.89000000,1
1531170575710,1531170575703,4339862,0.00110420,3.29000000,1
1531170576652,1531170576645,4339863,0.00110110,6.36000000,1
1531170576652,1531170576645,4339864,0.00110100,12.17000000,1
1531170576652,1531170576645,4339865,0.00109510,1.36000000,1
1531170576652,1531170576645,4339866,0.00109330,18.13000000,1
1531170622698,1531170622693,4339867,0.00109880,18.64000000,0
1531170622698,1531170622693,4339868,0.00109930,1.36000000,0
1531170704414,1531170704409,4339869,0.00109930,4.40000000,1
1531170717624,1531170717619,4339870,0.00109960,1.09000000,1
1531170725596,1531170725591,4339871,0.00109960,24.21000000,1
1531170744278,1531170744274,4339872,0.00110290,6.36000000,0
1531170744278,1531170744274,4339873,0.00110300,2.32000000,0
1531170811718,1531170811716,4339874,0.00109970,0.51000000,1
1531170812937,1531170812929,4339875,0.00109420,0.51000000,1
1531170815870,1531170815864,4339876,0.00109480,0.16000000,1
1531170984802,1531170984797,4339877,0.00109620,1.00000000,1
1531171067495,1531171067490,4339878,0.00109630,5.51000000,1
1531171183604,1531171183600,4339879,0.00110090,4.51000000,0
1531171239469,1531171239462,4339880,0.00110090,2.00000000,0
1531171239469,1531171239462,4339881,0.00110100,9.80000000,0
1531171239469,1531171239462,4339882,0.00110150,7.24000000,0
1531171239469,1531171239462,4339883,0.00110320,9.08000000,0
1531171239469,1531171239462,4339884,0.00110430,12.66000000,0
1531171239469,1531171239462,4339885,0.00110470,0.96000000,0
1531171239469,1531171239462,4339886,0.00110480,45.25000000,0
1531171239469,1531171239462,4339887,0.00110590,12.66000000,0
1531171239469,1531171239462,4339888,0.00110650,3.18000000,0
1531171239469,1531171239462,4339889,0.00110750,12.30000000,0
1531171245316,1531171245312,4339890,0.00110030,2.13000000,1
1531171248240,1531171248237,4339891,0.00110560,0.92000000,0
1531171281051,1531171281048,4339892,0.00110020,2.39000000,1
1531171290881,1531171290874,4339893,0.00110500,1.21000000,0
1531171290881,1531171290874,4339894,0.00110510,1.69000000,0
1531171290881,1531171290874,4339895,0.00110570,7.22000000,0
1531171290881,1531171290874,4339896,0.00110760,12.66000000,0
1531171290881,1531171290874,4339897,0.00110770,3.56000000,0
1531171290881,1531171290874,4339898,0.00110890,0.92000000,0
1531171290881,1531171290874,4339899,0.00110900,9.00000000,0
1531171290881,1531171290874,4339900,0.00110920,12.66000000,0
1531171290881,1531171290874,4339901,0.00110970,2.74000000,0
1531171290881,1531171290874,4339902,0.00110980,6.90000000,0
1531171290881,1531171290874,4339903,0.00110990,10.84000000,0
1531171290881,1531171290874,4339904,0.00111050,110.60000000,0
1531171295414,1531171295410,4339905,0.00110310,7.23000000,1
1531171307022,1531171307017,4339906,0.00110310,0.01000000,0
1531171307022,1531171307017,4339907,0.00110540,7.22000000,0
1531171307022,1531171307017,4339908,0.00111050,2.77000000,0
1531171309450,1531171309448,4339909,0.00110320,7.49000000,1
1531171451350,1531171451347,4339910,0.00110450,0.51000000,1
1531171504359,1531171504356,4339911,0.00110480,14.20000000,1
1531171515405,1531171515402,4339912,0.00110480,0.91000000,1
1531171517682,1531171517677,4339913,0.00110650,0.92000000,0
1531171532579,1531171532575,4339914,0.00110880,9.01000000,0
1531171560257,1531171560251,4339915,0.00110910,3.00000000,0
1531171574417,1531171574412,4339916,0.00110490,5.45000000,1
1531171591240,1531171591236,4339917,0.00110490,0.92000000,0
1531171592051,1531171592047,4339918,0.00110490,51.95000000,0
1531171737769,1531171737764,4339919,0.00110500,18.96000000,1
1531171763248,1531171763245,4339920,0.00110510,0.43000000,1
1531171803403,1531171803397,4339921,0.00110510,1.09000000,1
1531171928993,1531171928988,4339922,0.00110810,2.17000000,0
1531171959090,1531171959084,4339923,0.00110810,3.28000000,0
1531171959090,1531171959084,4339924,0.00110820,0.92000000,0
1531171959090,1531171959084,4339925,0.00110930,7.19000000,0
1531171959090,1531171959084,4339926,0.00111090,12.66000000,0
1531171959090,1531171959084,4339927,0.00111140,0.90000000,0
1531171959090,1531171959084,4339928,0.00111200,2.00000000,0
1531171959090,1531171959084,4339929,0.00111250,12.66000000,0
1531171959090,1531171959084,4339930,0.00111420,12.66000000,0
1531171959090,1531171959084,4339931,0.00111440,3.75000000,0
1531171959090,1531171959084,4339932,0.00111580,12.66000000,0
1531171959090,1531171959084,4339933,0.00111610,0.83000000,0
1531171959090,1531171959084,4339934,0.00111670,27.47000000,0
1531171959107,1531171959102,4339935,0.00111550,13.52000000,1
1531171962688,1531171962684,4339936,0.00110770,1.78000000,1
1531171962815,1531171962811,4339937,0.00110770,11.22000000,0
1531171963754,1531171963749,4339938,0.00111150,1.78000000,0
1531171963754,1531171963749,4339939,0.00111640,9.02000000,0
1531171963754,1531171963749,4339940,0.00111650,3.38000000,0
1531171963754,1531171963749,4339941,0.00111660,5.99000000,0
1531171963754,1531171963749,4339942,0.00111670,3.54000000,0
1531171963917,1531171963914,4339943,0.00110760,4.00000000,1
1531171973451,1531171973446,4339944,0.00110760,14.73000000,1
1531171975580,1531171975577,4339945,0.00111240,0.91000000,0
1531171990826,1531171990821,4339946,0.00111160,11.22000000,0
1531171990826,1531171990821,4339947,0.00111170,5.45000000,0
1531171990826,1531171990821,4339948,0.00111180,7.29000000,0
1531171990840,1531171990835,4339949,0.00111240,19.98000000,1
1531171990845,1531171990841,4339950,0.00111240,8.61000000,1
1531171990861,1531171990857,4339951,0.00111240,6.64000000,1
1531171992377,1531171992371,4339952,0.00111240,8.34000000,1
1531171993082,1531171993078,4339953,0.00111240,2.31000000,1
1531171995236,1531171995231,4339954,0.00111240,0.01000000,1
1531171995236,1531171995231,4339955,0.00110790,0.49000000,1
1531172000321,1531172000317,4339956,0.00110820,5.47000000,1
1531172000321,1531172000317,4339957,0.00110760,3.71000000,1
1531172016275,1531172016271,4339958,0.00110780,3.70000000,1
1531172016275,1531172016271,4339959,0.00110760,5.44000000,1
1531172026395,1531172026389,4339960,0.00111210,0.01000000,0
1531172031954,1531172031951,4339961,0.00110760,0.51000000,1
1531172096668,1531172096664,4339962,0.00111090,1.66000000,0
1531172100508,1531172100503,4339963,0.00111090,2.03000000,0
1531172100508,1531172100503,4339964,0.00111260,5.47000000,0
1531172100508,1531172100503,4339965,0.00111270,4.17000000,0
1531172100508,1531172100503,4339966,0.00111310,4.00000000,0
1531172100508,1531172100503,4339967,0.00111320,3.56000000,0
1531172101257,1531172101252,4339968,0.00110760,5.49000000,1
1531172102099,1531172102096,4339969,0.00111260,8.98000000,1
1531172104292,1531172104289,4339970,0.00110650,13.35000000,1
1531172160492,1531172160488,4339971,0.00110770,5.88000000,1
1531172160520,1531172160517,4339972,0.00110650,6.26000000,0
1531172160534,1531172160530,4339973,0.00110650,6.26000000,0
1531172160540,1531172160537,4339974,0.00110650,6.64000000,0
1531172160550,1531172160547,4339975,0.00110650,1.50000000,0
1531172217647,1531172217644,4339976,0.00111260,0.91000000,0
1531172250297,1531172250293,4339977,0.00111180,4.97000000,0
1531172250297,1531172250293,4339978,0.00111190,3.38000000,0
1531172250308,1531172250303,4339979,0.00111190,1.89000000,0
1531172250308,1531172250303,4339980,0.00111220,9.25000000,0
1531172250309,1531172250303,4339981,0.00111320,3.61000000,0
1531172250309,1531172250303,4339982,0.00111550,4.01000000,0
1531172250309,1531172250303,4339983,0.00111580,0.91000000,0
1531172250309,1531172250303,4339984,0.00111640,42.65000000,0
1531172250309,1531172250303,4339985,0.00111660,36.47000000,0
1531172250309,1531172250303,4339986,0.00111750,41.59000000,0
1531172250440,1531172250435,4339987,0.00111750,9.30000000,0
1531172250461,1531172250452,4339988,0.00111750,84.72000000,0
1531172250461,1531172250452,4339989,0.00111780,0.94000000,0
1531172250461,1531172250452,4339990,0.00112000,8.68000000,0
1531172250461,1531172250452,4339991,0.00112020,5.03000000,0
1531172250461,1531172250452,4339992,0.00112040,0.91000000,0
1531172250461,1531172250452,4339993,0.00112080,141.15000000,0
1531172250461,1531172250452,4339994,0.00112160,3.94000000,0
1531172250461,1531172250452,4339995,0.00112230,0.90000000,0
1531172250461,1531172250452,4339996,0.00112350,10.22000000,0
1531172250461,1531172250452,4339997,0.00112380,8.93000000,0
1531172250461,1531172250452,4339998,0.00112560,34.61000000,0
1531172250461,1531172250452,4339999,0.00112670,10.22000000,0
1531172250461,1531172250452,4340000,0.00112790,10.55000000,0
1531172250461,1531172250452,4340001,0.00112840,90.14000000,0
1531172250461,1531172250452,4340002,0.00112940,0.89000000,0
1531172250461,1531172250452,4340003,0.00112990,10.22000000,0
1531172250461,1531172250452,4340004,0.00113170,4.16000000,0
1531172250461,1531172250452,4340005,0.00113210,60.15000000,0
1531172250461,1531172250452,4340006,0.00113280,186.85000000,0
1531172250461,1531172250452,4340007,0.00113310,10.22000000,0
1531172250461,1531172250452,4340008,0.00113480,28.92000000,0
1531172250462,1531172250454,4340009,0.00113480,13.53000000,0
1531172250536,1531172250531,4340010,0.00113480,0.63000000,0
1531172250536,1531172250531,4340011,0.00113630,5.19000000,0
1531172250567,1531172250564,4340012,0.00111590,6.26000000,1
1531172250613,1531172250610,4340013,0.00112040,4.45000000,1
1531172250620,1531172250615,4340014,0.00113630,5.03000000,0
1531172250620,1531172250615,4340015,0.00113700,31.84000000,0
1531172250620,1531172250615,4340016,0.00113740,5.84000000,0
1531172250620,1531172250615,4340017,0.00113920,1.87000000,0
1531172250622,1531172250621,4340018,0.00112030,6.89000000,1
1531172250633,1531172250630,4340019,0.00112030,6.47000000,1
1531172250641,1531172250637,4340020,0.00113920,2.13000000,0
1531172250641,1531172250637,4340021,0.00113950,11.25000000,0
1531172250668,1531172250664,4340022,0.00111590,6.89000000,1
1531172250701,1531172250697,4340023,0.00113610,6.71000000,0
1531172250806,1531172250802,4340024,0.00112150,5.26000000,1
1531172250820,1531172250817,4340025,0.00113160,3.00000000,0
1531172250953,1531172250949,4340026,0.00112150,5.30000000,1
1531172250953,1531172250949,4340027,0.00112040,5.39000000,1
1531172250966,1531172250963,4340028,0.00112700,0.89000000,0
1531172251122,1531172251117,4340029,0.00112040,5.30000000,1
1531172251160,1531172251157,4340030,0.00112700,1.76000000,0
1531172251184,1531172251180,4340031,0.00111820,0.03000000,1
1531172251453,1531172251449,4340032,0.00112700,1.75000000,0
1531172251628,1531172251623,4340033,0.00112700,7.40000000,0
1531172253206,1531172253202,4340034,0.00112090,7.12000000,1
1531172253247,1531172253244,4340035,0.00112650,1.76000000,0
1531172253567,1531172253564,4340036,0.00112150,8.59000000,1
1531172253671,1531172253667,4340037,0.00112150,0.32000000,1
1531172253671,1531172253667,4340038,0.00111850,5.84000000,1
1531172253671,1531172253667,4340039,0.00111840,9.81000000,1
1531172253931,1531172253926,4340040,0.00111850,7.23000000,1
1531172255066,1531172255061,4340041,0.00112000,5.21000000,1
1531172260176,1531172260171,4340042,0.00112600,4.44000000,0
1531172261130,1531172261127,4340043,0.00112110,3.94000000,0
1531172265652,1531172265648,4340044,0.00111930,0.98000000,1
1531172273125,1531172273122,4340045,0.00112000,1.76000000,0
1531172275264,1531172275261,4340046,0.00111950,0.50000000,1
1531172276710,1531172276705,4340047,0.00112090,7.23000000,0
1531172276710,1531172276705,4340048,0.00112110,1.28000000,0
1531172276710,1531172276705,4340049,0.00112310,7.10000000,0
1531172276710,1531172276705,4340050,0.00112530,0.55000000,0
1531172277337,1531172277334,4340051,0.00112550,1.80000000,1
1531172277337,1531172277334,4340052,0.00111950,1.98000000,1
1531172277337,1531172277334,4340053,0.00111940,9.27000000,1
1531172277566,1531172277561,4340054,0.00112080,0.90000000,0
1531172279128,1531172279122,4340055,0.00112070,0.98000000,0
1531172279804,1531172279800,4340056,0.00112550,0.90000000,1
1531172279804,1531172279800,4340057,0.00111950,0.03000000,1
1531172296584,1531172296579,4340058,0.00112430,2.70000000,0
1531172326243,1531172326239,4340059,0.00112430,0.01000000,0
1531172344536,1531172344535,4340060,0.00112050,2.33000000,1
1531172346594,1531172346591,4340061,0.00112050,1.64000000,1
1531172349307,1531172349304,4340062,0.00112050,12.69000000,1
1531172349308,1531172349304,4340063,0.00112040,12.69000000,1
1531172349342,1531172349339,4340064,0.00112040,6.16000000,1
1531172349348,1531172349344,4340065,0.00112040,6.16000000,1
1531172349607,1531172349603,4340066,0.00112040,2.48000000,1
1531172354166,1531172354162,4340067,0.00112050,19.24000000,1
1531172356112,1531172356108,4340068,0.00112050,1.82000000,1
1531172366170,1531172366165,4340069,0.00112190,5.25000000,0
1531172375342,1531172375338,4340070,0.00112190,1.90000000,0
1531172375342,1531172375338,4340071,0.00112200,3.34000000,0
1531172379524,1531172379520,4340072,0.00112100,9.11000000,1
1531172380898,1531172380894,4340073,0.00112100,0.50000000,1
1531172386272,1531172386267,4340074,0.00112150,0.01000000,0
1531172387709,1531172387706,4340075,0.00112060,3.00000000,1
1531172413409,1531172413404,4340076,0.00112070,7.59000000,1
1531172435886,1531172435882,4340077,0.00112090,5.89000000,1
1531172446285,1531172446282,4340078,0.00112100,25.31000000,1
1531172455433,1531172455430,4340079,0.00112160,4.36000000,1
1531172456785,1531172456779,4340080,0.00112160,162.65000000,1
1531172456785,1531172456779,4340081,0.00112090,41.78000000,1
1531172456785,1531172456779,4340082,0.00112080,10.14000000,1
1531172456785,1531172456779,4340083,0.00112050,1.67000000,1
1531172456962,1531172456958,4340084,0.00112050,227.47000000,1
1531172456962,1531172456958,4340085,0.00112040,19.23000000,1
1531172457663,1531172457656,4340086,0.00112040,11.08000000,1
1531172457663,1531172457656,4340087,0.00111990,7.14000000,1
1531172457663,1531172457656,4340088,0.00111960,8.42000000,1
1531172457663,1531172457656,4340089,0.00111940,4.45000000,1
1531172457663,1531172457656,4340090,0.00111820,2.09000000,1
1531172457663,1531172457656,4340091,0.00111650,4.96000000,1
1531172457663,1531172457656,4340092,0.00111440,36.00000000,1
1531172457663,1531172457656,4340093,0.00111430,2.70000000,1
1531172457663,1531172457656,4340094,0.00111410,4.03000000,1
1531172457663,1531172457656,4340095,0.00111350,11.52000000,1
1531172457663,1531172457656,4340096,0.00111320,88.70000000,1
1531172458094,1531172458086,4340097,0.00111420,3.37000000,1
1531172458094,1531172458086,4340098,0.00111320,65.62000000,1
1531172458094,1531172458086,4340099,0.00111310,8.71000000,1
1531172458094,1531172458086,4340100,0.00111260,7.61000000,1
1531172458094,1531172458086,4340101,0.00111240,13.01000000,1
1531172458094,1531172458086,4340102,0.00111230,19.63000000,1
1531172458094,1531172458086,4340103,0.00111200,0.97000000,1
1531172458094,1531172458086,4340104,0.00111190,16.05000000,1
1531172458094,1531172458086,4340105,0.00111180,10.24000000,1
1531172458094,1531172458086,4340106,0.00111160,3.68000000,1
1531172458094,1531172458086,4340107,0.00111150,5.35000000,1
1531172458094,1531172458086,4340108,0.00111110,5.31000000,1
1531172458094,1531172458086,4340109,0.00111100,5.31000000,1
1531172458094,1531172458086,4340110,0.00111090,6.68000000,1
1531172458094,1531172458086,4340111,0.00111080,2.75000000,1
1531172460393,1531172460388,4340112,0.00111480,7.20000000,1
1531172464842,1531172464837,4340113,0.00111070,1.10000000,1
1531172470050,1531172470045,4340114,0.00111130,1.76000000,0
1531172485790,1531172485783,4340115,0.00111080,10.41000000,1
1531172485790,1531172485783,4340116,0.00111070,11.84000000,1
1531172485790,1531172485783,4340117,0.00111020,1.35000000,1
1531172485790,1531172485783,4340118,0.00111000,90.09000000,1
1531172485790,1531172485783,4340119,0.00110960,6.27000000,1
1531172485790,1531172485783,4340120,0.00110780,5.37000000,1
1531172485790,1531172485783,4340121,0.00110760,9.02000000,1
1531172485790,1531172485783,4340122,0.00110740,5.37000000,1
1531172485790,1531172485783,4340123,0.00110660,5.37000000,1
1531172485790,1531172485783,4340124,0.00110640,2.79000000,1
1531172485790,1531172485783,4340125,0.00110620,7.23000000,1
1531172485790,1531172485783,4340126,0.00110510,33.37000000,1
1531172485790,1531172485783,4340127,0.00110470,10.76000000,1
1531172485790,1531172485783,4340128,0.00110400,11.80000000,1
1531172487197,1531172487193,4340129,0.00111080,2.79000000,0
1531172487197,1531172487193,4340130,0.00111280,6.21000000,0
1531172488290,1531172488286,4340131,0.00111280,0.04000000,0
1531172496050,1531172496045,4340132,0.00110570,4.06000000,1
1531172499086,1531172499081,4340133,0.00110850,0.91000000,1
1531172503117,1531172503114,4340134,0.00110730,9.50000000,0
1531172503250,1531172503246,4340135,0.00110740,2.12000000,0
1531172503367,1531172503364,4340136,0.00110740,5.89000000,1
1531172551876,1531172551871,4340137,0.00110840,1.45000000,1
1531172659161,1531172659156,4340138,0.00110840,5.38000000,1
1531172667842,1531172667838,4340139,0.00110840,21.06000000,1
1531172678061,1531172678058,4340140,0.00110840,5.38000000,1
1531172678312,1531172678309,4340141,0.00110840,5.38000000,1
1531172678656,1531172678652,4340142,0.00110840,2.40000000,1
1531172695092,1531172695088,4340143,0.00110730,2.98000000,0
1531172695092,1531172695088,4340144,0.00110880,2.39000000,0
1531172776452,1531172776448,4340145,0.00110880,2.98000000,0
1531172776489,1531172776486,4340146,0.00110880,14.70000000,1
1531172776491,1531172776491,4340147,0.00110880,14.70000000,1
1531172776508,1531172776504,4340148,0.00110880,0.69000000,1
1531172835363,1531172835341,4340149,0.00110580,7.41000000,1
1531172835363,1531172835341,4340150,0.00110570,72.88000000,1
1531172835363,1531172835341,4340151,0.00110380,19.73000000,1
1531172835363,1531172835341,4340152,0.00110300,2.73000000,1
1531172835363,1531172835341,4340153,0.00110270,20.82000000,1
1531172835363,1531172835341,4340154,0.00110190,3.75000000,1
1531172835363,1531172835341,4340155,0.00110150,9.68000000,1
1531172835363,1531172835341,4340156,0.00110140,2.83000000,1
1531172835363,1531172835341,4340157,0.00110040,5.36000000,1
1531172835363,1531172835341,4340158,0.00110010,122.82000000,1
1531172835363,1531172835341,4340159,0.00110000,224.00000000,1
1531172835363,1531172835341,4340160,0.00109880,1.83000000,1
1531172835363,1531172835341,4340161,0.00109830,20.59000000,1
1531172835363,1531172835341,4340162,0.00109810,3.64000000,1
1531172835363,1531172835341,4340163,0.00109790,50.09000000,1
1531172835363,1531172835341,4340164,0.00109780,6.54000000,1
1531172835363,1531172835341,4340165,0.00109770,34.35000000,1
1531172835363,1531172835341,4340166,0.00109760,5.43000000,1
1531172835363,1531172835341,4340167,0.00109750,10.91000000,1
1531172835363,1531172835341,4340168,0.00109740,5.37000000,1
1531172835363,1531172835341,4340169,0.00109700,67.51000000,1
1531172835363,1531172835341,4340170,0.00109690,32.63000000,1
1531172835363,1531172835341,4340171,0.00109680,9.20000000,1
1531172835363,1531172835341,4340172,0.00109670,5.00000000,1
1531172835363,1531172835341,4340173,0.00109660,6.37000000,1
1531172835363,1531172835341,4340174,0.00109650,20.22000000,1
1531172835363,1531172835341,4340175,0.00109620,52.00000000,1
1531172835363,1531172835341,4340176,0.00109610,2.91000000,1
1531172835363,1531172835341,4340177,0.00109600,20.00000000,1
1531172835363,1531172835341,4340178,0.00109580,22.17000000,1
1531172835363,1531172835341,4340179,0.00109570,5.43000000,1
1531172835363,1531172835341,4340180,0.00109560,5.42000000,1
1531172835363,1531172835341,4340181,0.00109520,7.92000000,1
1531172835363,1531172835341,4340182,0.00109510,19.57000000,1
1531172835363,1531172835341,4340183,0.00109500,4.28000000,1
1531172835363,1531172835341,4340184,0.00109480,3.00000000,1
1531172835363,1531172835341,4340185,0.00109470,5.39000000,1
1531172835363,1531172835341,4340186,0.00109460,10.03000000,1
1531172835363,1531172835341,4340187,0.00109450,9.71000000,1
1531172835363,1531172835341,4340188,0.00109440,8.11000000,1
1531172835363,1531172835341,4340189,0.00109430,37.26000000,1
1531172835378,1531172835374,4340190,0.00110000,9.25000000,0
1531172836132,1531172836129,4340191,0.00110040,4.28000000,0
1531172837037,1531172837035,4340192,0.00109610,0.01000000,1
1531172837678,1531172837674,4340193,0.00109650,5.36000000,0
1531172838716,1531172838712,4340194,0.00109760,1.08000000,0
1531172838740,1531172838736,4340195,0.00109760,4.22000000,0
1531172838892,1531172838888,4340196,0.00109610,0.16000000,1
1531172840877,1531172840875,4340197,0.00109560,1.82000000,1
1531172840914,1531172840911,4340198,0.00109400,1.56000000,1
1531172842581,1531172842577,4340199,0.00109420,9.11000000,0
1531172842587,1531172842583,4340200,0.00109400,0.16000000,1
1531172842755,1531172842752,4340201,0.00109410,6.06000000,0
1531172843359,1531172843354,4340202,0.00109420,7.58000000,0
1531172843414,1531172843413,4340203,0.00109410,6.94000000,1
1531172843414,1531172843413,4340204,0.00109400,3.75000000,1
1531172844137,1531172844132,4340205,0.00109470,6.41000000,1
1531172844137,1531172844132,4340206,0.00109400,0.81000000,1
1531172844137,1531172844132,4340207,0.00109280,12.78000000,1
1531172845247,1531172845243,4340208,0.00109300,9.52000000,0
1531172846512,1531172846507,4340209,0.00109280,5.44000000,1
1531172847041,1531172847038,4340210,0.00109280,19.06000000,0
1531172847258,1531172847255,4340211,0.00109270,4.96000000,1
1531172847271,1531172847268,4340212,0.00109280,1.81000000,0
1531172847324,1531172847320,4340213,0.00109280,23.78000000,0
1531172848038,1531172848034,4340214,0.00109300,1.81000000,0
1531172848564,1531172848559,4340215,0.00109280,0.16000000,1
1531172849951,1531172849948,4340216,0.00109270,1.75000000,1
1531172850305,1531172850301,4340217,0.00109300,7.61000000,0
1531172851213,1531172851209,4340218,0.00109650,1.17000000,0
1531172854963,1531172854960,4340219,0.00109650,1.49000000,0
1531172861217,1531172861213,4340220,0.00109650,2.10000000,0
1531172862778,1531172862773,4340221,0.00109280,1.85000000,1
1531172862894,1531172862891,4340222,0.00109280,0.93000000,1
1531172866580,1531172866576,4340223,0.00109640,0.01000000,0
1531172869295,1531172869292,4340224,0.00109640,2.77000000,0
1531172871300,1531172871296,4340225,0.00109510,6.71000000,0
1531172878305,1531172878301,4340226,0.00109650,32.50000000,0
1531172880298,1531172880295,4340227,0.00109610,3.59000000,0
1531172882840,1531172882837,4340228,0.00109360,0.93000000,1
1531172882964,1531172882959,4340229,0.00109720,9.11000000,0
1531172883197,1531172883194,4340230,0.00109720,3.08000000,0
1531172883982,1531172883979,4340231,0.00109350,0.93000000,1
1531172897407,1531172897402,4340232,0.00109720,0.93000000,0
1531172897407,1531172897402,4340233,0.00109730,2.82000000,0
1531172897407,1531172897402,4340234,0.00109840,1.09000000,0
1531172897407,1531172897402,4340235,0.00109850,37.40000000,0
1531172899296,1531172899292,4340236,0.00109850,2.24000000,0
1531172901453,1531172901448,4340237,0.00109630,4.55000000,0
1531172901597,1531172901594,4340238,0.00109400,2.78000000,1
1531172903206,1531172903203,4340239,0.00109850,2.73000000,0
1531172903434,1531172903431,4340240,0.00109850,10.79000000,0
1531172920851,1531172920846,4340241,0.00109420,67.03000000,1
1531172920851,1531172920846,4340242,0.00109380,15.16000000,1
1531172920851,1531172920846,4340243,0.00109350,81.70000000,1
1531172920851,1531172920846,4340244,0.00109280,292.00000000,1
1531172920851,1531172920846,4340245,0.00109270,269.94000000,1
1531172920851,1531172920846,4340246,0.00109210,92.27000000,1
1531172920851,1531172920846,4340247,0.00109200,166.80000000,1
1531172934848,1531172934844,4340248,0.00109220,32.24000000,1
1531172967848,1531172967844,4340249,0.00109640,1.73000000,0
1531172973769,1531172973766,4340250,0.00109620,0.70000000,0
1531173005243,1531173005240,4340251,0.00109610,2.33000000,0
1531173009230,1531173009227,4340252,0.00109620,18.82000000,1
1531173010400,1531173010395,4340253,0.00109690,1.15000000,1
1531173026585,1531173026581,4340254,0.00109280,3.63000000,1
1531173131689,1531173131684,4340255,0.00109300,91.49000000,1
1531173131689,1531173131684,4340256,0.00109290,30.89000000,1
1531173131689,1531173131684,4340257,0.00109280,8.46000000,1
1531173131689,1531173131684,4340258,0.00109200,199.85000000,1
1531173167450,1531173167446,4340259,0.00109500,0.95000000,0
1531173393995,1531173393991,4340260,0.00109500,3.88000000,0
1531173425272,1531173425269,4340261,0.00109200,0.51000000,1
1531173438593,1531173438590,4340262,0.00109200,9.19000000,1
1531173490816,1531173490813,4340263,0.00109200,109.29000000,1
1531173562119,1531173562114,4340264,0.00109490,2.78000000,0
1531173562119,1531173562114,4340265,0.00109500,13.39000000,0
1531173562119,1531173562114,4340266,0.00109610,20.47000000,0
1531173574024,1531173574021,4340267,0.00109610,2.37000000,0
1531173668644,1531173668640,4340268,0.00109610,3.25000000,0
1531173688923,1531173688921,4340269,0.00109600,4.00000000,0
1531173798363,1531173798360,4340270,0.00109530,27.68000000,0
1531173840773,1531173840770,4340271,0.00109530,2.19000000,0
1531173849809,1531173849805,4340272,0.00109530,4.55000000,0
1531173962186,1531173962183,4340273,0.00109530,27.43000000,0
1531173962619,1531173962615,4340274,0.00109530,0.14000000,1
1531173966400,1531173966398,4340275,0.00109610,5.20000000,0
1531173980540,1531173980536,4340276,0.00109680,3.37000000,0
1531173981540,1531173981537,4340277,0.00109690,5.39000000,0
1531173983402,1531173983399,4340278,0.00109710,26.95000000,0
1531173985390,1531173985386,4340279,0.00109740,3.37000000,0
1531173985952,1531173985948,4340280,0.00109770,6.37000000,0
1531173985952,1531173985948,4340281,0.00109810,13.65000000,0
1531173985952,1531173985948,4340282,0.00109840,4.98000000,0
1531173986403,1531173986400,4340283,0.00109840,2.28000000,0
1531174000849,1531174000847,4340284,0.00109880,3.00000000,0
1531174002398,1531174002396,4340285,0.00109880,27.08000000,0
1531174005397,1531174005393,4340286,0.00109890,1.82000000,0
1531174005801,1531174005798,4340287,0.00109920,12.67000000,0
1531174007547,1531174007544,4340288,0.00109920,36.96000000,0
1531174008073,1531174008070,4340289,0.00109730,0.54000000,1
1531174020368,1531174020365,4340290,0.00109960,5.37000000,0
1531174020368,1531174020365,4340291,0.00109990,3.72000000,0
1531174020689,1531174020686,4340292,0.00109730,0.51000000,1
1531174021792,1531174021790,4340293,0.00109960,7.59000000,1
1531174022018,1531174022013,4340294,0.00109990,5.79000000,0
1531174022018,1531174022013,4340295,0.00110030,3.43000000,0
1531174022018,1531174022013,4340296,0.00110050,8.37000000,0
1531174022018,1531174022013,4340297,0.00110060,5.44000000,0
1531174022018,1531174022013,4340298,0.00110100,4.28000000,0
1531174022018,1531174022013,4340299,0.00110140,4.23000000,0
1531174022018,1531174022013,4340300,0.00110210,14.01000000,0
1531174022018,1531174022013,4340301,0.00110230,2.18000000,0
1531174022018,1531174022013,4340302,0.00110260,103.51000000,0
1531174025404,1531174025400,4340303,0.00110150,5.43000000,0
1531174035473,1531174035470,4340304,0.00110260,187.49000000,0
1531174036544,1531174036540,4340305,0.00110290,1.62000000,0
1531174062449,1531174062447,4340306,0.00110260,9.78000000,1
1531174076853,1531174076850,4340307,0.00110280,1.18000000,0
1531174081794,1531174081791,4340308,0.00110280,15.48000000,0
1531174122732,1531174122730,4340309,0.00110280,78.53000000,1
1531174122732,1531174122730,4340310,0.00110260,4.10000000,1
1531174165767,1531174165764,4340311,0.00110260,0.17000000,1
1531174204846,1531174204844,4340312,0.00110270,25.82000000,1
1531174206359,1531174206355,4340313,0.00110270,2.83000000,1
1531174206359,1531174206355,4340314,0.00110260,23.66000000,1
1531174210991,1531174210989,4340315,0.00110280,4.03000000,0
1531174216623,1531174216621,4340316,0.00110260,1.18000000,1
1531174235517,1531174235515,4340317,0.00110260,8.00000000,1
1531174236716,1531174236714,4340318,0.00110260,7.62000000,1
1531174240448,1531174240447,4340319,0.00110000,0.17000000,1
1531174244726,1531174244722,4340320,0.00110270,1.40000000,0
1531174244726,1531174244722,4340321,0.00110280,1.08000000,0
1531174244726,1531174244722,4340322,0.00110310,7.14000000,0
1531174244726,1531174244722,4340323,0.00110320,8.82000000,0
1531174244726,1531174244722,4340324,0.00110380,225.28000000,0
1531174244748,1531174244747,4340325,0.00110380,79.38000000,1
1531174259292,1531174259289,4340326,0.00110380,5.81000000,1
1531174285942,1531174285940,4340327,0.00110390,4.09000000,0
1531174290364,1531174290353,4340328,0.00110410,10.91000000,0
1531174290364,1531174290353,4340329,0.00110460,4.27000000,0
1531174290364,1531174290353,4340330,0.00110560,21.09000000,0
1531174290364,1531174290353,4340331,0.00110610,10.86000000,0
1531174290364,1531174290353,4340332,0.00110650,11.09000000,0
1531174290364,1531174290353,4340333,0.00110660,5.42000000,0
1531174290364,1531174290353,4340334,0.00110670,5.43000000,0
1531174290364,1531174290353,4340335,0.00110720,1.18000000,0
1531174290364,1531174290353,4340336,0.00110820,20.82000000,0
1531174290364,1531174290353,4340337,0.00110860,10.76000000,0
1531174290364,1531174290353,4340338,0.00110870,10.84000000,0
1531174290364,1531174290353,4340339,0.00110930,5.41000000,0
1531174290364,1531174290353,4340340,0.00110960,10.84000000,0
1531174290364,1531174290353,4340341,0.00110990,9.02000000,0
1531174290364,1531174290353,4340342,0.00111000,5.37000000,0
1531174290364,1531174290353,4340343,0.00111090,3.55000000,0
1531174290364,1531174290353,4340344,0.00111140,5.36000000,0
1531174290364,1531174290353,4340345,0.00111200,1.33000000,0
1531174290364,1531174290353,4340346,0.00111210,5.31000000,0
1531174290364,1531174290353,4340347,0.00111220,5.31000000,0
1531174290364,1531174290353,4340348,0.00111280,5.55000000,0
1531174290364,1531174290353,4340349,0.00111290,1.10000000,0
1531174290364,1531174290353,4340350,0.00111410,16.05000000,0
1531174290364,1531174290353,4340351,0.00111450,5.35000000,0
1531174290364,1531174290353,4340352,0.00111500,9.00000000,1
1531174290377,1531174290374,4340353,0.00111500,47.81000000,1
1531174290390,1531174290389,4340354,0.00111500,83.08000000,1
1531174290409,1531174290407,4340355,0.00111500,149.30000000,1
1531174290421,1531174290419,4340356,0.00111500,6.89000000,1
1531174290438,1531174290436,4340357,0.00111570,3.48000000,0
1531174291174,1531174291171,4340358,0.00111500,7.96000000,1
1531174292122,1531174292119,4340359,0.00111500,5.43000000,1
1531174294206,1531174294204,4340360,0.00111500,32.16000000,1
1531174295139,1531174295137,4340361,0.00111500,33.52000000,1
1531174296460,1531174296458,4340362,0.00111500,5.43000000,1
1531174310678,1531174310673,4340363,0.00111570,0.55000000,0
1531174310678,1531174310673,4340364,0.00111610,2.71000000,0
1531174310678,1531174310673,4340365,0.00111620,1.35000000,0
1531174310678,1531174310673,4340366,0.00111630,4.03000000,0
1531174310836,1531174310833,4340367,0.00111630,5.16000000,1
1531174312556,1531174312555,4340368,0.00111630,4.03000000,1
1531174330529,1531174330526,4340369,0.00111680,0.90000000,1
1531174333590,1531174333587,4340370,0.00111680,8.00000000,1
1531174335366,1531174335364,4340371,0.00111690,0.95000000,0
1531174335366,1531174335364,4340372,0.00111770,3.65000000,0
1531174358143,1531174358141,4340373,0.00111700,0.50000000,1
1531174363598,1531174363596,4340374,0.00111700,0.50000000,1
1531174366497,1531174366495,4340375,0.00111770,0.02000000,0
1531174375003,1531174375000,4340376,0.00111770,0.80000000,0
1531174395439,1531174395438,4340377,0.00111700,2.68000000,1
1531174430962,1531174430958,4340378,0.00111770,4.26000000,0
1531174430962,1531174430958,4340379,0.00111840,29.74000000,0
1531174430962,1531174430958,4340380,0.00111910,5.42000000,0
1531174430962,1531174430958,4340381,0.00112020,0.97000000,0
1531174430962,1531174430958,4340382,0.00112030,1.17000000,0
1531174430962,1531174430958,4340383,0.00112080,9.82000000,0
1531174430993,1531174430992,4340384,0.00112080,1.10000000,1
1531174434819,1531174434816,4340385,0.00112130,6.55000000,1
1531174445736,1531174445734,4340386,0.00112130,2.15000000,1
1531174446632,1531174446627,4340387,0.00112190,2.75000000,0
1531174446632,1531174446627,4340388,0.00112200,5.35000000,0
1531174446632,1531174446627,4340389,0.00112260,5.35000000,0
1531174446632,1531174446627,4340390,0.00112340,10.69000000,0
1531174446632,1531174446627,4340391,0.00112410,1.79000000,0
1531174446632,1531174446627,4340392,0.00112420,5.34000000,0
1531174446632,1531174446627,4340393,0.00112490,3.93000000,0
1531174446632,1531174446627,4340394,0.00112570,5.11000000,0
1531174446632,1531174446627,4340395,0.00112650,12.93000000,0
1531174446632,1531174446627,4340396,0.00113100,5.21000000,0
1531174446632,1531174446627,4340397,0.00113170,17.83000000,0
1531174446654,1531174446652,4340398,0.00113190,159.13000000,1
1531174446699,1531174446696,4340399,0.00113190,5.53000000,1
1531174446763,1531174446760,4340400,0.00113190,8.00000000,1
1531174446861,1531174446859,4340401,0.00113260,0.93000000,0
1531174446861,1531174446859,4340402,0.00113270,1.41000000,0
1531174446862,1531174446861,4340403,0.00113190,69.10000000,1
1531174447593,1531174447590,4340404,0.00112160,2.53000000,1
1531174448099,1531174448097,4340405,0.00112160,0.23000000,1
1531174448609,1531174448607,4340406,0.00112160,1.34000000,1
1531174452927,1531174452924,4340407,0.00113250,44.54000000,0
1531174452927,1531174452924,4340408,0.00113260,8.08000000,0
1531174461385,1531174461382,4340409,0.00112460,1.19000000,1
1531174461385,1531174461382,4340410,0.00112440,34.59000000,1
1531174470940,1531174470937,4340411,0.00113000,0.15000000,0
1531174474583,1531174474574,4340412,0.00112520,5.25000000,1
1531174474583,1531174474574,4340413,0.00112250,1.32000000,1
1531174474583,1531174474574,4340414,0.00112210,23.49000000,1
1531174474583,1531174474574,4340415,0.00112150,1.76000000,1
1531174474583,1531174474574,4340416,0.00112140,11.10000000,1
1531174474583,1531174474574,4340417,0.00112130,10.46000000,1
1531174474583,1531174474574,4340418,0.00112120,39.87000000,1
1531174474583,1531174474574,4340419,0.00112110,10.59000000,1
1531174474583,1531174474574,4340420,0.00112000,55.56000000,1
1531174474583,1531174474574,4340421,0.00111980,2.91000000,1
1531174474583,1531174474574,4340422,0.00111940,7.70000000,1
1531174474827,1531174474824,4340423,0.00112530,5.25000000,1
1531174475136,1531174475132,4340424,0.00112530,0.97000000,1
1531174478554,1531174478552,4340425,0.00112500,0.90000000,0
1531174478912,1531174478910,4340426,0.00112500,0.90000000,0
1531174479487,1531174479483,4340427,0.00112500,2.69000000,0
1531174479687,1531174479685,4340428,0.00112500,0.90000000,0
1531174480564,1531174480563,4340429,0.00111920,2.37000000,1
1531174480609,1531174480605,4340430,0.00111920,9.45000000,1
1531174480609,1531174480605,4340431,0.00111870,4.01000000,1
1531174480609,1531174480605,4340432,0.00111790,17.89000000,1
1531174480609,1531174480605,4340433,0.00111780,119.39000000,1
1531174485660,1531174485657,4340434,0.00112420,6.22000000,0
1531174485660,1531174485657,4340435,0.00112430,4.01000000,0
1531174485660,1531174485657,4340436,0.00112510,4.22000000,0
1531174485660,1531174485657,4340437,0.00112530,1.75000000,0
1531174485660,1531174485657,4340438,0.00112550,4.41000000,0
1531174485660,1531174485657,4340439,0.00112600,2.91000000,0
1531174485660,1531174485657,4340440,0.00112640,0.16000000,0
1531174490200,1531174490197,4340441,0.00111840,2.73000000,1
1531174492514,1531174492512,4340442,0.00111870,2.75000000,1
1531174494160,1531174494158,4340443,0.00111870,9.11000000,1
1531174495570,1531174495566,4340444,0.00111870,0.78000000,1
1531174495900,1531174495898,4340445,0.00111870,3.63000000,1
1531174498915,1531174498907,4340446,0.00112620,4.07000000,0
1531174498915,1531174498907,4340447,0.00112640,1.16000000,0
1531174498915,1531174498907,4340448,0.00112660,18.32000000,0
1531174498915,1531174498907,4340449,0.00112670,52.03000000,0
1531174498915,1531174498907,4340450,0.00112680,39.87000000,0
1531174498915,1531174498907,4340451,0.00112720,7.59000000,0
1531174498915,1531174498907,4340452,0.00112780,10.59000000,0
1531174498915,1531174498907,4340453,0.00112840,0.90000000,0
1531174498915,1531174498907,4340454,0.00113000,28.46000000,0
1531174498929,1531174498927,4340455,0.00111870,1.18000000,1
1531174504761,1531174504758,4340456,0.00112520,11.61000000,0
1531174504761,1531174504758,4340457,0.00112530,3.21000000,0
1531174504761,1531174504758,4340458,0.00113000,5.98000000,0
1531174504761,1531174504758,4340459,0.00113070,2.69000000,0
1531174504761,1531174504758,4340460,0.00113120,16.31000000,0
1531174507038,1531174507035,4340461,0.00112340,9.00000000,0
1531174507038,1531174507035,4340462,0.00113110,3.76000000,0
1531174519250,1531174519248,4340463,0.00112280,0.50000000,1
1531174526707,1531174526706,4340464,0.00112350,0.50000000,1
1531174530744,1531174530742,4340465,0.00112370,2.38000000,1
1531174532566,1531174532563,4340466,0.00112380,4.55000000,1
1531174533590,1531174533587,4340467,0.00112380,0.50000000,1
1531174535369,1531174535367,4340468,0.00112390,5.25000000,1
1531174539146,1531174539142,4340469,0.00112960,1.83000000,0
1531174539146,1531174539142,4340470,0.00112970,0.85000000,0
1531174540025,1531174540023,4340471,0.00112970,0.90000000,0
1531174546853,1531174546851,4340472,0.00112950,0.02000000,0
1531174550296,1531174550293,4340473,0.00112440,4.60000000,1
1531174559994,1531174559992,4340474,0.00112460,0.90000000,0
1531174562594,1531174562592,4340475,0.00112050,6.16000000,1
1531174562594,1531174562592,4340476,0.00112030,1.08000000,1
1531174565553,1531174565549,4340477,0.00111890,1.16000000,1
1531174565553,1531174565549,4340478,0.00111880,10.84000000,1
1531174594399,1531174594395,4340479,0.00112250,6.98000000,0
1531174594399,1531174594395,4340480,0.00112260,1.16000000,0
1531174594399,1531174594395,4340481,0.00112370,1.10000000,0
1531174595133,1531174595129,4340482,0.00112370,3.88000000,0
1531174599594,1531174599592,4340483,0.00111910,51.96000000,1
1531174640577,1531174640575,4340484,0.00112240,0.90000000,0
1531174706892,1531174706890,4340485,0.00111960,2.68000000,1
1531174710952,1531174710950,4340486,0.00111960,7.12000000,1
1531174727205,1531174727201,4340487,0.00111960,9.88000000,1
1531174730857,1531174730854,4340488,0.00111960,29.37000000,1
1531174734687,1531174734685,4340489,0.00112240,5.11000000,0
1531174734687,1531174734685,4340490,0.00112250,9.71000000,0
1531174734687,1531174734685,4340491,0.00112370,11.32000000,0
1531174760065,1531174760062,4340492,0.00111970,5.82000000,1
1531174763096,1531174763094,4340493,0.00111960,2.76000000,1
1531174781460,1531174781457,4340494,0.00112360,0.90000000,0
1531174843608,1531174843607,4340495,0.00112160,8.82000000,0
1531174868421,1531174868419,4340496,0.00111960,0.19000000,1
1531174882828,1531174882826,4340497,0.00112140,1.81000000,0
1531174957075,1531174957071,4340498,0.00111960,67.27000000,1
1531174957075,1531174957071,4340499,0.00111920,18.45000000,1
1531174957075,1531174957071,4340500,0.00111860,7.15000000,1
1531174957075,1531174957071,4340501,0.00111850,0.90000000,1
1531174957075,1531174957071,4340502,0.00111840,3.36000000,1
1531174957075,1531174957071,4340503,0.00111780,135.14000000,1
1531175024794,1531175024791,4340504,0.00112140,0.91000000,0
1531175048515,1531175048513,4340505,0.00111770,1.01000000,1
1531175059410,1531175059408,4340506,0.00112130,4.00000000,0
1531175072198,1531175072195,4340507,0.00111870,4.00000000,1
1531175081942,1531175081940,4340508,0.00111870,4.93000000,1
1531175081942,1531175081940,4340509,0.00111800,27.05000000,1
1531175085697,1531175085694,4340510,0.00112100,0.92000000,0
1531175085697,1531175085694,4340511,0.00112110,5.84000000,0
1531175159389,1531175159387,4340512,0.00111830,1.79000000,1
1531175159389,1531175159387,4340513,0.00111800,60.60000000,1
1531175168040,1531175168038,4340514,0.00111800,1.79000000,1
1531175168040,1531175168038,4340515,0.00111770,6.13000000,1
1531175168040,1531175168038,4340516,0.00111760,0.90000000,1
1531175168040,1531175168038,4340517,0.00111750,17.89000000,1
1531175168040,1531175168038,4340518,0.00111700,60.92000000,1
1531175181769,1531175181767,4340519,0.00111800,190.80000000,1
1531175187669,1531175187666,4340520,0.00111700,435.37000000,1
1531175189477,1531175189474,4340521,0.00111610,7.15000000,1
1531175191579,1531175191577,4340522,0.00111550,1.80000000,1
1531175192668,1531175192667,4340523,0.00111520,0.90000000,1
1531175193686,1531175193684,4340524,0.00111490,24.75000000,1
1531175195656,1531175195654,4340525,0.00111400,12.67000000,1
1531175197509,1531175197508,4340526,0.00112020,7.12000000,0
1531175197509,1531175197508,4340527,0.00112080,1.88000000,0
1531175197672,1531175197671,4340528,0.00111380,1.80000000,1
1531175204624,1531175204622,4340529,0.00112080,0.66000000,0
1531175204624,1531175204622,4340530,0.00112100,23.68000000,0
1531175204624,1531175204622,4340531,0.00112110,45.66000000,0
1531175204656,1531175204655,4340532,0.00111430,0.16000000,1
1531175212659,1531175212658,4340533,0.00111520,6.01000000,1
1531175345162,1531175345160,4340534,0.00111620,7.91000000,1
1531175345162,1531175345160,4340535,0.00111600,1.02000000,1
1531175381750,1531175381749,4340536,0.00111940,3.00000000,0
1531175388233,1531175388231,4340537,0.00111920,0.91000000,0
1531175392866,1531175392864,4340538,0.00111900,0.89000000,0
1531175414331,1531175414328,4340539,0.00111600,100.58000000,1
1531175414353,1531175414352,4340540,0.00111600,41.12000000,0
1531175418515,1531175418513,4340541,0.00111500,13.75000000,1
1531175421647,1531175421645,4340542,0.00111490,1.21000000,0
1531175421647,1531175421645,4340543,0.00111500,1.50000000,0
1531175421663,1531175421662,4340544,0.00111500,30.13000000,0
1531175421691,1531175421689,4340545,0.00111500,4.49000000,0
1531175421691,1531175421689,4340546,0.00111590,7.91000000,0
1531175421691,1531175421689,4340547,0.00111600,8.30000000,0
1531175432491,1531175432488,4340548,0.00111350,1.19000000,1
1531175449524,1531175449517,4340549,0.00111360,1.90000000,1
1531175449524,1531175449517,4340550,0.00111340,2.70000000,1
1531175449524,1531175449517,4340551,0.00111300,0.90000000,1
1531175449524,1531175449517,4340552,0.00111270,8.97000000,1
1531175449524,1531175449517,4340553,0.00111200,27.11000000,1
1531175449524,1531175449517,4340554,0.00111130,3.59000000,1
1531175449524,1531175449517,4340555,0.00111090,0.91000000,1
1531175449524,1531175449517,4340556,0.00111040,0.94000000,1
1531175449524,1531175449517,4340557,0.00111020,6.30000000,1
1531175449524,1531175449517,4340558,0.00110850,3.60000000,1
1531175449524,1531175449517,4340559,0.00110790,3.77000000,1
1531175449524,1531175449517,4340560,0.00110780,1.80000000,1
1531175449524,1531175449517,4340561,0.00110770,2.16000000,1
1531175449524,1531175449517,4340562,0.00110760,13.07000000,1
1531175449524,1531175449517,4340563,0.00110750,2.88000000,1
1531175449524,1531175449517,4340564,0.00110720,0.91000000,1
1531175449524,1531175449517,4340565,0.00110710,8.23000000,1
1531175449524,1531175449517,4340566,0.00110700,25.00000000,1
1531175449524,1531175449517,4340567,0.00110690,1.80000000,1
1531175449524,1531175449517,4340568,0.00110640,83.46000000,1
1531175451027,1531175451025,4340569,0.00111450,5.91000000,0
1531175516522,1531175516519,4340570,0.00110940,1.48000000,0
1531175517614,1531175517612,4340571,0.00110840,1.30000000,0
1531175518317,1531175518315,4340572,0.00110840,0.20000000,0
1531175519732,1531175519729,4340573,0.00110840,0.99000000,0
1531175520857,1531175520856,4340574,0.00111130,1.77000000,0
1531175521377,1531175521376,4340575,0.00110720,2.01000000,1
1531175530804,1531175530801,4340576,0.00111000,3.75000000,0
1531175541075,1531175541072,4340577,0.00111000,2.51000000,0
1531175552057,1531175552055,4340578,0.00111000,1.68000000,0
1531175559830,1531175559828,4340579,0.00110720,9.04000000,1
1531175559830,1531175559828,4340580,0.00110640,8.21000000,1
1531175559830,1531175559828,4340581,0.00110560,19.84000000,1
1531175559830,1531175559828,4340582,0.00110470,0.91000000,1
1531175559830,1531175559828,4340583,0.00110290,140.58000000,1
1531175561969,1531175561968,4340584,0.00110980,1.08000000,0
1531175577264,1531175577263,4340585,0.00110250,0.11000000,1
1531175580201,1531175580199,4340586,0.00111000,77.84000000,0
1531175580201,1531175580199,4340587,0.00111320,2.39000000,0
1531175580201,1531175580199,4340588,0.00111440,10.84000000,0
1531175580201,1531175580199,4340589,0.00111450,5.93000000,0
1531175606790,1531175606788,4340590,0.00111450,44.86000000,0
1531175608642,1531175608639,4340591,0.00110520,36.19000000,1
1531175608642,1531175608639,4340592,0.00110400,2.26000000,1
1531175608642,1531175608639,4340593,0.00110300,21.67000000,1
1531175608642,1531175608639,4340594,0.00110290,3.49000000,1
1531175608642,1531175608639,4340595,0.00110250,1.71000000,1
1531175609384,1531175609382,4340596,0.00110250,34.68000000,0
1531175629900,1531175629897,4340597,0.00110250,0.92000000,1
1531175660760,1531175660759,4340598,0.00110990,15.75000000,0
1531175712950,1531175712947,4340599,0.00110360,20.80000000,1
1531175712950,1531175712947,4340600,0.00110240,2.45000000,1
1531175870534,1531175870532,4340601,0.00110720,20.04000000,0
1531175870534,1531175870532,4340602,0.00110730,3.49000000,0
1531175870534,1531175870532,4340603,0.00110950,20.80000000,0
1531175870534,1531175870532,4340604,0.00110960,2.26000000,0
1531175870559,1531175870558,4340605,0.00110990,19.93000000,1
1531175870599,1531175870597,4340606,0.00110990,6.89000000,1
1531175870603,1531175870603,4340607,0.00110990,19.93000000,1
1531175904641,1531175904639,4340608,0.00110990,17.89000000,1
1531175918810,1531175918809,4340609,0.00110990,0.83000000,1
1531175920627,1531175920624,4340610,0.00111070,36.19000000,0
1531175926988,1531175926986,4340611,0.00111010,0.51000000,1
1531175928750,1531175928748,4340612,0.00111010,0.51000000,1
1531175994996,1531175994995,4340613,0.00111020,6.25000000,1
1531175994996,1531175994995,4340614,0.00110990,85.24000000,1
1531176055887,1531176055885,4340615,0.00111340,6.25000000,0
1531176055887,1531176055885,4340616,0.00111350,1.55000000,0
1531176094945,1531176094944,4340617,0.00111020,0.13000000,1
1531176096675,1531176096674,4340618,0.00111010,0.13000000,1
1531176206096,1531176206094,4340619,0.00111020,5.70000000,1
1531176206096,1531176206094,4340620,0.00111010,10.87000000,1
1531176206096,1531176206094,4340621,0.00110990,292.70000000,1
1531176307308,1531176307307,4340622,0.00111320,33.16000000,0
1531176307336,1531176307335,4340623,0.00111320,10.00000000,1
1531176309842,1531176309840,4340624,0.00111320,22.35000000,1
1531176313721,1531176313719,4340625,0.00111320,15.27000000,1
1531176316101,1531176316099,4340626,0.00111320,14.31000000,1
1531176326219,1531176326218,4340627,0.00111320,27.10000000,1
1531176328678,1531176328676,4340628,0.00111320,57.46000000,1
1531176357350,1531176357348,4340629,0.00111320,1.30000000,1
1531176389600,1531176389599,4340630,0.00111320,7.85000000,0
1531176389600,1531176389599,4340631,0.00111330,20.93000000,0
1531176426904,1531176426903,4340632,0.00111330,0.23000000,0
1531176454614,1531176454612,4340633,0.00111330,31.67000000,0
1531176454614,1531176454612,4340634,0.00111350,4.36000000,0
1531176454614,1531176454612,4340635,0.00111360,0.95000000,0
1531176454614,1531176454612,4340636,0.00111550,323.59000000,0
1531176454635,1531176454633,4340637,0.00111550,9.80000000,1
1531176454682,1531176454681,4340638,0.00111550,199.44000000,1
1531176495354,1531176495349,4340639,0.00111100,0.82000000,1
1531176496560,1531176496559,4340640,0.00111100,0.82000000,1
1531176576818,1531176576818,4340641,0.00111570,1.80000000,0
1531176576846,1531176576843,4340642,0.00111570,3.95000000,1
1531176577730,1531176577729,4340643,0.00111570,3.59000000,1
1531176706919,1531176706917,4340644,0.00111130,0.50000000,1
1531176708110,1531176708109,4340645,0.00111540,0.58000000,0
1531176708115,1531176708113,4340646,0.00111120,0.50000000,1
1531176725394,1531176725392,4340647,0.00111130,6.13000000,1
1531176725394,1531176725392,4340648,0.00111120,3.87000000,1
1531176743106,1531176743105,4340649,0.00111120,0.08000000,1
1531176807722,1531176807720,4340650,0.00111530,0.29000000,0
1531176823615,1531176823604,4340651,0.00111120,53.62000000,1
1531176823615,1531176823604,4340652,0.00111080,198.00000000,1
1531176823615,1531176823604,4340653,0.00111050,7.18000000,1
1531176823615,1531176823604,4340654,0.00110990,173.07000000,1
1531176823615,1531176823604,4340655,0.00110900,25.00000000,1
1531176823615,1531176823604,4340656,0.00110420,5.15000000,1
1531176823615,1531176823604,4340657,0.00110370,44.29000000,1
1531176823615,1531176823604,4340658,0.00110340,52.73000000,1
