event_time,trade_time,trade_id,price,quantity,maker
1531160313569,1531160313565,2069512,0.00002977,2.00000000,1
1531160323009,1531160323006,2069513,0.00002977,2.00000000,1
1531160333140,1531160333136,2069514,0.00002972,2.00000000,1
1531160351425,1531160351422,2069515,0.00002984,278.00000000,0
1531160351425,1531160351422,2069516,0.00002985,5570.00000000,0
1531160352334,1531160352330,2069517,0.00002986,50.00000000,0
1531160358089,1531160358086,2069518,0.00002991,58.00000000,0
1531160358089,1531160358086,2069519,0.00002992,276.00000000,0
1531160375073,1531160375069,2069520,0.00002985,510.00000000,1
1531160395852,1531160395849,2069521,0.00002994,277.00000000,0
1531160395852,1531160395849,2069522,0.00002995,50.00000000,0
1531160395852,1531160395849,2069523,0.00003001,673.00000000,0
1531160447728,1531160447725,2069524,0.00002999,277.00000000,0
1531160447728,1531160447725,2069525,0.00003001,901.00000000,0
1531160447728,1531160447725,2069526,0.00003003,322.00000000,0
1531160664213,1531160664211,2069527,0.00002989,72.00000000,1
1531160714904,1531160714901,2069528,0.00003000,500.00000000,0
1531160805461,1531160805457,2069529,0.00002990,222.00000000,1
1531160805461,1531160805457,2069530,0.00002989,136.00000000,1
1531160828674,1531160828670,2069531,0.00002989,73.00000000,1
1531161387323,1531161387318,2069532,0.00002993,75.00000000,1
1531161387323,1531161387318,2069533,0.00002992,641.00000000,1
1531161387323,1531161387318,2069534,0.00002991,194.00000000,1
1531161644773,1531161644769,2069535,0.00002991,547.00000000,1
1531161650503,1531161650499,2069536,0.00002987,328.00000000,1
1531161655544,1531161655540,2069537,0.00002985,845.00000000,1
1531161659333,1531161659329,2069538,0.00002985,50.00000000,1
1531161661770,1531161661767,2069539,0.00002985,845.00000000,1
1531161684186,1531161684182,2069540,0.00002986,222.00000000,0
1531161708473,1531161708470,2069541,0.00002986,174.00000000,1
1531161813320,1531161813308,2069542,0.00002985,1319.00000000,1
1531161813320,1531161813308,2069543,0.00002981,279.00000000,1
1531161813320,1531161813308,2069544,0.00002978,50.00000000,1
1531161813320,1531161813308,2069545,0.00002974,3074.00000000,1
1531161818349,1531161818345,2069546,0.00002975,779.00000000,1
1531161818367,1531161818364,2069547,0.00002974,3944.00000000,0
1531161933753,1531161933748,2069548,0.00002986,267.00000000,0
1531161953391,1531161953388,2069549,0.00002978,390.00000000,1
1531161982359,1531161982354,2069550,0.00002986,390.00000000,0
1531162243893,1531162243890,2069551,0.00002987,25.00000000,0
1531162247476,1531162247472,2069552,0.00002987,253.00000000,0
1531162316803,1531162316798,2069553,0.00002985,7148.00000000,1
1531162328161,1531162328157,2069554,0.00002985,363.00000000,1
1531162379250,1531162379244,2069555,0.00002994,138.00000000,0
1531162873259,1531162873256,2069556,0.00002988,308.00000000,1
1531163002344,1531163002339,2069557,0.00002994,905.00000000,0
1531163002472,1531163002466,2069558,0.00002995,327.00000000,0
1531163017229,1531163017224,2069559,0.00003001,277.00000000,0
1531163017229,1531163017224,2069560,0.00003002,317.00000000,0
1531163017229,1531163017224,2069561,0.00003003,746.00000000,0
1531163036730,1531163036724,2069562,0.00003004,50.00000000,0
1531163036730,1531163036724,2069563,0.00003009,89.00000000,0
1531163036730,1531163036724,2069564,0.00003010,348.00000000,0
1531163165400,1531163165395,2069565,0.00003010,34.00000000,0
1531163194190,1531163194184,2069566,0.00003004,111.00000000,1
1531163195905,1531163195900,2069567,0.00003003,167.00000000,1
1531163210765,1531163210759,2069568,0.00002998,221.00000000,1
1531163211508,1531163211504,2069569,0.00002998,178.00000000,0
1531163345997,1531163345993,2069570,0.00003009,497.00000000,0
1531163345997,1531163345993,2069571,0.00003010,126.00000000,0
1531163345997,1531163345993,2069572,0.00003013,1717.00000000,0
1531163346010,1531163346007,2069573,0.00003013,266.00000000,1
1531163346024,1531163346020,2069574,0.00002996,266.00000000,1
1531163447379,1531163447373,2069575,0.00003013,50.00000000,0
1531163447394,1531163447390,2069576,0.00003014,286.00000000,1
1531163468726,1531163468721,2069577,0.00003007,155.00000000,1
1531163550919,1531163550913,2069578,0.00003007,96.00000000,1
1531163602833,1531163602827,2069579,0.00003016,43.00000000,0
1531163602833,1531163602827,2069580,0.00003017,275.00000000,0
1531163602833,1531163602827,2069581,0.00003020,277.00000000,0
1531163602858,1531163602852,2069582,0.00003020,77.00000000,1
1531163602872,1531163602867,2069583,0.00003020,632.00000000,1
1531163602895,1531163602891,2069584,0.00003020,241.00000000,1
1531163603542,1531163603539,2069585,0.00003020,405.00000000,1
1531163625582,1531163625575,2069586,0.00003020,88.00000000,0
1531163625582,1531163625575,2069587,0.00003022,112.00000000,0
1531163627533,1531163627528,2069588,0.00003007,82.00000000,1
1531163627533,1531163627528,2069589,0.00003005,49.00000000,1
1531163627533,1531163627528,2069590,0.00003004,276.00000000,1
1531163627533,1531163627528,2069591,0.00003000,250.00000000,1
1531163858589,1531163858583,2069592,0.00003000,209.00000000,1
1531163969611,1531163969605,2069593,0.00003003,353.00000000,1
1531163996586,1531163996579,2069594,0.00003004,459.00000000,0
1531163996586,1531163996579,2069595,0.00003005,2815.00000000,0
1531164040807,1531164040801,2069596,0.00003003,231.00000000,1
1531164040807,1531164040801,2069597,0.00003002,390.00000000,1
1531164040829,1531164040822,2069598,0.00003000,234.00000000,0
1531164161021,1531164161016,2069599,0.00003000,13255.00000000,0
1531164198623,1531164198617,2069600,0.00002996,209.00000000,1
1531164504719,1531164504714,2069601,0.00002998,52.00000000,1
1531164511570,1531164511567,2069602,0.00002998,569.00000000,1
1531164512688,1531164512683,2069603,0.00002997,621.00000000,0
1531164514694,1531164514682,2069604,0.00002998,1206.00000000,0
1531164699059,1531164699057,2069605,0.00003005,173.00000000,0
1531165063418,1531165063412,2069606,0.00003002,226.00000000,1
1531165293608,1531165293603,2069607,0.00003002,45.00000000,1
1531165296578,1531165296573,2069608,0.00003002,6.00000000,1
1531165296578,1531165296573,2069609,0.00002998,500.00000000,1
1531165296578,1531165296573,2069610,0.00002996,50.00000000,1
1531165296578,1531165296573,2069611,0.00002994,392.00000000,1
1531165355177,1531165355170,2069612,0.00003008,33.00000000,0
1531165585332,1531165585329,2069613,0.00002998,3000.00000000,1
1531166082981,1531166082974,2069614,0.00002998,266.00000000,1
1531166230180,1531166230173,2069615,0.00003000,640.00000000,0
1531166230180,1531166230173,2069616,0.00003001,758.00000000,0
1531166230180,1531166230173,2069617,0.00003002,265.00000000,0
1531166230180,1531166230173,2069618,0.00003003,1270.00000000,0
1531166230180,1531166230173,2069619,0.00003004,322.00000000,0
1531166248389,1531166248383,2069620,0.00003006,964.00000000,0
1531166267332,1531166267326,2069621,0.00003004,858.00000000,0
1531166388682,1531166388675,2069622,0.00003001,266.00000000,1
1531166388682,1531166388675,2069623,0.00003000,664.00000000,1
1531166537456,1531166537451,2069624,0.00003000,295.00000000,1
1531166537456,1531166537451,2069625,0.00002999,400.00000000,1
1531166537456,1531166537451,2069626,0.00002998,34.00000000,1
1531166578699,1531166578693,2069627,0.00002999,442.00000000,1
1531166579886,1531166579884,2069628,0.00002998,306.00000000,1
1531166648565,1531166648563,2069629,0.00002996,270.00000000,1
1531166784510,1531166784504,2069630,0.00002996,2237.00000000,0
1531166830924,1531166830917,2069631,0.00002994,43.00000000,1
1531166847677,1531166847674,2069632,0.00002992,298.00000000,0
1531167353043,1531167353036,2069633,0.00002998,277.00000000,0
1531167353043,1531167353036,2069634,0.00002999,5034.00000000,0
1531167361028,1531167361025,2069635,0.00003003,49.00000000,0
1531167363109,1531167363102,2069636,0.00003003,617.00000000,0
1531167365680,1531167365674,2069637,0.00003000,4469.00000000,1
1531167365680,1531167365674,2069638,0.00002999,1839.00000000,1
1531167414343,1531167414338,2069639,0.00002999,2930.00000000,1
1531167455975,1531167455973,2069640,0.00002996,333.00000000,1
1531167456983,1531167456977,2069641,0.00002995,277.00000000,1
1531167495896,1531167495893,2069642,0.00002994,334.00000000,0
1531167596989,1531167596983,2069643,0.00002989,425.00000000,1
1531167598007,1531167598007,2069644,0.00002988,267.00000000,1
1531167599009,1531167599002,2069645,0.00002987,328.00000000,1
1531167650780,1531167650774,2069646,0.00002991,14119.00000000,0
1531167653125,1531167653119,2069647,0.00002993,15822.00000000,0
1531167656247,1531167656242,2069648,0.00002994,10191.00000000,0
1531167675060,1531167675055,2069649,0.00002994,14114.00000000,0
1531167702579,1531167702573,2069650,0.00002994,6634.00000000,0
1531167984486,1531167984481,2069651,0.00002994,500.00000000,0
1531168323777,1531168323773,2069652,0.00002994,67.00000000,0
1531168437378,1531168437371,2069653,0.00002994,100.00000000,0
1531168557911,1531168557904,2069654,0.00002994,731.00000000,0
1531168899875,1531168899870,2069655,0.00002994,561.00000000,0
1531168964015,1531168964009,2069656,0.00002994,123.00000000,0
1531169141346,1531169141339,2069657,0.00002982,268.00000000,1
1531169141346,1531169141339,2069658,0.00002981,672.00000000,1
1531169141346,1531169141339,2069659,0.00002980,568.00000000,1
1531169141346,1531169141339,2069660,0.00002978,50.00000000,1
1531169141346,1531169141339,2069661,0.00002974,1815.00000000,1
1531169141346,1531169141339,2069662,0.00002973,7558.00000000,1
1531169141346,1531169141339,2069663,0.00002972,213.00000000,1
1531169141346,1531169141339,2069664,0.00002970,21753.00000000,1
1531169141346,1531169141339,2069665,0.00002969,72295.00000000,1
1531169145210,1531169145207,2069666,0.00002980,199.00000000,1
1531169155336,1531169155329,2069667,0.00002980,978.00000000,1
1531169155336,1531169155329,2069668,0.00002969,2208.00000000,1
1531169155336,1531169155329,2069669,0.00002968,208.00000000,1
1531169155336,1531169155329,2069670,0.00002964,14710.00000000,1
1531169157687,1531169157682,2069671,0.00002991,35.00000000,0
1531169204031,1531169204028,2069672,0.00002981,338.00000000,0
1531169204031,1531169204028,2069673,0.00002981,1.00000000,0
1531169277780,1531169277778,2069674,0.00002981,2597.00000000,0
1531169320874,1531169320867,2069675,0.00002984,81.00000000,0
1531169320893,1531169320888,2069676,0.00002985,241.00000000,0
1531169321395,1531169321388,2069677,0.00002983,240.00000000,0
1531169321585,1531169321580,2069678,0.00002983,93.00000000,0
1531169328566,1531169328561,2069679,0.00002985,200.00000000,0
1531169400362,1531169400358,2069680,0.00002981,437.00000000,1
1531169421786,1531169421780,2069681,0.00002981,1342.00000000,1
1531169421801,1531169421797,2069682,0.00002981,408.00000000,0
1531169424095,1531169424090,2069683,0.00002981,123.00000000,1
1531169427056,1531169427053,2069684,0.00002981,1065.00000000,1
1531169427062,1531169427058,2069685,0.00002981,154.00000000,1
1531169427090,1531169427085,2069686,0.00002978,241.00000000,1
1531169427210,1531169427203,2069687,0.00002978,27.00000000,1
1531169427210,1531169427203,2069688,0.00002969,50.00000000,1
1531169427210,1531169427203,2069689,0.00002963,163.00000000,1
1531169447469,1531169447463,2069690,0.00002970,269.00000000,1
1531169447469,1531169447463,2069691,0.00002963,1231.00000000,1
1531169561708,1531169561702,2069692,0.00002962,169.00000000,1
1531169562199,1531169562193,2069693,0.00002960,389.00000000,1
1531169562199,1531169562193,2069694,0.00002959,81.00000000,1
1531169562199,1531169562193,2069695,0.00002958,189.00000000,1
1531169562199,1531169562193,2069696,0.00002957,254.00000000,1
1531169562199,1531169562193,2069697,0.00002952,762.00000000,1
1531169562199,1531169562193,2069698,0.00002951,34.00000000,1
1531169562199,1531169562193,2069699,0.00002950,2678.00000000,1
1531169562199,1531169562193,2069700,0.00002950,3284.00000000,1
1531169562200,1531169562193,2069701,0.00002950,2000.00000000,1
1531169562200,1531169562193,2069702,0.00002950,175.00000000,1
1531169562200,1531169562193,2069703,0.00002950,132.00000000,1
1531169562268,1531169562262,2069704,0.00002953,241.00000000,0
1531169563326,1531169563322,2069705,0.00002953,1682.00000000,0
1531169564096,1531169564093,2069706,0.00002950,720.00000000,1
1531169575866,1531169575864,2069707,0.00002952,450.00000000,0
1531169588816,1531169588808,2069708,0.00002952,1.00000000,0
1531169588816,1531169588808,2069709,0.00002953,32.00000000,0
1531169600019,1531169600013,2069710,0.00002950,321.00000000,1
1531169615553,1531169615547,2069711,0.00002950,1976.00000000,1
1531169628974,1531169628968,2069712,0.00002950,343.00000000,1
1531169682356,1531169682351,2069713,0.00002952,33.00000000,0
1531169683977,1531169683970,2069714,0.00002952,49.00000000,0
1531169694095,1531169694090,2069715,0.00002953,338.00000000,0
1531169735682,1531169735677,2069716,0.00002953,40.00000000,0
1531169778360,1531169778356,2069717,0.00002953,40.00000000,0
1531169890903,1531169890898,2069718,0.00002953,68.00000000,0
1531169944256,1531169944250,2069719,0.00002953,2013.00000000,0
1531169944256,1531169944250,2069720,0.00002955,222.00000000,0
1531170037011,1531170037006,2069721,0.00002955,40.00000000,0
1531170054889,1531170054884,2069722,0.00002955,2095.00000000,0
1531170065268,1531170065263,2069723,0.00002952,41.00000000,1
1531170070579,1531170070574,2069724,0.00002955,2.00000000,0
1531170070741,1531170070736,2069725,0.00002957,269.00000000,0
1531170078726,1531170078720,2069726,0.00002957,1.00000000,0
1531170095372,1531170095366,2069727,0.00002957,507.00000000,1
1531170095386,1531170095383,2069728,0.00002955,1805.00000000,0
1531170095397,1531170095391,2069729,0.00002955,1800.00000000,0
1531170095430,1531170095427,2069730,0.00002955,239.00000000,0
1531170095460,1531170095454,2069731,0.00002955,1538.00000000,0
1531170095472,1531170095467,2069732,0.00002955,1538.00000000,0
1531170095481,1531170095475,2069733,0.00002955,1538.00000000,0
1531170095493,1531170095487,2069734,0.00002955,1538.00000000,0
1531170095524,1531170095519,2069735,0.00002955,541.00000000,0
1531170095545,1531170095539,2069736,0.00002963,58.00000000,0
1531170334578,1531170334572,2069737,0.00002963,40.00000000,0
1531170340451,1531170340448,2069738,0.00002963,147.00000000,0
1531170340768,1531170340763,2069739,0.00002963,1012.00000000,0
1531170340769,1531170340763,2069740,0.00002963,217.00000000,0
1531170340818,1531170340814,2069741,0.00002963,165.00000000,0
1531170340869,1531170340862,2069742,0.00002963,80.00000000,0
1531170340961,1531170340956,2069743,0.00002963,252.00000000,0
1531170340974,1531170340969,2069744,0.00002963,150.00000000,0
1531170341024,1531170341018,2069745,0.00002963,120.00000000,0
1531170341224,1531170341219,2069746,0.00002963,337.00000000,0
1531170341363,1531170341357,2069747,0.00002963,160.00000000,0
1531170342052,1531170342046,2069748,0.00002963,539.00000000,0
1531170382673,1531170382671,2069749,0.00002963,40.00000000,0
1531170636155,1531170636150,2069750,0.00002963,40.00000000,0
1531170678232,1531170678226,2069751,0.00002963,40.00000000,0
1531170698997,1531170698992,2069752,0.00002954,220.00000000,1
1531170809725,1531170809719,2069753,0.00002954,50.00000000,1
1531170810344,1531170810339,2069754,0.00002954,774.00000000,0
1531170819980,1531170819975,2069755,0.00002952,226.00000000,1
1531170820340,1531170820336,2069756,0.00002952,598.00000000,0
1531170961382,1531170961375,2069757,0.00002962,40.00000000,0
1531170995481,1531170995478,2069758,0.00002952,1212.00000000,1
1531170998931,1531170998925,2069759,0.00002952,554.00000000,1
1531170998931,1531170998925,2069760,0.00002951,658.00000000,1
1531170999037,1531170999032,2069761,0.00002951,199.00000000,1
1531171000839,1531171000835,2069762,0.00002951,5.00000000,1
1531171068888,1531171068883,2069763,0.00002951,1090.00000000,1
1531171222853,1531171222842,2069764,0.00002962,40.00000000,0
1531171272341,1531171272335,2069765,0.00002962,146.00000000,0
1531171272341,1531171272335,2069766,0.00002963,767.00000000,0
1531171272341,1531171272335,2069767,0.00002966,269.00000000,0
1531171272341,1531171272335,2069768,0.00002968,50.00000000,0
1531171272341,1531171272335,2069769,0.00002972,201.00000000,0
1531171272341,1531171272335,2069770,0.00002976,90.00000000,0
1531171272341,1531171272335,2069771,0.00002977,50.00000000,0
1531171272341,1531171272335,2069772,0.00002979,1784.00000000,0
1531171424972,1531171424969,2069773,0.00002974,267.00000000,0
1531171462015,1531171462010,2069774,0.00002969,1188.00000000,1
1531171462015,1531171462010,2069775,0.00002967,10431.00000000,1
1531171462030,1531171462026,2069776,0.00002967,6914.00000000,0
1531171690974,1531171690970,2069777,0.00002964,214.00000000,1
1531171842383,1531171842379,2069778,0.00002960,50.00000000,1
1531171843467,1531171843463,2069779,0.00002960,1540.00000000,0
1531171845606,1531171845601,2069780,0.00002964,690.00000000,0
1531172050237,1531172050234,2069781,0.00002968,50.00000000,1
1531172119959,1531172119954,2069782,0.00002968,74.00000000,1
1531172332895,1531172332892,2069783,0.00002970,248.00000000,1
1531172386056,1531172386053,2069784,0.00002973,135.00000000,0
1531172445709,1531172445707,2069785,0.00002972,680.00000000,1
1531172447190,1531172447188,2069786,0.00002972,726.00000000,1
1531172597130,1531172597126,2069787,0.00002972,70.00000000,1
1531172597130,1531172597126,2069788,0.00002970,930.00000000,1
1531172753935,1531172753931,2069789,0.00002970,5.00000000,1
1531172821484,1531172821481,2069790,0.00002973,79.00000000,0
1531172821484,1531172821481,2069791,0.00002974,268.00000000,0
1531172821512,1531172821508,2069792,0.00002975,622.00000000,1
1531172821525,1531172821522,2069793,0.00002975,38.00000000,1
1531172821546,1531172821544,2069794,0.00002975,643.00000000,1
1531172821766,1531172821763,2069795,0.00002975,58.00000000,1
1531172832141,1531172832138,2069796,0.00002977,50.00000000,0
1531172832141,1531172832138,2069797,0.00002979,162.00000000,0
1531172832158,1531172832154,2069798,0.00002979,337.00000000,0
1531172832702,1531172832700,2069799,0.00002975,337.00000000,1
1531172835814,1531172835809,2069800,0.00002975,4.00000000,1
1531173141498,1531173141495,2069801,0.00002976,7.00000000,1
1531173196567,1531173196563,2069802,0.00002976,134.00000000,1
1531173263604,1531173263601,2069803,0.00002976,651.00000000,1
1531173386385,1531173386381,2069804,0.00002977,135.00000000,1
1531173390515,1531173390513,2069805,0.00002977,44.00000000,1
1531173402028,1531173402026,2069806,0.00002977,241.00000000,1
1531173427371,1531173427367,2069807,0.00002977,39.00000000,1
1531173427371,1531173427367,2069808,0.00002976,732.00000000,1
1531173427371,1531173427367,2069809,0.00002975,229.00000000,1
1531173448720,1531173448717,2069810,0.00002980,100.00000000,0
1531173453366,1531173453362,2069811,0.00002975,298.00000000,1
1531173580469,1531173580465,2069812,0.00002976,76.00000000,1
1531173580469,1531173580465,2069813,0.00002975,794.00000000,1
1531173617160,1531173617158,2069814,0.00002979,2211.00000000,0
1531173755629,1531173755627,2069815,0.00002979,73.00000000,0
1531173863466,1531173863463,2069816,0.00002979,335.00000000,0
1531173901328,1531173901326,2069817,0.00002979,211.00000000,0
1531173901337,1531173901334,2069818,0.00002979,94.00000000,0
1531173901457,1531173901454,2069819,0.00002979,75.00000000,0
1531174031954,1531174031951,2069820,0.00002980,2515.00000000,0
1531174087800,1531174087797,2069821,0.00002980,402.00000000,0
1531174112747,1531174112743,2069822,0.00002980,50.00000000,0
1531174210686,1531174210682,2069823,0.00002980,3470.00000000,0
1531174211689,1531174211685,2069824,0.00002982,268.00000000,0
1531174234354,1531174234351,2069825,0.00002986,50.00000000,0
1531174236783,1531174236780,2069826,0.00002989,258.00000000,0
1531174252768,1531174252764,2069827,0.00002994,61.00000000,0
1531174260773,1531174260771,2069828,0.00002989,160.00000000,0
1531174290851,1531174290849,2069829,0.00002995,50.00000000,0
1531174331201,1531174331199,2069830,0.00002998,333.00000000,0
1531174400829,1531174400826,2069831,0.00002995,150.00000000,0
1531174402838,1531174402836,2069832,0.00002992,165.00000000,0
1531174538705,1531174538703,2069833,0.00002992,2997.00000000,0
1531174544702,1531174544699,2069834,0.00002995,147.00000000,0
1531174546848,1531174546844,2069835,0.00002999,2411.00000000,0
1531174547855,1531174547853,2069836,0.00003000,99.00000000,0
1531174556690,1531174556687,2069837,0.00003004,950.00000000,0
1531174557709,1531174557707,2069838,0.00003005,43.00000000,0
1531174559700,1531174559695,2069839,0.00003006,360.00000000,0
1531174579114,1531174579112,2069840,0.00003009,336.00000000,0
1531174580851,1531174580849,2069841,0.00003009,80.00000000,0
1531174581851,1531174581849,2069842,0.00003011,1041.00000000,0
1531174582712,1531174582711,2069843,0.00003013,50.00000000,0
1531174591850,1531174591848,2069844,0.00003014,111.00000000,0
1531174593259,1531174593255,2069845,0.00003004,435.00000000,1
1531174593259,1531174593255,2069846,0.00003002,577.00000000,1
1531174607386,1531174607384,2069847,0.00003013,68.00000000,1
1531174638744,1531174638740,2069848,0.00003021,435.00000000,0
1531174638744,1531174638740,2069849,0.00003022,49.00000000,0
1531174638744,1531174638740,2069850,0.00003024,109.00000000,0
1531174638744,1531174638740,2069851,0.00003025,2552.00000000,0
1531174638766,1531174638764,2069852,0.00003025,36.00000000,1
1531174668082,1531174668080,2069853,0.00003026,243.00000000,0
1531174668082,1531174668080,2069854,0.00003030,200.00000000,0
1531174680413,1531174680411,2069855,0.00003030,66.00000000,1
1531174684821,1531174684818,2069856,0.00003030,119.00000000,1
1531174685813,1531174685811,2069857,0.00003030,19.00000000,1
1531174687968,1531174687965,2069858,0.00003014,145.00000000,1
1531174693182,1531174693179,2069859,0.00003009,252.00000000,1
1531174719362,1531174719360,2069860,0.00003006,80.00000000,1
1531174728409,1531174728392,2069861,0.00003006,217.00000000,1
1531174733370,1531174733368,2069862,0.00003006,258.00000000,1
1531174840729,1531174840727,2069863,0.00003006,79.00000000,0
1531174951453,1531174951451,2069864,0.00003020,1.00000000,0
1531174964535,1531174964533,2069865,0.00003007,33.00000000,1
1531175176864,1531175176862,2069866,0.00003007,918.00000000,1
1531175176864,1531175176862,2069867,0.00003006,1404.00000000,1
1531175193868,1531175193866,2069868,0.00003006,553.00000000,1
1531175194852,1531175194851,2069869,0.00003005,49.00000000,1
1531175210578,1531175210576,2069870,0.00003001,500.00000000,1
1531175210578,1531175210576,2069871,0.00003000,772.00000000,1
1531175211206,1531175211205,2069872,0.00003000,11696.00000000,1
1531175211863,1531175211861,2069873,0.00002996,168.00000000,1
1531175218772,1531175218769,2069874,0.00002995,266.00000000,1
1531175220847,1531175220845,2069875,0.00002991,2429.00000000,1
1531175221803,1531175221801,2069876,0.00002990,348.00000000,1
1531175224834,1531175224832,2069877,0.00002989,461.00000000,1
1531175315978,1531175315976,2069878,0.00002990,529.00000000,1
1531175315978,1531175315976,2069879,0.00002987,50.00000000,1
1531175324814,1531175324811,2069880,0.00002976,5.00000000,1
1531175385826,1531175385824,2069881,0.00002976,122.00000000,1
1531175451646,1531175451645,2069882,0.00002976,56.00000000,1
1531175453133,1531175453131,2069883,0.00002975,131.00000000,1
1531175453148,1531175453146,2069884,0.00002975,131.00000000,1
1531175473002,1531175472999,2069885,0.00002975,307.00000000,1
1531175630822,1531175630819,2069886,0.00002971,474.00000000,1
1531175634553,1531175634551,2069887,0.00002971,922.00000000,1
1531175634553,1531175634551,2069888,0.00002970,868.00000000,1
1531175635874,1531175635871,2069889,0.00002969,50.00000000,1
1531175636753,1531175636752,2069890,0.00002966,29.00000000,1
1531175668081,1531175668080,2069891,0.00002966,44.00000000,1
1531175690584,1531175690582,2069892,0.00002966,341.00000000,1
1531175760814,1531175760813,2069893,0.00002966,730.00000000,1
1531175764085,1531175764082,2069894,0.00002966,36.00000000,1
1531175789996,1531175789994,2069895,0.00002964,234.00000000,1
1531175833337,1531175833335,2069896,0.00002965,693.00000000,0
1531175833337,1531175833335,2069897,0.00002966,7958.00000000,0
1531175842387,1531175842385,2069898,0.00002964,500.00000000,1
1531175899838,1531175899836,2069899,0.00002964,66.00000000,1
1531175899838,1531175899836,2069900,0.00002962,500.00000000,1
1531175899838,1531175899836,2069901,0.00002960,545.00000000,1
1531175899838,1531175899836,2069902,0.00002959,270.00000000,1
1531175899838,1531175899836,2069903,0.00002958,637.00000000,1
1531175920358,1531175920355,2069904,0.00002963,33.00000000,0
1531175929546,1531175929545,2069905,0.00002961,50.00000000,0
1531175994122,1531175994121,2069906,0.00002958,15.00000000,1
1531176042039,1531176042038,2069907,0.00002960,40.00000000,0
1531176109753,1531176109751,2069908,0.00002960,419.00000000,0
1531176326793,1531176326790,2069909,0.00002963,40.00000000,0
1531176434884,1531176434881,2069910,0.00002960,445.00000000,1
1531176486333,1531176486333,2069911,0.00002958,91.00000000,1
1531176489674,1531176489673,2069912,0.00002958,229.00000000,0
1531176498967,1531176498963,2069913,0.00002957,797.00000000,1
1531176624015,1531176624014,2069914,0.00002958,40.00000000,0
1531176633030,1531176633028,2069915,0.00002953,560.00000000,1
1531176633030,1531176633028,2069916,0.00002951,190.00000000,1
1531176633030,1531176633028,2069917,0.00002950,2976.00000000,1
1531176633030,1531176633028,2069918,0.00002945,3720.00000000,1
1531176633030,1531176633028,2069919,0.00002944,37.00000000,1
1531176633047,1531176633045,2069920,0.00002943,667.00000000,0
1531176633056,1531176633055,2069921,0.00002943,667.00000000,0
1531176633057,1531176633056,2069922,0.00002943,669.00000000,0
1531176633075,1531176633073,2069923,0.00002943,56.00000000,0
1531176633093,1531176633091,2069924,0.00002943,23.00000000,0
1531176633177,1531176633176,2069925,0.00002945,1815.00000000,0
1531176634538,1531176634537,2069926,0.00002942,1.00000000,1
1531176634539,1531176634537,2069927,0.00002947,706.00000000,1
1531176636155,1531176636154,2069928,0.00002947,667.00000000,1
1531176681091,1531176681089,2069929,0.00002948,343.00000000,1
1531176724347,1531176724346,2069930,0.00002948,126.00000000,1
1531176731918,1531176731915,2069931,0.00002949,38.00000000,0
1531176731918,1531176731915,2069932,0.00002950,3457.00000000,0
1531176732031,1531176732029,2069933,0.00002947,2256.00000000,1
1531176732486,1531176732483,2069934,0.00002947,708.00000000,1
1531176776402,1531176776401,2069935,0.00002947,325.00000000,1
1531176796387,1531176796382,2069936,0.00002956,101.00000000,0
1531176927515,1531176927514,2069937,0.00002956,40.00000000,0
1531176996334,1531176996333,2069938,0.00002948,488.00000000,1
1531177145066,1531177145065,2069939,0.00002956,10.00000000,0
1531177162391,1531177162390,2069940,0.00002956,119.00000000,0
1531177361379,1531177361379,2069941,0.00002957,58.00000000,0
1531177638198,1531177638201,2069942,0.00002957,37.00000000,1
1531177713672,1531177713674,2069943,0.00002957,5.00000000,1
1531177959581,1531177959584,2069944,0.00002958,12.00000000,0
1531178087870,1531178087870,2069945,0.00002951,320.00000000,1
1531178116114,1531178116107,2069946,0.00002958,3.00000000,0
1531178116114,1531178116107,2069947,0.00002959,27.00000000,0
1531178158305,1531178158309,2069948,0.00002949,22.00000000,1
1531178258917,1531178258921,2069949,0.00002949,628.00000000,1
1531178258917,1531178258921,2069950,0.00002948,125.00000000,1
1531178258917,1531178258921,2069951,0.00002947,1395.00000000,1
1531178313047,1531178313051,2069952,0.00002959,101.00000000,0
1531178532263,1531178532266,2069953,0.00002958,17.00000000,0
1531178578941,1531178578945,2069954,0.00002958,338.00000000,0
1531178663679,1531178663682,2069955,0.00002948,4810.00000000,1
1531178663679,1531178663682,2069956,0.00002947,6074.00000000,1
1531178711683,1531178711688,2069957,0.00002947,6806.00000000,1
1531178745510,1531178745514,2069958,0.00002947,1169.00000000,1
1531178762693,1531178762696,2069959,0.00002947,2393.00000000,1
1531178804658,1531178804662,2069960,0.00002942,171.00000000,1
1531178818123,1531178818128,2069961,0.00002942,101.00000000,0
1531178834692,1531178834696,2069962,0.00002940,730.00000000,1
1531178834692,1531178834696,2069963,0.00002939,1030.00000000,1
1531178834692,1531178834696,2069964,0.00002935,64.00000000,1
1531178843377,1531178843382,2069965,0.00002940,233.00000000,0
1531178844896,1531178844899,2069966,0.00002935,1.00000000,1
1531178880238,1531178880241,2069967,0.00002935,4242.00000000,1
1531178880238,1531178880241,2069968,0.00002933,304.00000000,1
1531178880238,1531178880241,2069969,0.00002927,514.00000000,1
1531178880238,1531178880241,2069970,0.00002925,38.00000000,1
1531178880238,1531178880241,2069971,0.00002922,400.00000000,1
1531178880238,1531178880241,2069972,0.00002920,2930.00000000,1
1531178880238,1531178880241,2069973,0.00002918,1273.00000000,1
1531178880238,1531178880241,2069974,0.00002916,38.00000000,1
1531178880256,1531178880260,2069975,0.00002916,1555.00000000,0
1531178884724,1531178884727,2069976,0.00002918,209.00000000,1
1531178884724,1531178884727,2069977,0.00002917,85.00000000,1
1531178884724,1531178884727,2069978,0.00002916,2058.00000000,1
1531178884724,1531178884727,2069979,0.00002915,495.00000000,1
1531178884724,1531178884727,2069980,0.00002914,402.00000000,1
1531178884724,1531178884727,2069981,0.00002913,126.00000000,1
1531178884724,1531178884727,2069982,0.00002912,117.00000000,1
1531178884724,1531178884727,2069983,0.00002911,2070.00000000,1
1531178884741,1531178884746,2069984,0.00002911,957.00000000,0
1531178884997,1531178885000,2069985,0.00002932,272.00000000,0
1531178884997,1531178885000,2069986,0.00002933,119.00000000,0
1531178884997,1531178885000,2069987,0.00002936,41.00000000,0
1531178884997,1531178885000,2069988,0.00002938,82.00000000,0
1531178884997,1531178885000,2069989,0.00002939,443.00000000,0
1531178888173,1531178888177,2069990,0.00002917,223.00000000,0
1531178888866,1531178888871,2069991,0.00002915,1210.00000000,1
1531178888866,1531178888871,2069992,0.00002914,14577.00000000,1
1531178890811,1531178890817,2069993,0.00002919,200.00000000,0
1531178893179,1531178893184,2069994,0.00002920,726.00000000,0
1531178893224,1531178893230,2069995,0.00002921,457.00000000,0
1531178897018,1531178897023,2069996,0.00002921,1181.00000000,0
1531178918137,1531178918141,2069997,0.00002921,3.00000000,0
1531178925676,1531178925680,2069998,0.00002921,77.00000000,1
1531178925929,1531178925933,2069999,0.00002921,346.00000000,1
1531178929065,1531178929071,2070000,0.00002922,45.00000000,0
1531178934196,1531178934200,2070001,0.00002921,375.00000000,1
1531178938419,1531178938422,2070002,0.00002922,34.00000000,0
1531178943929,1531178943935,2070003,0.00002921,38.00000000,1
1531178945833,1531178945838,2070004,0.00002921,1870.00000000,1
1531178976621,1531178976626,2070005,0.00002916,444.00000000,1
1531178976621,1531178976626,2070006,0.00002915,3556.00000000,1
1531178986595,1531178986600,2070007,0.00002915,270.00000000,1
1531178986595,1531178986600,2070008,0.00002914,82.00000000,1
1531178986595,1531178986600,2070009,0.00002912,371.00000000,1
1531178986595,1531178986600,2070010,0.00002910,174.00000000,1
1531178986607,1531178986613,2070011,0.00002910,5084.00000000,0
1531178986607,1531178986613,2070012,0.00002910,5084.00000000,0
1531178986610,1531178986617,2070013,0.00002910,4929.00000000,0
1531178986616,1531178986621,2070014,0.00002910,4972.00000000,0
1531178986638,1531178986642,2070015,0.00002908,2843.00000000,1
1531178986638,1531178986642,2070016,0.00002907,51.00000000,1
1531178986638,1531178986642,2070017,0.00002906,7162.00000000,1
1531179014142,1531179014147,2070018,0.00002926,7.00000000,0
1531179021231,1531179021235,2070019,0.00002911,1210.00000000,1
1531179021244,1531179021248,2070020,0.00002911,4606.00000000,0
1531179025028,1531179025034,2070021,0.00002918,452.00000000,0
1531179025035,1531179025041,2070022,0.00002918,1.00000000,0
1531179026687,1531179026693,2070023,0.00002918,35.00000000,1
1531179026831,1531179026836,2070024,0.00002918,417.00000000,1
1531179026847,1531179026853,2070025,0.00002912,1212.00000000,0
1531179030790,1531179030794,2070026,0.00002926,7.00000000,0
1531179095803,1531179095807,2070027,0.00002925,66.00000000,0
1531179133061,1531179133067,2070028,0.00002917,214.00000000,1
1531179155057,1531179155063,2070029,0.00002920,2.00000000,1
1531179161074,1531179161080,2070030,0.00002918,488.00000000,1
1531179216437,1531179216443,2070031,0.00002919,1342.00000000,1
1531179216437,1531179216443,2070032,0.00002916,51.00000000,1
1531179216437,1531179216443,2070033,0.00002914,625.00000000,1
1531179283062,1531179283068,2070034,0.00002925,17.00000000,0
1531179283062,1531179283068,2070035,0.00002926,15.00000000,0
1531179349250,1531179349255,2070036,0.00002917,1342.00000000,1
1531179349267,1531179349272,2070037,0.00002917,747.00000000,0
1531179489048,1531179489055,2070038,0.00002917,439.00000000,0
1531179489052,1531179489060,2070039,0.00002917,1.00000000,0
1531179578209,1531179578213,2070040,0.00002916,51.00000000,1
1531179578237,1531179578242,2070041,0.00002916,349.00000000,0
1531179638931,1531179638936,2070042,0.00002921,41.00000000,0
1531179665263,1531179665269,2070043,0.00002921,9.00000000,0
1531179781349,1531179781356,2070044,0.00002921,342.00000000,0
1531179818179,1531179818185,2070045,0.00002921,193.00000000,0
1531179818179,1531179818185,2070046,0.00002922,6216.00000000,0
1531179818179,1531179818185,2070047,0.00002924,2516.00000000,0
1531179818179,1531179818185,2070048,0.00002925,5941.00000000,0
1531179833690,1531179833696,2070049,0.00002925,59.00000000,0
1531179841486,1531179841493,2070050,0.00002916,1.00000000,1
1531179848824,1531179848828,2070051,0.00002925,244.00000000,0
1531179851177,1531179851183,2070052,0.00002925,979.00000000,0
1531179852179,1531179852187,2070053,0.00002925,979.00000000,0
1531179853180,1531179853186,2070054,0.00002925,979.00000000,0
1531179854176,1531179854184,2070055,0.00002925,819.00000000,0
1531179856619,1531179856626,2070056,0.00002926,180.00000000,0
1531179858167,1531179858173,2070057,0.00002926,432.00000000,0
1531179878659,1531179878663,2070058,0.00002927,58.00000000,0
1531179878659,1531179878663,2070059,0.00002932,51.00000000,0
1531179878659,1531179878663,2070060,0.00002933,35.00000000,0
1531179878659,1531179878663,2070061,0.00002941,51.00000000,0
1531179878659,1531179878663,2070062,0.00002942,45.00000000,0
1531179878659,1531179878663,2070063,0.00002946,152.00000000,0
1531179878659,1531179878663,2070064,0.00002949,91.00000000,0
1531179878659,1531179878663,2070065,0.00002950,51.00000000,0
1531179878659,1531179878663,2070066,0.00002951,339.00000000,0
1531179878659,1531179878663,2070067,0.00002953,8000.00000000,0
1531179878659,1531179878663,2070068,0.00002954,15000.00000000,0
1531179878659,1531179878663,2070069,0.00002957,36.00000000,0
1531179878659,1531179878663,2070070,0.00002957,25.00000000,0
1531179878724,1531179878729,2070071,0.00002959,59.00000000,0
1531179878737,1531179878744,2070072,0.00002959,33.00000000,0
1531179878737,1531179878744,2070073,0.00002961,2836.00000000,0
1531179878815,1531179878822,2070074,0.00002961,164.00000000,0
1531179878964,1531179878973,2070075,0.00002962,53.00000000,0
1531179878964,1531179878973,2070076,0.00002965,290.00000000,0
1531179879381,1531179879387,2070077,0.00002965,8878.00000000,0
1531179880192,1531179880198,2070078,0.00002964,500.00000000,0
1531179880192,1531179880198,2070079,0.00002965,842.00000000,0
1531179880733,1531179880739,2070080,0.00002965,200.00000000,0
1531179913250,1531179913256,2070081,0.00002960,34.00000000,1
1531179948472,1531179948479,2070082,0.00002962,1351.00000000,1
1531179948472,1531179948479,2070083,0.00002960,1318.00000000,1
1531179948497,1531179948503,2070084,0.00002960,60.00000000,0
1531179965363,1531179965368,2070085,0.00002965,2243.00000000,0
1531179967203,1531179967210,2070086,0.00002968,50.00000000,0
1531179996470,1531179996477,2070087,0.00002972,28.00000000,0
1531179996738,1531179996744,2070088,0.00002972,192.00000000,0
1531180037221,1531180037227,2070089,0.00002977,50.00000000,0
1531180050526,1531180050533,2070090,0.00002980,146.00000000,0
1531180053323,1531180053328,2070091,0.00002980,274.00000000,0
1531180053541,1531180053550,2070092,0.00002980,313.00000000,1
1531180076058,1531180076063,2070093,0.00002981,277.00000000,1
1531180090509,1531180090515,2070094,0.00002983,33.00000000,1
1531180091614,1531180091621,2070095,0.00002983,241.00000000,1
1531180091643,1531180091651,2070096,0.00002983,28.00000000,1
1531180110226,1531180110232,2070097,0.00002986,50.00000000,0
1531180113230,1531180113235,2070098,0.00002987,40.00000000,0
1531180121648,1531180121655,2070099,0.00002988,64.00000000,0
1531180121708,1531180121714,2070100,0.00002993,2497.00000000,1
1531180125422,1531180125430,2070101,0.00002985,50.00000000,1
1531180131306,1531180131313,2070102,0.00002985,364.00000000,1
1531180161221,1531180161227,2070103,0.00002979,235.00000000,1
1531180163223,1531180163230,2070104,0.00002978,50.00000000,1
1531180165225,1531180165230,2070105,0.00002976,352.00000000,1
1531180168380,1531180168386,2070106,0.00002969,50.00000000,1
1531180169226,1531180169234,2070107,0.00002970,42.00000000,1
1531180171368,1531180171374,2070108,0.00002970,187.00000000,1
1531180171368,1531180171374,2070109,0.00002968,150.00000000,1
1531180173372,1531180173379,2070110,0.00002968,187.00000000,1
1531180183625,1531180183631,2070111,0.00002972,83.00000000,0
1531180186770,1531180186777,2070112,0.00002972,34.00000000,0
1531180269970,1531180269976,2070113,0.00002972,118.00000000,0
1531180269970,1531180269976,2070114,0.00002973,67.00000000,0
1531180269970,1531180269976,2070115,0.00002977,327.00000000,0
1531180269970,1531180269976,2070116,0.00002978,686.00000000,0
1531180269970,1531180269976,2070117,0.00002979,1180.00000000,0
1531180269970,1531180269976,2070118,0.00002980,4004.00000000,0
1531180319511,1531180319518,2070119,0.00002986,50.00000000,0
1531180374162,1531180374167,2070120,0.00002994,34.00000000,0
1531180374162,1531180374167,2070121,0.00002995,90.00000000,0
1531180374162,1531180374167,2070122,0.00002996,309.00000000,0
1531180374179,1531180374185,2070123,0.00002996,262.00000000,0
1531180382131,1531180382136,2070124,0.00002996,1.00000000,0
1531180382131,1531180382136,2070125,0.00003000,50.00000000,0
1531180382131,1531180382136,2070126,0.00003002,674.00000000,0
1531180382131,1531180382136,2070127,0.00003003,355.00000000,0
1531180393355,1531180393363,2070128,0.00002987,27.00000000,1
1531180394133,1531180394141,2070129,0.00003004,1342.00000000,0
1531180400853,1531180400859,2070130,0.00003004,34.00000000,0
1531180412038,1531180412045,2070131,0.00003004,50.00000000,0
1531180414525,1531180414531,2070132,0.00003004,74.00000000,0
1531180414549,1531180414554,2070133,0.00003009,631.00000000,0
1531180414549,1531180414554,2070134,0.00003013,49.00000000,0
1531180414549,1531180414554,2070135,0.00003018,67.00000000,0
1531180414549,1531180414554,2070136,0.00003020,121.00000000,0
1531180414549,1531180414554,2070137,0.00003022,49.00000000,0
1531180414549,1531180414554,2070138,0.00003031,50.00000000,0
1531180414549,1531180414554,2070139,0.00003033,135.00000000,0
1531180414549,1531180414554,2070140,0.00003037,33.00000000,0
1531180414549,1531180414554,2070141,0.00003038,643.00000000,0
1531180414549,1531180414554,2070142,0.00003039,498.00000000,0
1531180414549,1531180414554,2070143,0.00003040,200.00000000,0
1531180414549,1531180414554,2070144,0.00003045,133.00000000,0
1531180414549,1531180414554,2070145,0.00003048,107.00000000,0
1531180414553,1531180414555,2070146,0.00003048,643.00000000,0
1531180414553,1531180414555,2070147,0.00003049,1242.00000000,0
1531180414553,1531180414555,2070148,0.00003050,848.00000000,0
1531180414572,1531180414580,2070149,0.00003053,34.00000000,0
1531180414572,1531180414580,2070150,0.00003054,39.00000000,0
1531180414711,1531180414717,2070151,0.00003054,1342.00000000,0
1531180415053,1531180415061,2070152,0.00003054,39.00000000,0
1531180415597,1531180415603,2070153,0.00003026,48.00000000,1
1531180415597,1531180415603,2070154,0.00003009,85.00000000,1
1531180415601,1531180415608,2070155,0.00003054,200.00000000,0
1531180416347,1531180416353,2070156,0.00003010,3.00000000,1
1531180418598,1531180418603,2070157,0.00003041,48.00000000,0
1531180418598,1531180418603,2070158,0.00003054,79.00000000,0
1531180418598,1531180418603,2070159,0.00003058,262.00000000,0
1531180418598,1531180418603,2070160,0.00003067,322.00000000,0
1531180418598,1531180418603,2070161,0.00003068,846.00000000,0
1531180418598,1531180418603,2070162,0.00003070,646.00000000,0
1531180418598,1531180418603,2070163,0.00003071,2946.00000000,0
1531180419227,1531180419236,2070164,0.00003071,41.00000000,0
1531180420223,1531180420231,2070165,0.00003018,232.00000000,1
1531180425201,1531180425209,2070166,0.00003045,393.00000000,1
1531180425540,1531180425548,2070167,0.00003045,114.00000000,0
1531180425565,1531180425572,2070168,0.00003068,794.00000000,0
1531180425569,1531180425577,2070169,0.00003068,662.00000000,0
1531180425569,1531180425577,2070170,0.00003069,245.00000000,0
1531180425569,1531180425577,2070171,0.00003069,241.00000000,0
1531180425610,1531180425617,2070172,0.00003068,180.00000000,0
1531180425610,1531180425617,2070173,0.00003069,145.00000000,0
1531180425718,1531180425725,2070174,0.00003044,11.00000000,1
1531180425829,1531180425836,2070175,0.00003068,213.00000000,0
1531180425829,1531180425836,2070176,0.00003069,2110.00000000,0
1531180425829,1531180425836,2070177,0.00003071,1235.00000000,0
1531180425829,1531180425836,2070178,0.00003073,7942.00000000,0
1531180428752,1531180428759,2070179,0.00003046,11.00000000,1
1531180429961,1531180429969,2070180,0.00003072,33.00000000,0
1531180441162,1531180441170,2070181,0.00003071,33.00000000,0
1531180441355,1531180441361,2070182,0.00003071,165.00000000,0
1531180441370,1531180441377,2070183,0.00003071,165.00000000,0
1531180441388,1531180441395,2070184,0.00003071,33.00000000,0
1531180441419,1531180441428,2070185,0.00003071,33.00000000,0
1531180442478,1531180442483,2070186,0.00003071,33.00000000,0
1531180443333,1531180443341,2070187,0.00003064,131.00000000,1
1531180443590,1531180443598,2070188,0.00003071,64.00000000,0
1531180448535,1531180448542,2070189,0.00003057,220.00000000,1
1531180448535,1531180448542,2070190,0.00003056,131.00000000,1
1531180448535,1531180448542,2070191,0.00003052,596.00000000,1
1531180448560,1531180448567,2070192,0.00003052,131.00000000,1
1531180448560,1531180448567,2070193,0.00003050,37.00000000,1
1531180448560,1531180448567,2070194,0.00003048,51.00000000,1
1531180451473,1531180451480,2070195,0.00003049,77.00000000,1
1531180452257,1531180452263,2070196,0.00003049,551.00000000,1
1531180452475,1531180452482,2070197,0.00003048,180.00000000,1
1531180452475,1531180452482,2070198,0.00003041,6.00000000,1
1531180452651,1531180452658,2070199,0.00003052,101.00000000,0
1531180452651,1531180452658,2070200,0.00003069,228.00000000,0
1531180455053,1531180455059,2070201,0.00003051,328.00000000,0
1531180458832,1531180458839,2070202,0.00003045,30.00000000,1
1531180459225,1531180459233,2070203,0.00003045,176.00000000,1
1531180461203,1531180461209,2070204,0.00003051,34.00000000,0
1531180461692,1531180461701,2070205,0.00003051,34.00000000,0
1531180461931,1531180461939,2070206,0.00003051,47.00000000,0
1531180461938,1531180461946,2070207,0.00003051,34.00000000,0
1531180463859,1531180463865,2070208,0.00003051,47.00000000,0
1531180463883,1531180463891,2070209,0.00003051,43.00000000,0
1531180463886,1531180463892,2070210,0.00003051,47.00000000,0
1531180463895,1531180463901,2070211,0.00003051,25.00000000,0
1531180467861,1531180467869,2070212,0.00003046,38.00000000,1
1531180468893,1531180468901,2070213,0.00003047,16.00000000,1
1531180470022,1531180470032,2070214,0.00003047,13.00000000,1
1531180474370,1531180474377,2070215,0.00003044,30.00000000,1
1531180481190,1531180481197,2070216,0.00003048,568.00000000,0
1531180481190,1531180481197,2070217,0.00003049,179.00000000,0
1531180482175,1531180482181,2070218,0.00003044,230.00000000,1
1531180485354,1531180485361,2070219,0.00003049,68.00000000,0
1531180509925,1531180509933,2070220,0.00003046,924.00000000,1
1531180509925,1531180509933,2070221,0.00003044,1.00000000,1
1531180534120,1531180534127,2070222,0.00003044,167.00000000,1
1531180535484,1531180535490,2070223,0.00003043,1776.00000000,1
1531180535484,1531180535490,2070224,0.00003041,675.00000000,1
1531180539433,1531180539440,2070225,0.00003034,64.00000000,1
1531180542231,1531180542235,2070226,0.00003039,34.00000000,0
1531180562900,1531180562907,2070227,0.00003034,1.00000000,1
1531180562900,1531180562907,2070228,0.00003032,66.00000000,1
1531180562900,1531180562907,2070229,0.00003031,432.00000000,1
1531180563940,1531180563945,2070230,0.00003030,47.00000000,0
1531180565922,1531180565930,2070231,0.00003030,47.00000000,0
1531180571550,1531180571559,2070232,0.00003029,120.00000000,1
1531180573044,1531180573050,2070233,0.00003029,212.00000000,1
1531180576812,1531180576819,2070234,0.00003029,260.00000000,1
1531180583965,1531180583970,2070235,0.00003023,166.00000000,1
1531180583965,1531180583970,2070236,0.00003020,102.00000000,1
1531180583965,1531180583970,2070237,0.00003017,34.00000000,1
1531180583965,1531180583970,2070238,0.00003012,40.00000000,1
1531180585253,1531180585261,2070239,0.00003012,338.00000000,1
1531180590242,1531180590247,2070240,0.00003014,338.00000000,1
1531180602453,1531180602459,2070241,0.00003012,352.00000000,1
1531180602453,1531180602459,2070242,0.00003009,81.00000000,1
1531180602681,1531180602688,2070243,0.00003023,35.00000000,0
1531180602681,1531180602688,2070244,0.00003030,15.00000000,0
1531180632849,1531180632856,2070245,0.00003013,15.00000000,1
1531180636538,1531180636545,2070246,0.00003030,3.00000000,0
1531180641284,1531180641291,2070247,0.00003009,47.00000000,1
1531180657575,1531180657581,2070248,0.00003009,104.00000000,1
1531180713003,1531180713010,2070249,0.00003009,1000.00000000,1
1531180713003,1531180713010,2070250,0.00003005,22.00000000,1
1531180768360,1531180768366,2070251,0.00003005,27.00000000,1
1531180768360,1531180768366,2070252,0.00003003,568.00000000,1
1531180768360,1531180768366,2070253,0.00003002,151.00000000,1
1531180779677,1531180779683,2070254,0.00003003,65.00000000,1
1531180810843,1531180810849,2070255,0.00003006,68.00000000,1
1531180960072,1531180960077,2070256,0.00003005,6.00000000,1
1531180968465,1531180968469,2070257,0.00003005,85.00000000,1
1531180971410,1531180971416,2070258,0.00003029,372.00000000,0
1531181003748,1531181003752,2070259,0.00003029,186.00000000,1
1531181008334,1531181008339,2070260,0.00003029,118.00000000,1
1531181019132,1531181019136,2070261,0.00003029,50.00000000,0
1531181027323,1531181027328,2070262,0.00003005,328.00000000,1
1531181055985,1531181055989,2070263,0.00003010,31.00000000,1
1531181071514,1531181071519,2070264,0.00003010,350.00000000,1
1531181085500,1531181085505,2070265,0.00003005,41.00000000,1
1531181093934,1531181093937,2070266,0.00003003,500.00000000,1
1531181107093,1531181107098,2070267,0.00003003,500.00000000,1
1531181116584,1531181116589,2070268,0.00003004,203.00000000,1
1531181116584,1531181116589,2070269,0.00003003,297.00000000,1
1531181132979,1531181132985,2070270,0.00003009,265.00000000,1
1531181160126,1531181160129,2070271,0.00003005,49.00000000,1
1531181167619,1531181167624,2070272,0.00003003,75.00000000,1
1531181237074,1531181237077,2070273,0.00003003,500.00000000,1
1531181245535,1531181245512,2070274,0.00003002,250.00000000,1
1531181250375,1531181250380,2070275,0.00003003,169.00000000,0
1531181275558,1531181275562,2070276,0.00003003,82.00000000,0
1531181313515,1531181313518,2070277,0.00003003,235.00000000,0
1531181316613,1531181316618,2070278,0.00003002,307.00000000,1
1531181320298,1531181320303,2070279,0.00003002,2356.00000000,1
1531181328780,1531181328783,2070280,0.00003002,234.00000000,0
1531181362213,1531181362217,2070281,0.00003001,7.00000000,1
1531181370181,1531181370185,2070282,0.00003001,27.00000000,1
1531181370582,1531181370587,2070283,0.00003000,167.00000000,1
1531181395874,1531181395877,2070284,0.00002996,49.00000000,1
1531181397583,1531181397587,2070285,0.00002995,36.00000000,1
1531181409671,1531181409676,2070286,0.00002995,84.00000000,1
1531181437616,1531181437620,2070287,0.00002994,70.00000000,1
1531181447993,1531181447997,2070288,0.00002994,15.00000000,1
1531181449306,1531181449309,2070289,0.00002994,84.00000000,1
1531181486290,1531181486294,2070290,0.00002994,235.00000000,0
1531181494026,1531181494028,2070291,0.00002993,955.00000000,1
1531181494026,1531181494028,2070292,0.00002991,267.00000000,1
1531181494026,1531181494028,2070293,0.00002988,205.00000000,1
1531181494026,1531181494028,2070294,0.00002987,218.00000000,1
1531181494026,1531181494028,2070295,0.00002984,102.00000000,1
1531181494026,1531181494028,2070296,0.00002982,341.00000000,1
1531181494026,1531181494028,2070297,0.00002981,435.00000000,1
1531181507316,1531181507321,2070298,0.00002982,223.00000000,1
1531181521883,1531181521885,2070299,0.00002982,116.00000000,0
1531181555844,1531181555846,2070300,0.00002982,650.00000000,1
1531181564582,1531181564587,2070301,0.00002982,37.00000000,1
1531181622824,1531181622826,2070302,0.00002982,1566.00000000,1
1531181622840,1531181622842,2070303,0.00002982,237.00000000,0
1531181651313,1531181651316,2070304,0.00002981,349.00000000,1
1531181651313,1531181651316,2070305,0.00002978,50.00000000,1
1531181651313,1531181651316,2070306,0.00002976,944.00000000,1
1531181651313,1531181651316,2070307,0.00002972,135.00000000,1
1531181673756,1531181673760,2070308,0.00002972,185.00000000,1
1531181673756,1531181673760,2070309,0.00002971,1250.00000000,1
1531181695646,1531181695649,2070310,0.00002971,336.00000000,0
1531181713482,1531181713486,2070311,0.00002969,177.00000000,1
1531181746670,1531181746673,2070312,0.00002968,35.00000000,1
1531181746670,1531181746673,2070313,0.00002967,68.00000000,1
1531181749474,1531181749478,2070314,0.00002964,95.00000000,0
1531181772482,1531181772486,2070315,0.00002963,82.00000000,1
1531181780559,1531181780564,2070316,0.00002963,98.00000000,1
1531181780577,1531181780580,2070317,0.00002963,71.00000000,0
1531181780623,1531181780626,2070318,0.00002964,46.00000000,0
1531181782383,1531181782386,2070319,0.00002965,182.00000000,0
1531181782958,1531181782961,2070320,0.00002960,39.00000000,1
1531181783457,1531181783462,2070321,0.00002965,1311.00000000,0
1531181795088,1531181795092,2070322,0.00002960,11.00000000,1
1531181809346,1531181809349,2070323,0.00002958,101.00000000,1
1531181824978,1531181824981,2070324,0.00002958,70.00000000,1
1531181831564,1531181831567,2070325,0.00002956,182.00000000,1
1531181841765,1531181841770,2070326,0.00002954,270.00000000,1
1531181855227,1531181855230,2070327,0.00002953,34.00000000,1
1531181871129,1531181871133,2070328,0.00002952,137.00000000,1
1531181881988,1531181881989,2070329,0.00002951,50.00000000,1
1531181893963,1531181893966,2070330,0.00002950,35.00000000,1
1531181894757,1531181894761,2070331,0.00002950,122.00000000,1
1531181895301,1531181895305,2070332,0.00002952,83.00000000,0
1531181897730,1531181897734,2070333,0.00002950,27.00000000,1
1531181900846,1531181900849,2070334,0.00002950,28.00000000,0
1531181901295,1531181901298,2070335,0.00002950,28.00000000,0
1531181901295,1531181901298,2070336,0.00002952,33.00000000,0
1531181902067,1531181902071,2070337,0.00002952,40.00000000,0
1531181902831,1531181902834,2070338,0.00002948,40.00000000,1
1531181913253,1531181913257,2070339,0.00002948,343.00000000,1
1531181930899,1531181930902,2070340,0.00002954,50.00000000,0
1531181944351,1531181944354,2070341,0.00002948,15.00000000,1
1531181963191,1531181963193,2070342,0.00002948,502.00000000,1
1531181963350,1531181963354,2070343,0.00002947,379.00000000,0
1531182070634,1531182070635,2070344,0.00002945,1979.00000000,1
1531182174145,1531182174147,2070345,0.00002943,78.00000000,1
1531182208016,1531182208019,2070346,0.00002943,259.00000000,1
1531182238832,1531182238836,2070347,0.00002942,76.00000000,1
1531182247279,1531182247283,2070348,0.00002943,1514.00000000,0
1531182282811,1531182282813,2070349,0.00002942,144.00000000,1
1531182297462,1531182297464,2070350,0.00002939,105.00000000,1
1531182297462,1531182297464,2070351,0.00002938,399.00000000,1
1531182326361,1531182326364,2070352,0.00002938,375.00000000,1
1531182326387,1531182326390,2070353,0.00002938,442.00000000,0
1531182353666,1531182353669,2070354,0.00002938,20.00000000,0
1531182354658,1531182354661,2070355,0.00002944,972.00000000,0
1531182355693,1531182355666,2070356,0.00002944,972.00000000,0
1531182356468,1531182356471,2070357,0.00002944,348.00000000,0
1531182356678,1531182356680,2070358,0.00002945,442.00000000,0
1531182357763,1531182357765,2070359,0.00002947,70.00000000,0
1531182380370,1531182380371,2070360,0.00002944,344.00000000,1
1531182398597,1531182398600,2070361,0.00002945,1212.00000000,1
1531182403093,1531182403094,2070362,0.00002946,270.00000000,1
1531182403093,1531182403094,2070363,0.00002945,169.00000000,1
1531182425178,1531182425180,2070364,0.00002953,82.00000000,0
1531182425178,1531182425180,2070365,0.00002954,109.00000000,0
1531182425178,1531182425180,2070366,0.00002958,30.00000000,0
1531182425178,1531182425180,2070367,0.00002967,117.00000000,0
1531182500411,1531182500411,2070368,0.00002949,227.00000000,1
1531182500411,1531182500411,2070369,0.00002946,87.00000000,1
1531182500411,1531182500411,2070370,0.00002945,224.00000000,1
1531182500411,1531182500411,2070371,0.00002944,334.00000000,1
1531182500411,1531182500411,2070372,0.00002943,1079.00000000,1
1531182500411,1531182500411,2070373,0.00002942,50.00000000,1
1531182500411,1531182500411,2070374,0.00002941,1651.00000000,1
1531182500411,1531182500411,2070375,0.00002940,992.00000000,1
1531182500411,1531182500411,2070376,0.00002938,521.00000000,1
1531182500411,1531182500411,2070377,0.00002937,189.00000000,1
1531182500411,1531182500411,2070378,0.00002934,397.00000000,1
1531182500411,1531182500411,2070379,0.00002933,50.00000000,1
1531182500411,1531182500411,2070380,0.00002932,1084.00000000,1
1531182511578,1531182511580,2070381,0.00002936,58.00000000,1
1531182521867,1531182521867,2070382,0.00002930,75.00000000,1
1531182521867,1531182521867,2070383,0.00002929,36.00000000,1
1531182521867,1531182521867,2070384,0.00002928,82.00000000,1
1531182521867,1531182521867,2070385,0.00002923,344.00000000,1
1531182521867,1531182521867,2070386,0.00002922,273.00000000,1
1531182521867,1531182521867,2070387,0.00002921,205.00000000,1
1531182521867,1531182521867,2070388,0.00002919,1000.00000000,1
1531182521867,1531182521867,2070389,0.00002918,104.00000000,1
1531182561660,1531182561663,2070390,0.00002922,35.00000000,1
1531182583157,1531182583159,2070391,0.00002922,89.00000000,1
1531182583211,1531182583214,2070392,0.00002922,38.00000000,0
1531182583236,1531182583238,2070393,0.00002922,38.00000000,0
1531182583621,1531182583624,2070394,0.00002922,181.00000000,0
1531182599480,1531182599484,2070395,0.00002922,195.00000000,0
1531182602771,1531182602773,2070396,0.00002920,644.00000000,1
1531182602771,1531182602773,2070397,0.00002919,188.00000000,1
1531182641682,1531182641683,2070398,0.00002932,120.00000000,0
1531182641682,1531182641683,2070399,0.00002933,227.00000000,0
1531182641682,1531182641683,2070400,0.00002937,237.00000000,0
1531182641682,1531182641683,2070401,0.00002938,715.00000000,0
1531182641683,1531182641685,2070402,0.00002938,39.00000000,0
1531182641693,1531182641694,2070403,0.00002938,330.00000000,0
1531182641693,1531182641694,2070404,0.00002939,205.00000000,0
1531182641693,1531182641694,2070405,0.00002948,847.00000000,0
1531182641693,1531182641694,2070406,0.00002952,339.00000000,0
1531182641693,1531182641694,2070407,0.00002953,188.00000000,0
1531182641693,1531182641694,2070408,0.00002967,539.00000000,0
1531182642970,1531182642971,2070409,0.00002967,799.00000000,1
1531182643810,1531182643812,2070410,0.00002966,618.00000000,0
1531182643810,1531182643812,2070411,0.00002967,852.00000000,0
1531182643810,1531182643812,2070412,0.00002968,727.00000000,0
1531182643810,1531182643812,2070413,0.00002970,137.00000000,0
1531182643810,1531182643812,2070414,0.00002973,121.00000000,0
1531182693174,1531182693177,2070415,0.00002941,11.00000000,1
1531182699079,1531182699080,2070416,0.00002942,10.00000000,1
1531182702251,1531182702253,2070417,0.00002941,10.00000000,1
1531182719177,1531182719178,2070418,0.00002942,1.00000000,1
1531182743659,1531182743662,2070419,0.00002943,16.00000000,1
1531182745619,1531182745620,2070420,0.00002942,16.00000000,1
1531182791331,1531182791331,2070421,0.00002952,58.00000000,0
1531182791331,1531182791331,2070422,0.00002954,270.00000000,0
1531182791331,1531182791331,2070423,0.00002956,10.00000000,0
1531182851658,1531182851659,2070424,0.00002947,622.00000000,1
1531182851658,1531182851659,2070425,0.00002945,371.00000000,1
1531182851658,1531182851659,2070426,0.00002943,1738.00000000,1
1531182851658,1531182851659,2070427,0.00002942,712.00000000,1
1531182910285,1531182910284,2070428,0.00002943,21.00000000,1
1531182912490,1531182912489,2070429,0.00002942,21.00000000,1
1531183227521,1531183227522,2070430,0.00002946,1.00000000,1
1531183296494,1531183296494,2070431,0.00002956,4.00000000,0
1531183308061,1531183308061,2070432,0.00002956,10.00000000,0
1531183316145,1531183316146,2070433,0.00002946,73.00000000,1
1531183371658,1531183371658,2070434,0.00002949,3465.00000000,1
1531183371658,1531183371658,2070435,0.00002948,343.00000000,1
1531183371658,1531183371658,2070436,0.00002947,536.00000000,1
1531183371658,1531183371658,2070437,0.00002945,734.00000000,1
1531183371658,1531183371658,2070438,0.00002942,1395.00000000,1
1531183538800,1531183538800,2070439,0.00002956,1.00000000,0
1531183578568,1531183578566,2070440,0.00002942,736.00000000,1
1531183596366,1531183596366,2070441,0.00002942,755.00000000,1
1531183596893,1531183596891,2070442,0.00002942,582.00000000,1
1531183847773,1531183847772,2070443,0.00002939,3.00000000,0
1531183900753,1531183900753,2070444,0.00002939,10.00000000,0
1531184086958,1531184086956,2070445,0.00002934,4.00000000,1
1531184137628,1531184137626,2070446,0.00002934,54.00000000,1
1531184145967,1531184145965,2070447,0.00002933,51.00000000,1
1531184381159,1531184381154,2070448,0.00002929,536.00000000,1
1531184575681,1531184575677,2070449,0.00002931,541.00000000,0
1531184575681,1531184575677,2070450,0.00002936,272.00000000,0
1531184575681,1531184575677,2070451,0.00002938,647.00000000,0
1531184724028,1531184724025,2070452,0.00002939,6.00000000,0
1531184824108,1531184824105,2070453,0.00002939,8.00000000,0
1531184827117,1531184827113,2070454,0.00002939,1.00000000,0
1531184952700,1531184952696,2070455,0.00002939,2285.00000000,0
1531184953872,1531184953866,2070456,0.00002941,271.00000000,0
1531184961783,1531184961778,2070457,0.00002948,40.00000000,0
1531184965711,1531184965706,2070458,0.00002950,51.00000000,0
1531185147562,1531185147557,2070459,0.00002944,297.00000000,1
1531185147599,1531185147595,2070460,0.00002943,297.00000000,1
1531185147627,1531185147624,2070461,0.00002943,665.00000000,1
1531185147627,1531185147624,2070462,0.00002942,222.00000000,1
1531185304000,1531185303994,2070463,0.00002947,458.00000000,0
1531185405213,1531185405206,2070464,0.00002948,271.00000000,0
1531185405213,1531185405206,2070465,0.00002950,50.00000000,0
1531185405213,1531185405206,2070466,0.00002951,297.00000000,0
1531185405213,1531185405206,2070467,0.00002954,1000.00000000,0
1531185405242,1531185405236,2070468,0.00002954,241.00000000,1
1531185405562,1531185405557,2070469,0.00002954,555.00000000,1
1531185499868,1531185499863,2070470,0.00002956,65.00000000,0
1531185503623,1531185503618,2070471,0.00002959,51.00000000,0
1531185503671,1531185503666,2070472,0.00002959,66.00000000,1
1531185504112,1531185504108,2070473,0.00002960,34.00000000,0
1531185504150,1531185504144,2070474,0.00002960,472.00000000,1
1531185513086,1531185513080,2070475,0.00002960,286.00000000,0
1531185513136,1531185513131,2070476,0.00002960,29.00000000,1
1531185545245,1531185545239,2070477,0.00002961,47.00000000,1
1531185624771,1531185624765,2070478,0.00002960,576.00000000,1
1531185641314,1531185641307,2070479,0.00002968,50.00000000,0
1531185641314,1531185641307,2070480,0.00002969,61.00000000,0
1531185641314,1531185641307,2070481,0.00002977,51.00000000,0
1531185641314,1531185641307,2070482,0.00002979,616.00000000,0
1531185641314,1531185641307,2070483,0.00002980,930.00000000,0
1531185641331,1531185641327,2070484,0.00002980,135.00000000,1
1531185644197,1531185644192,2070485,0.00002964,117.00000000,1
1531185645884,1531185645880,2070486,0.00002964,152.00000000,1
1531185669703,1531185669698,2070487,0.00002964,8.00000000,0
1531185671346,1531185671339,2070488,0.00002964,346.00000000,0
1531185671346,1531185671339,2070489,0.00002968,269.00000000,0
1531185671346,1531185671339,2070490,0.00002979,3217.00000000,0
1531185671576,1531185671570,2070491,0.00002979,322.00000000,1
1531185672145,1531185672139,2070492,0.00002959,309.00000000,1
1531185690887,1531185690880,2070493,0.00002959,6.00000000,0
1531185709297,1531185709292,2070494,0.00002977,371.00000000,0
1531185709297,1531185709292,2070495,0.00002978,689.00000000,0
1531185709297,1531185709292,2070496,0.00002979,320.00000000,0
1531185713514,1531185713508,2070497,0.00002979,341.00000000,0
1531185713523,1531185713518,2070498,0.00002980,141.00000000,0
1531185713530,1531185713525,2070499,0.00002980,427.00000000,0
1531185713581,1531185713577,2070500,0.00002967,241.00000000,1
1531185713581,1531185713577,2070501,0.00002964,186.00000000,1
1531185762688,1531185762681,2070502,0.00002976,237.00000000,0
1531185762708,1531185762701,2070503,0.00002976,4.00000000,0
1531185860022,1531185860015,2070504,0.00002965,1.00000000,1
1531185860124,1531185860117,2070505,0.00002965,24.00000000,1
1531185862034,1531185862028,2070506,0.00002965,239.00000000,0
1531185862035,1531185862030,2070507,0.00002965,239.00000000,0
1531185862037,1531185862032,2070508,0.00002965,238.00000000,0
1531185862055,1531185862049,2070509,0.00002964,25.00000000,1
1531185940972,1531185940966,2070510,0.00002961,4.00000000,1
1531185941885,1531185941879,2070511,0.00002964,202.00000000,0
1531185972186,1531185972181,2070512,0.00002961,8.00000000,1
1531185989389,1531185989384,2070513,0.00002961,84.00000000,1
1531186016384,1531186016378,2070514,0.00002962,613.00000000,1
1531186016384,1531186016378,2070515,0.00002961,146.00000000,1
1531186022555,1531186022548,2070516,0.00002961,79.00000000,1
1531186022791,1531186022786,2070517,0.00002960,50.00000000,1
1531186049050,1531186049043,2070518,0.00002958,89.00000000,1
1531186133072,1531186133065,2070519,0.00002957,336.00000000,0
1531186140391,1531186140386,2070520,0.00002957,372.00000000,0
1531186140797,1531186140791,2070521,0.00002958,1644.00000000,0
1531186141874,1531186141869,2070522,0.00002959,309.00000000,0
1531186143939,1531186143933,2070523,0.00002962,211.00000000,0
1531186149203,1531186149196,2070524,0.00002966,243.00000000,1
1531186239332,1531186239325,2070525,0.00002970,475.00000000,1
1531186284674,1531186284669,2070526,0.00002973,714.00000000,1
1531186310961,1531186310955,2070527,0.00002975,112.00000000,1
1531186312825,1531186312818,2070528,0.00002977,50.00000000,0
1531186378842,1531186378837,2070529,0.00002980,243.00000000,0
1531186433837,1531186433830,2070530,0.00002981,420.00000000,0
1531186445848,1531186445842,2070531,0.00002986,51.00000000,0
1531186460283,1531186460277,2070532,0.00002985,54.00000000,1
1531186500067,1531186500032,2070533,0.00002987,251.00000000,1
1531186504394,1531186504388,2070534,0.00002988,383.00000000,1
1531186515117,1531186515110,2070535,0.00002988,12.00000000,1
1531186523817,1531186523811,2070536,0.00002988,10.00000000,1
1531186545647,1531186545640,2070537,0.00002988,12.00000000,1
1531186598211,1531186598206,2070538,0.00002988,542.00000000,1
1531186611492,1531186611487,2070539,0.00002988,267.00000000,1
1531186611523,1531186611517,2070540,0.00002987,16.00000000,1
1531186611534,1531186611528,2070541,0.00002986,36.00000000,1
1531186611534,1531186611528,2070542,0.00002983,175.00000000,1
1531186763693,1531186763688,2070543,0.00002983,19.00000000,1
1531186806875,1531186806870,2070544,0.00002983,1.00000000,1
1531186847941,1531186847937,2070545,0.00002983,72.00000000,1
1531186896176,1531186896171,2070546,0.00002982,383.00000000,1
1531186899039,1531186899033,2070547,0.00002978,318.00000000,1
1531186964950,1531186964946,2070548,0.00002970,269.00000000,1
1531186966942,1531186966936,2070549,0.00002969,50.00000000,1
1531186999428,1531186999423,2070550,0.00002961,78.00000000,1
1531187064771,1531187064765,2070551,0.00002961,3.00000000,1
1531187066235,1531187066230,2070552,0.00002961,93.00000000,1
1531187094492,1531187094485,2070553,0.00002961,2.00000000,1
1531187145546,1531187145541,2070554,0.00002961,93.00000000,1
1531187145546,1531187145541,2070555,0.00002960,50.00000000,1
1531187145546,1531187145541,2070556,0.00002956,7224.00000000,1
1531187145558,1531187145554,2070557,0.00002955,478.00000000,0
1531187145565,1531187145560,2070558,0.00002955,239.00000000,0
1531187145565,1531187145561,2070559,0.00002955,239.00000000,0
1531187145583,1531187145578,2070560,0.00002955,214.00000000,0
1531187145594,1531187145589,2070561,0.00002955,1213.00000000,0
1531187145625,1531187145621,2070562,0.00002957,239.00000000,1
1531187146189,1531187146185,2070563,0.00002957,215.00000000,1
1531187334961,1531187334955,2070564,0.00002956,42.00000000,1
1531187335974,1531187335969,2070565,0.00002954,64.00000000,1
1531187340970,1531187340966,2070566,0.00002951,50.00000000,1
1531187341005,1531187341000,2070567,0.00002950,239.00000000,0
1531187380956,1531187380950,2070568,0.00002944,697.00000000,1
1531187381969,1531187381964,2070569,0.00002943,1105.00000000,1
1531187419008,1531187419002,2070570,0.00002935,119.00000000,1
1531187421345,1531187421340,2070571,0.00002933,322.00000000,1
1531187450762,1531187450757,2070572,0.00002931,467.00000000,1
1531187450762,1531187450757,2070573,0.00002930,1942.00000000,1
1531187450762,1531187450757,2070574,0.00002923,308.00000000,1
1531187450802,1531187450796,2070575,0.00002923,65.00000000,0
1531187450812,1531187450806,2070576,0.00002923,250.00000000,0
1531187457981,1531187457976,2070577,0.00002922,239.00000000,1
1531187469247,1531187469241,2070578,0.00002922,915.00000000,1
1531187469744,1531187469739,2070579,0.00002922,346.00000000,1
1531187510183,1531187510178,2070580,0.00002925,35.00000000,1
1531187578738,1531187578731,2070581,0.00002925,9.00000000,1
1531187578738,1531187578731,2070582,0.00002922,8697.00000000,1
1531187578738,1531187578731,2070583,0.00002921,1344.00000000,1
1531187578738,1531187578731,2070584,0.00002920,205.00000000,1
1531187578738,1531187578731,2070585,0.00002919,139.00000000,1
1531187578738,1531187578731,2070586,0.00002918,203.00000000,1
1531187578738,1531187578731,2070587,0.00002917,1168.00000000,1
1531187578738,1531187578731,2070588,0.00002916,1387.00000000,1
1531187591012,1531187591003,2070589,0.00002916,970.00000000,1
1531187591012,1531187591003,2070590,0.00002911,154.00000000,1
1531187591012,1531187591003,2070591,0.00002910,377.00000000,1
1531187591012,1531187591003,2070592,0.00002908,35.00000000,1
1531187591012,1531187591003,2070593,0.00002907,5289.00000000,1
1531187591012,1531187591003,2070594,0.00002905,3400.00000000,1
1531187591012,1531187591003,2070595,0.00002903,75.00000000,1
1531187591012,1531187591003,2070596,0.00002902,4172.00000000,1
1531187591012,1531187591003,2070597,0.00002901,3362.00000000,1
1531187591012,1531187591003,2070598,0.00002900,1895.00000000,1
1531187591012,1531187591003,2070599,0.00002900,1160.00000000,1
1531187591012,1531187591003,2070600,0.00002900,350.00000000,1
1531187591013,1531187591003,2070601,0.00002900,328.00000000,1
1531187591013,1531187591003,2070602,0.00002900,38.00000000,1
1531187591015,1531187591003,2070603,0.00002899,1018.00000000,1
1531187591015,1531187591003,2070604,0.00002898,242.00000000,1
1531187591030,1531187591026,2070605,0.00002900,801.00000000,0
1531187591682,1531187591678,2070606,0.00002912,516.00000000,0
1531187592181,1531187592176,2070607,0.00002913,404.00000000,0
1531187593050,1531187593043,2070608,0.00002915,369.00000000,0
1531187593657,1531187593651,2070609,0.00002913,1964.00000000,0
1531187594175,1531187594170,2070610,0.00002914,133.00000000,0
1531187594175,1531187594170,2070611,0.00002915,76.00000000,0
1531187596618,1531187596613,2070612,0.00002911,1210.00000000,1
1531187596618,1531187596613,2070613,0.00002909,5833.00000000,1
1531187596618,1531187596613,2070614,0.00002907,12687.00000000,1
1531187604844,1531187604838,2070615,0.00002913,487.00000000,0
1531187624188,1531187624184,2070616,0.00002909,83.00000000,1
1531187624994,1531187624990,2070617,0.00002912,320.00000000,0
1531187643851,1531187643846,2070618,0.00002911,38.00000000,0
1531187652088,1531187652084,2070619,0.00002909,348.00000000,1
1531187652182,1531187652178,2070620,0.00002909,77.00000000,1
1531187659114,1531187659109,2070621,0.00002909,702.00000000,1
1531187661029,1531187661025,2070622,0.00002909,1207.00000000,1
1531187683972,1531187683966,2070623,0.00002911,54.00000000,0
1531187693965,1531187693961,2070624,0.00002912,1.00000000,0
1531187706055,1531187706052,2070625,0.00002913,1.00000000,0
1531187733654,1531187733649,2070626,0.00002918,99.00000000,0
1531187750174,1531187750167,2070627,0.00002914,982.00000000,0
1531187751169,1531187751162,2070628,0.00002914,982.00000000,0
1531187752180,1531187752175,2070629,0.00002914,982.00000000,0
1531187753178,1531187753173,2070630,0.00002914,982.00000000,0
1531187753610,1531187753605,2070631,0.00002912,61.00000000,1
1531187753652,1531187753647,2070632,0.00002912,104.00000000,0
1531187754175,1531187754170,2070633,0.00002914,982.00000000,0
1531187755071,1531187755067,2070634,0.00002914,1566.00000000,0
1531187755178,1531187755173,2070635,0.00002914,982.00000000,0
1531187766708,1531187766704,2070636,0.00002913,193.00000000,0
1531187768683,1531187768677,2070637,0.00002913,861.00000000,0
1531187769848,1531187769843,2070638,0.00002913,303.00000000,0
1531187785837,1531187785832,2070639,0.00002915,106.00000000,0
1531187789615,1531187789611,2070640,0.00002913,205.00000000,0
1531187828808,1531187828804,2070641,0.00002913,1.00000000,0
1531187828837,1531187828833,2070642,0.00002915,852.00000000,0
1531187928590,1531187928585,2070643,0.00002914,535.00000000,0
1531187945804,1531187945801,2070644,0.00002914,3566.00000000,0
1531187985514,1531187985510,2070645,0.00002914,945.00000000,0
1531188149330,1531188149326,2070646,0.00002914,2.00000000,0
1531188228030,1531188228026,2070647,0.00002911,267.00000000,1
1531188257004,1531188256999,2070648,0.00002912,267.00000000,0
1531188292649,1531188292645,2070649,0.00002912,138.00000000,1
1531188354228,1531188354223,2070650,0.00002912,70.00000000,0
1531188407449,1531188407443,2070651,0.00002912,405.00000000,0
1531188463439,1531188463435,2070652,0.00002907,34.00000000,1
1531188566919,1531188566917,2070653,0.00002907,17.00000000,1
1531188594845,1531188594840,2070654,0.00002900,58.00000000,1
1531188594845,1531188594840,2070655,0.00002898,111.00000000,1
1531188596862,1531188596859,2070656,0.00002898,164.00000000,1
1531188596862,1531188596859,2070657,0.00002891,5.00000000,1
1531188596863,1531188596859,2070658,0.00002891,628.00000000,1
1531188596863,1531188596859,2070659,0.00002890,209.00000000,1
1531188596863,1531188596859,2070660,0.00002888,63.00000000,1
1531188599759,1531188599753,2070661,0.00002893,1210.00000000,1
1531188599759,1531188599753,2070662,0.00002888,285.00000000,1
1531188599759,1531188599753,2070663,0.00002885,83.00000000,1
1531188599759,1531188599753,2070664,0.00002882,1679.00000000,1
1531188600449,1531188600443,2070665,0.00002904,477.00000000,0
1531188600449,1531188600443,2070666,0.00002907,776.00000000,0
1531188600449,1531188600443,2070667,0.00002911,244.00000000,0
1531188600581,1531188600577,2070668,0.00002911,161.00000000,0
1531188600581,1531188600577,2070669,0.00002912,12.00000000,0
1531188601809,1531188601806,2070670,0.00002893,700.00000000,1
1531188610814,1531188610810,2070671,0.00002897,275.00000000,1
1531188610814,1531188610810,2070672,0.00002883,2158.00000000,1
1531188619664,1531188619661,2070673,0.00002891,294.00000000,1
1531188630956,1531188630953,2070674,0.00002905,200.00000000,0
1531188639801,1531188639797,2070675,0.00002905,75.00000000,0
1531188639801,1531188639797,2070676,0.00002911,269.00000000,0
1531188661368,1531188661364,2070677,0.00002896,35.00000000,1
1531188662051,1531188662048,2070678,0.00002896,240.00000000,1
1531188666425,1531188666424,2070679,0.00002896,383.00000000,0
1531188697065,1531188697061,2070680,0.00002889,72.00000000,1
1531188771202,1531188771199,2070681,0.00002896,1.00000000,0
1531188850589,1531188850585,2070682,0.00002894,83.00000000,0
1531188864021,1531188864018,2070683,0.00002904,9.00000000,0
1531188900867,1531188900864,2070684,0.00002895,1210.00000000,1
1531188900867,1531188900864,2070685,0.00002893,276.00000000,1
1531188900882,1531188900879,2070686,0.00002890,67.00000000,0
1531188900882,1531188900880,2070687,0.00002890,67.00000000,0
1531188900885,1531188900882,2070688,0.00002890,16203.00000000,0
1531188900901,1531188900899,2070689,0.00002890,18471.00000000,0
1531188953354,1531188953349,2070690,0.00002894,295.00000000,1
1531189137031,1531189137028,2070691,0.00002885,318.00000000,1
1531189203192,1531189203189,2070692,0.00002885,214.00000000,1
1531189203204,1531189203202,2070693,0.00002885,2761.00000000,0
1531189204590,1531189204588,2070694,0.00002883,277.00000000,1
1531189220003,1531189219999,2070695,0.00002886,637.00000000,0
1531189225167,1531189225164,2070696,0.00002886,1.00000000,0
1531189309771,1531189309768,2070697,0.00002890,172.00000000,0
1531189418621,1531189418618,2070698,0.00002882,1878.00000000,1
1531189418677,1531189418672,2070699,0.00002882,238.00000000,0
1531189418693,1531189418690,2070700,0.00002882,993.00000000,0
1531189418755,1531189418752,2070701,0.00002882,1256.00000000,0
1531189424175,1531189424174,2070702,0.00002881,37.00000000,1
1531189424176,1531189424174,2070703,0.00002878,28.00000000,1
1531189442124,1531189442118,2070704,0.00002880,1222.00000000,1
1531189442124,1531189442118,2070705,0.00002878,10.00000000,1
1531189442124,1531189442118,2070706,0.00002875,349.00000000,1
1531189442124,1531189442118,2070707,0.00002874,77.00000000,1
1531189442124,1531189442118,2070708,0.00002871,105.00000000,1
1531189442124,1531189442118,2070709,0.00002870,83.00000000,1
1531189442124,1531189442118,2070710,0.00002869,105.00000000,1
1531189442124,1531189442118,2070711,0.00002863,523.00000000,1
1531189442124,1531189442118,2070712,0.00002861,35.00000000,1
1531189442124,1531189442118,2070713,0.00002860,3116.00000000,1
1531189442125,1531189442118,2070714,0.00002860,1884.00000000,1
1531189442125,1531189442118,2070715,0.00002859,2128.00000000,1
1531189442125,1531189442118,2070716,0.00002857,243.00000000,1
1531189442125,1531189442118,2070717,0.00002852,1155.00000000,1
1531189442126,1531189442118,2070718,0.00002852,998.00000000,1
1531189442126,1531189442118,2070719,0.00002851,2359.00000000,1
1531189442989,1531189442986,2070720,0.00002869,208.00000000,1
1531189443123,1531189443119,2070721,0.00002874,523.00000000,0
1531189443207,1531189443205,2070722,0.00002871,69.00000000,1
1531189443284,1531189443281,2070723,0.00002873,135.00000000,0
1531189444214,1531189444211,2070724,0.00002872,89.00000000,1
1531189444214,1531189444211,2070725,0.00002871,1153.00000000,1
1531189444214,1531189444211,2070726,0.00002870,667.00000000,1
1531189450680,1531189450676,2070727,0.00002882,206.00000000,0
1531189450681,1531189450676,2070728,0.00002883,787.00000000,0
1531189451676,1531189451673,2070729,0.00002882,105.00000000,0
1531189451676,1531189451673,2070730,0.00002883,888.00000000,0
1531189452683,1531189452678,2070731,0.00002883,318.00000000,0
1531189485638,1531189485634,2070732,0.00002884,7.00000000,0
1531189489519,1531189489516,2070733,0.00002880,351.00000000,0
1531189490983,1531189490978,2070734,0.00002880,36.00000000,0
1531189504628,1531189504624,2070735,0.00002878,78.00000000,1
1531189506174,1531189506170,2070736,0.00002882,97.00000000,0
1531189506174,1531189506170,2070737,0.00002883,123.00000000,0
1531189522214,1531189522210,2070738,0.00002878,430.00000000,1
1531189522214,1531189522210,2070739,0.00002875,1891.00000000,1
1531189534470,1531189534467,2070740,0.00002877,295.00000000,1
1531189551785,1531189551781,2070741,0.00002870,729.00000000,1
1531189554326,1531189554324,2070742,0.00002868,74.00000000,0
1531189557483,1531189557480,2070743,0.00002862,46.00000000,1
1531189557563,1531189557560,2070744,0.00002862,46.00000000,0
1531189558153,1531189558149,2070745,0.00002862,50.00000000,0
1531189558170,1531189558166,2070746,0.00002862,32.00000000,0
1531189558302,1531189558299,2070747,0.00002868,52.00000000,0
1531189558693,1531189558690,2070748,0.00002861,41.00000000,1
1531189561677,1531189561675,2070749,0.00002860,41.00000000,1
1531189564068,1531189564068,2070750,0.00002861,41.00000000,1
1531189564823,1531189564820,2070751,0.00002860,41.00000000,1
1531189567460,1531189567455,2070752,0.00002868,1.00000000,0
1531189568391,1531189568387,2070753,0.00002868,22.00000000,0
1531189569631,1531189569629,2070754,0.00002860,41.00000000,1
1531189574995,1531189574992,2070755,0.00002860,41.00000000,1
1531189580379,1531189580376,2070756,0.00002860,41.00000000,1
1531189580549,1531189580545,2070757,0.00002860,172.00000000,1
1531189581840,1531189581836,2070758,0.00002862,330.00000000,1
1531189583004,1531189583001,2070759,0.00002868,71.00000000,0
1531189586553,1531189586551,2070760,0.00002868,371.00000000,0
1531189593431,1531189593431,2070761,0.00002871,20.00000000,0
1531189631866,1531189631862,2070762,0.00002861,354.00000000,1
1531189656948,1531189656943,2070763,0.00002859,84.00000000,1
1531189656948,1531189656943,2070764,0.00002855,52.00000000,1
1531189656948,1531189656943,2070765,0.00002851,792.00000000,1
1531189664553,1531189664551,2070766,0.00002859,1235.00000000,1
1531189664569,1531189664566,2070767,0.00002859,3232.00000000,0
1531189671463,1531189671460,2070768,0.00002859,132.00000000,1
1531189677391,1531189677388,2070769,0.00002859,582.00000000,1
1531189682628,1531189682625,2070770,0.00002871,28.00000000,0
1531189704492,1531189704488,2070771,0.00002861,248.00000000,1
1531189704492,1531189704488,2070772,0.00002850,84.00000000,1
1531189704493,1531189704488,2070773,0.00002850,5.00000000,1
1531189704493,1531189704488,2070774,0.00002849,1278.00000000,1
1531189704504,1531189704501,2070775,0.00002850,858.00000000,0
1531189706910,1531189706893,2070776,0.00002855,1.00000000,1
1531189716232,1531189716229,2070777,0.00002870,7.00000000,0
1531189743510,1531189743507,2070778,0.00002860,914.00000000,1
1531189811698,1531189811695,2070779,0.00002862,39.00000000,0
1531189812782,1531189812778,2070780,0.00002862,84.00000000,0
1531190166863,1531190166860,2070781,0.00002870,17.00000000,0
1531190201875,1531190201871,2070782,0.00002869,500.00000000,1
1531190207532,1531190207529,2070783,0.00002868,224.00000000,0
1531190207532,1531190207529,2070784,0.00002869,124.00000000,0
1531190218807,1531190218803,2070785,0.00002863,150.00000000,1
1531190218807,1531190218803,2070786,0.00002859,68.00000000,1
1531190218807,1531190218803,2070787,0.00002850,858.00000000,1
1531190218807,1531190218803,2070788,0.00002849,160.00000000,1
1531190230837,1531190230833,2070789,0.00002865,110.00000000,0
1531190232962,1531190232960,2070790,0.00002849,550.00000000,1
1531190235911,1531190235907,2070791,0.00002849,202.00000000,0
1531190236318,1531190236315,2070792,0.00002846,4.00000000,1
1531190236533,1531190236530,2070793,0.00002846,32.00000000,1
1531190236533,1531190236530,2070794,0.00002844,78.00000000,1
1531190236533,1531190236530,2070795,0.00002841,354.00000000,1
1531190236533,1531190236530,2070796,0.00002838,72.00000000,1
1531190236534,1531190236530,2070797,0.00002838,12.00000000,1
1531190236534,1531190236530,2070798,0.00002836,228.00000000,1
1531190247099,1531190247096,2070799,0.00002836,883.00000000,1
1531190247099,1531190247096,2070800,0.00002830,5.00000000,1
1531190247100,1531190247096,2070801,0.00002830,800.00000000,1
1531190247101,1531190247096,2070802,0.00002830,991.00000000,1
1531190247101,1531190247096,2070803,0.00002827,141.00000000,1
1531190247101,1531190247096,2070804,0.00002824,38.00000000,1
1531190247149,1531190247146,2070805,0.00002820,61.00000000,0
1531190247149,1531190247146,2070806,0.00002819,675.00000000,1
1531190248066,1531190248063,2070807,0.00002822,912.00000000,1
1531190249553,1531190249550,2070808,0.00002823,89.00000000,1
1531190249553,1531190249550,2070809,0.00002822,2631.00000000,1
1531190249553,1531190249550,2070810,0.00002821,462.00000000,1
1531190249714,1531190249713,2070811,0.00002836,3.00000000,0
1531190261360,1531190261357,2070812,0.00002823,332.00000000,1
1531190263036,1531190263032,2070813,0.00002823,2058.00000000,1
1531190265959,1531190265956,2070814,0.00002823,1248.00000000,1
1531190270567,1531190270562,2070815,0.00002824,248.00000000,1
1531190270567,1531190270562,2070816,0.00002823,287.00000000,1
1531190270875,1531190270874,2070817,0.00002823,94.00000000,1
1531190279276,1531190279272,2070818,0.00002825,26.00000000,1
1531190282178,1531190282175,2070819,0.00002825,50.00000000,1
1531190282178,1531190282175,2070820,0.00002823,284.00000000,1
1531190282973,1531190282970,2070821,0.00002823,333.00000000,1
1531190294520,1531190294516,2070822,0.00002823,89.00000000,1
1531190295255,1531190295255,2070823,0.00002823,125.00000000,1
1531190298557,1531190298552,2070824,0.00002821,150.00000000,1
1531190298557,1531190298552,2070825,0.00002819,1528.00000000,1
1531190298816,1531190298813,2070826,0.00002819,26.00000000,1
1531190299601,1531190299598,2070827,0.00002819,76.00000000,1
1531190319416,1531190319414,2070828,0.00002823,421.00000000,0
1531190325696,1531190325694,2070829,0.00002823,52.00000000,0
1531190351500,1531190351496,2070830,0.00002823,29.00000000,1
1531190351500,1531190351496,2070831,0.00002821,57.00000000,1
1531190364314,1531190364312,2070832,0.00002825,248.00000000,0
1531190364314,1531190364312,2070833,0.00002826,39.00000000,0
1531190364314,1531190364312,2070834,0.00002829,58.00000000,0
1531190366719,1531190366715,2070835,0.00002831,162.00000000,0
1531190369992,1531190369990,2070836,0.00002831,1254.00000000,0
1531190370043,1531190370040,2070837,0.00002831,674.00000000,1
1531190378125,1531190378122,2070838,0.00002831,1918.00000000,1
1531190405472,1531190405470,2070839,0.00002834,35.00000000,0
1531190420152,1531190420150,2070840,0.00002833,612.00000000,0
1531190439293,1531190439289,2070841,0.00002834,207.00000000,0
1531190444065,1531190444061,2070842,0.00002838,541.00000000,0
1531190450516,1531190450512,2070843,0.00002840,165.00000000,0
1531190452766,1531190452763,2070844,0.00002844,6.00000000,0
1531190474774,1531190474772,2070845,0.00002844,55.00000000,0
1531190533006,1531190533003,2070846,0.00002844,33.00000000,0
1531190533031,1531190533027,2070847,0.00002845,188.00000000,1
1531190533050,1531190533047,2070848,0.00002832,188.00000000,1
1531190546930,1531190546926,2070849,0.00002831,95.00000000,1
1531190559803,1531190559799,2070850,0.00002846,62.00000000,0
1531190692984,1531190692981,2070851,0.00002839,152.00000000,0
1531190692984,1531190692981,2070852,0.00002846,126.00000000,0
1531190692984,1531190692981,2070853,0.00002847,141.00000000,0
1531190692984,1531190692981,2070854,0.00002849,2803.00000000,0
1531190701794,1531190701791,2070855,0.00002849,740.00000000,0
1531190794748,1531190794744,2070856,0.00002849,105.00000000,0
1531190813245,1531190813241,2070857,0.00002849,2895.00000000,0
1531190830410,1531190830404,2070858,0.00002852,8.00000000,0
1531190833437,1531190833435,2070859,0.00002852,1.00000000,0
1531190860210,1531190860207,2070860,0.00002852,342.00000000,0
1531190862141,1531190862139,2070861,0.00002852,241.00000000,1
1531190865562,1531190865559,2070862,0.00002852,37.00000000,1
1531190868503,1531190868499,2070863,0.00002851,4.00000000,0
1531190871776,1531190871774,2070864,0.00002851,237.00000000,0
1531190872393,1531190872389,2070865,0.00002858,61.00000000,0
1531190872393,1531190872389,2070866,0.00002860,35.00000000,0
1531190872393,1531190872389,2070867,0.00002864,500.00000000,0
1531190872393,1531190872389,2070868,0.00002865,351.00000000,0
1531190881069,1531190881065,2070869,0.00002865,1389.00000000,0
1531190901387,1531190901384,2070870,0.00002865,127.00000000,0
1531190902659,1531190902656,2070871,0.00002864,227.00000000,0
1531191038914,1531191038910,2070872,0.00002853,216.00000000,1
1531191046087,1531191046083,2070873,0.00002859,279.00000000,0
1531191046087,1531191046083,2070874,0.00002863,70.00000000,0
1531191066321,1531191066317,2070875,0.00002849,280.00000000,1
1531191154817,1531191154813,2070876,0.00002840,4.00000000,1
1531191186469,1531191186464,2070877,0.00002840,819.00000000,1
1531191186469,1531191186464,2070878,0.00002838,500.00000000,1
1531191186469,1531191186464,2070879,0.00002834,65.00000000,1
1531191186469,1531191186464,2070880,0.00002831,523.00000000,1
1531191186469,1531191186464,2070881,0.00002827,412.00000000,1
1531191186469,1531191186464,2070882,0.00002826,119.00000000,1
1531191186469,1531191186464,2070883,0.00002825,107.00000000,1
1531191186478,1531191186472,2070884,0.00002824,1148.00000000,1
1531191186478,1531191186472,2070885,0.00002822,38.00000000,1
1531191186478,1531191186472,2070886,0.00002820,50.00000000,1
1531191186491,1531191186490,2070887,0.00002820,354.00000000,1
1531191186758,1531191186755,2070888,0.00002820,207.00000000,1
1531191186758,1531191186755,2070889,0.00002819,70.00000000,1
1531191186758,1531191186755,2070890,0.00002818,1065.00000000,1
1531191186982,1531191186977,2070891,0.00002816,212.00000000,1
1531191186982,1531191186977,2070892,0.00002813,212.00000000,1
1531191186982,1531191186977,2070893,0.00002812,248.00000000,1
1531191186982,1531191186977,2070894,0.00002811,420.00000000,1
1531191186982,1531191186977,2070895,0.00002809,287.00000000,1
1531191186982,1531191186977,2070896,0.00002808,250.00000000,1
1531191186982,1531191186977,2070897,0.00002805,1111.00000000,1
1531191186982,1531191186977,2070898,0.00002804,623.00000000,1
1531191186982,1531191186977,2070899,0.00002803,330.00000000,1
1531191187681,1531191187677,2070900,0.00002823,647.00000000,0
1531191187681,1531191187677,2070901,0.00002824,660.00000000,0
1531191187681,1531191187677,2070902,0.00002825,595.00000000,0
1531191187681,1531191187677,2070903,0.00002832,932.00000000,0
1531191187952,1531191187951,2070904,0.00002818,319.00000000,0
1531191188976,1531191188973,2070905,0.00002805,370.00000000,1
1531191190550,1531191190547,2070906,0.00002805,1.00000000,1
1531191196378,1531191196376,2070907,0.00002803,3919.00000000,1
1531191196395,1531191196391,2070908,0.00002803,240.00000000,1
1531191200463,1531191200459,2070909,0.00002803,4.00000000,1
1531191202048,1531191202044,2070910,0.00002803,1248.00000000,1
1531191206407,1531191206404,2070911,0.00002803,1048.00000000,1
1531191207456,1531191207451,2070912,0.00002803,220.00000000,1
1531191208743,1531191208742,2070913,0.00002803,185.00000000,1
1531191208935,1531191208930,2070914,0.00002803,152.00000000,1
1531191209443,1531191209441,2070915,0.00002803,240.00000000,1
1531191232094,1531191232092,2070916,0.00002805,38.00000000,1
1531191232094,1531191232092,2070917,0.00002803,297.00000000,1
1531191232794,1531191232790,2070918,0.00002803,338.00000000,1
1531191235061,1531191235057,2070919,0.00002808,356.00000000,0
1531191248222,1531191248219,2070920,0.00002804,37.00000000,1
1531191248666,1531191248663,2070921,0.00002804,361.00000000,1
1531191251611,1531191251607,2070922,0.00002804,1067.00000000,1
1531191252684,1531191252665,2070923,0.00002804,300.00000000,1
1531191265007,1531191265004,2070924,0.00002806,146.00000000,0
1531191265007,1531191265004,2070925,0.00002807,91.00000000,0
1531191265245,1531191265244,2070926,0.00002807,321.00000000,0
1531191265245,1531191265244,2070927,0.00002810,30.00000000,0
1531191269950,1531191269947,2070928,0.00002805,65.00000000,1
1531191272463,1531191272458,2070929,0.00002803,208.00000000,1
1531191272882,1531191272879,2070930,0.00002803,204.00000000,1
1531191274186,1531191274183,2070931,0.00002803,142.00000000,1
1531191344823,1531191344819,2070932,0.00002803,1087.00000000,1
1531191370460,1531191370458,2070933,0.00002800,70.00000000,1
1531191370683,1531191370680,2070934,0.00002800,537.00000000,1
1531191370967,1531191370963,2070935,0.00002800,86.00000000,1
1531191387295,1531191387291,2070936,0.00002809,43.00000000,0
1531191467183,1531191467180,2070937,0.00002800,963.00000000,1
1531191481589,1531191481585,2070938,0.00002800,4191.00000000,1
1531191649229,1531191649228,2070939,0.00002810,20.00000000,0
1531191722814,1531191722811,2070940,0.00002810,106.00000000,0
1531191723720,1531191723719,2070941,0.00002810,12.00000000,0
1531191723720,1531191723719,2070942,0.00002812,94.00000000,0
1531191724612,1531191724608,2070943,0.00002812,106.00000000,0
1531191725516,1531191725513,2070944,0.00002812,106.00000000,0
1531191726555,1531191726550,2070945,0.00002812,65.00000000,0
1531191726555,1531191726550,2070946,0.00002813,41.00000000,0
1531191727461,1531191727458,2070947,0.00002813,106.00000000,0
1531191728505,1531191728500,2070948,0.00002813,106.00000000,0
1531191729404,1531191729401,2070949,0.00002813,106.00000000,0
1531191730304,1531191730300,2070950,0.00002813,106.00000000,0
1531191731196,1531191731192,2070951,0.00002813,106.00000000,0
1531191776001,1531191775998,2070952,0.00002816,20.00000000,0
1531191777061,1531191777055,2070953,0.00002816,20.00000000,0
1531191778117,1531191778113,2070954,0.00002816,20.00000000,0
1531191779168,1531191779164,2070955,0.00002816,20.00000000,0
1531191780224,1531191780221,2070956,0.00002816,20.00000000,0
1531191781275,1531191781271,2070957,0.00002816,20.00000000,0
1531191782334,1531191782330,2070958,0.00002816,20.00000000,0
1531191783386,1531191783383,2070959,0.00002816,20.00000000,0
1531191784447,1531191784443,2070960,0.00002816,20.00000000,0
1531191785959,1531191785955,2070961,0.00002816,20.00000000,0
1531191823685,1531191823681,2070962,0.00002814,8.00000000,0
1531191848111,1531191848108,2070963,0.00002813,2.00000000,0
1531191865207,1531191865203,2070964,0.00002814,275.00000000,0
1531191865207,1531191865203,2070965,0.00002816,80.00000000,0
1531191929658,1531191929654,2070966,0.00002804,124.00000000,1
1531191942749,1531191942748,2070967,0.00002803,57.00000000,1
1531192002371,1531192002366,2070968,0.00002803,228.00000000,1
1531192002371,1531192002366,2070969,0.00002800,6100.00000000,1
1531192012727,1531192012722,2070970,0.00002798,179.00000000,1
1531192039302,1531192039297,2070971,0.00002798,357.00000000,0
1531192039302,1531192039297,2070972,0.00002800,111.00000000,0
1531192039681,1531192039676,2070973,0.00002805,284.00000000,0
1531192060287,1531192060282,2070974,0.00002811,283.00000000,0
1531192061122,1531192061117,2070975,0.00002811,1.00000000,0
1531192074505,1531192074500,2070976,0.00002812,14.00000000,0
1531192094351,1531192094347,2070977,0.00002811,483.00000000,1
1531192094351,1531192094347,2070978,0.00002806,284.00000000,1
1531192094351,1531192094347,2070979,0.00002801,1342.00000000,1
1531192094351,1531192094347,2070980,0.00002797,1342.00000000,1
1531192094376,1531192094371,2070981,0.00002797,159.00000000,0
1531192116333,1531192116329,2070982,0.00002798,109.00000000,1
1531192175816,1531192175813,2070983,0.00002799,228.00000000,1
1531192273699,1531192273693,2070984,0.00002803,94.00000000,0
1531192312709,1531192312705,2070985,0.00002803,16.00000000,0
1531192312709,1531192312705,2070986,0.00002804,72.00000000,0
1531192313605,1531192313601,2070987,0.00002806,284.00000000,0
1531192316101,1531192316098,2070988,0.00002808,265.00000000,0
1531192317799,1531192317795,2070989,0.00002809,383.00000000,0
1531192322686,1531192322682,2070990,0.00002811,284.00000000,0
1531192336741,1531192336737,2070991,0.00002810,72.00000000,0
1531192342829,1531192342824,2070992,0.00002818,1276.00000000,0
1531192366460,1531192366456,2070993,0.00002818,4038.00000000,0
1531192396913,1531192396909,2070994,0.00002818,191.00000000,0
1531192397606,1531192397601,2070995,0.00002816,72.00000000,0
1531192399547,1531192399541,2070996,0.00002812,1000.00000000,1
1531192399547,1531192399541,2070997,0.00002810,853.00000000,1
1531192399547,1531192399541,2070998,0.00002808,284.00000000,1
1531192399547,1531192399541,2070999,0.00002801,656.00000000,1
1531192399547,1531192399541,2071000,0.00002800,5867.00000000,1
1531192399547,1531192399541,2071001,0.00002799,7254.00000000,1
1531192399677,1531192399673,2071002,0.00002818,161.00000000,0
1531192442438,1531192442436,2071003,0.00002815,241.00000000,0
1531192449353,1531192449350,2071004,0.00002815,44.00000000,0
1531192454507,1531192454506,2071005,0.00002815,654.00000000,0
1531192468754,1531192468749,2071006,0.00002819,36.00000000,0
1531192469705,1531192469701,2071007,0.00002822,71.00000000,0
1531192472694,1531192472690,2071008,0.00002823,94.00000000,0
1531192474105,1531192474100,2071009,0.00002825,2319.00000000,0
1531192475689,1531192475685,2071010,0.00002825,282.00000000,0
1531192477410,1531192477406,2071011,0.00002826,212.00000000,0
1531192478653,1531192478650,2071012,0.00002827,210.00000000,0
1531192488684,1531192488680,2071013,0.00002805,785.00000000,1
1531192489098,1531192489093,2071014,0.00002805,215.00000000,0
1531192497127,1531192497123,2071015,0.00002804,94.00000000,1
1531192497165,1531192497160,2071016,0.00002804,613.00000000,0
1531192497202,1531192497199,2071017,0.00002804,293.00000000,0
1531192513616,1531192513612,2071018,0.00002815,76.00000000,0
1531192514621,1531192514616,2071019,0.00002816,47.00000000,0
1531192515722,1531192515717,2071020,0.00002815,283.00000000,0
1531192518707,1531192518703,2071021,0.00002819,252.00000000,0
1531192519431,1531192519428,2071022,0.00002821,48.00000000,0
1531192519742,1531192519740,2071023,0.00002821,111.00000000,0
1531192526145,1531192526140,2071024,0.00002826,500.00000000,0
1531192526996,1531192526992,2071025,0.00002828,71.00000000,0
1531192528627,1531192528623,2071026,0.00002831,200.00000000,0
1531192529900,1531192529896,2071027,0.00002832,212.00000000,0
1531192530069,1531192530065,2071028,0.00002831,755.00000000,1
1531192530089,1531192530087,2071029,0.00002814,341.00000000,1
1531192532816,1531192532812,2071030,0.00002816,94.00000000,1
1531192532885,1531192532881,2071031,0.00002815,235.00000000,0
1531192533548,1531192533543,2071032,0.00002814,94.00000000,1
1531192533809,1531192533806,2071033,0.00002815,671.00000000,0
1531192538397,1531192538393,2071034,0.00002829,504.00000000,0
1531192539630,1531192539625,2071035,0.00002828,72.00000000,0
1531192542728,1531192542725,2071036,0.00002833,353.00000000,0
1531192544614,1531192544610,2071037,0.00002839,20.00000000,0
1531192553637,1531192553634,2071038,0.00002839,41.00000000,0
1531192560059,1531192560057,2071039,0.00002834,71.00000000,0
1531192561702,1531192561701,2071040,0.00002830,13.00000000,1
1531192565563,1531192565559,2071041,0.00002830,1.00000000,1
1531192594902,1531192594899,2071042,0.00002839,184.00000000,0
1531192600990,1531192600986,2071043,0.00002830,72.00000000,1
1531192661922,1531192661919,2071044,0.00002830,369.00000000,1
1531192663206,1531192663202,2071045,0.00002830,108.00000000,1
1531192663206,1531192663202,2071046,0.00002829,194.00000000,1
1531192679901,1531192679897,2071047,0.00002829,88.00000000,1
1531192679919,1531192679913,2071048,0.00002827,246.00000000,1
1531192724611,1531192724607,2071049,0.00002827,2228.00000000,1
1531192732539,1531192732536,2071050,0.00002826,1358.00000000,1
1531192821409,1531192821404,2071051,0.00002840,32.00000000,0
1531192869900,1531192869895,2071052,0.00002840,39.00000000,0
1531192869913,1531192869908,2071053,0.00002840,160.00000000,1
1531192930856,1531192930852,2071054,0.00002825,81.00000000,1
1531192930901,1531192930900,2071055,0.00002825,79.00000000,1
1531192930913,1531192930909,2071056,0.00002825,68.00000000,1
1531192930913,1531192930909,2071057,0.00002821,173.00000000,1
1531193000758,1531193000756,2071058,0.00002825,60.00000000,1
1531193063998,1531193063994,2071059,0.00002825,282.00000000,1
1531193063998,1531193063994,2071060,0.00002821,4149.00000000,1
1531193063998,1531193063994,2071061,0.00002813,500.00000000,1
1531193064040,1531193064036,2071062,0.00002813,241.00000000,0
1531193064191,1531193064188,2071063,0.00002813,243.00000000,0
1531193064842,1531193064839,2071064,0.00002809,551.00000000,1
1531193064842,1531193064839,2071065,0.00002807,791.00000000,1
1531193099606,1531193099601,2071066,0.00002808,585.00000000,1
1531193099606,1531193099601,2071067,0.00002807,119.00000000,1
1531193099606,1531193099601,2071068,0.00002806,284.00000000,1
1531193099606,1531193099601,2071069,0.00002805,611.00000000,1
1531193104156,1531193104151,2071070,0.00002811,885.00000000,0
1531193116818,1531193116813,2071071,0.00002813,3.00000000,0
1531193117005,1531193117000,2071072,0.00002812,36.00000000,1
1531193117005,1531193117000,2071073,0.00002811,369.00000000,1
1531193120880,1531193120875,2071074,0.00002811,1100.00000000,1
1531193139692,1531193139690,2071075,0.00002813,1.00000000,0
1531193146798,1531193146792,2071076,0.00002812,153.00000000,1
1531193146798,1531193146792,2071077,0.00002811,53.00000000,1
1531193147083,1531193147078,2071078,0.00002811,207.00000000,1
1531193147522,1531193147517,2071079,0.00002811,138.00000000,1
1531193202977,1531193202971,2071080,0.00002813,18.00000000,0
1531193235197,1531193235193,2071081,0.00002813,8.00000000,0
1531193258621,1531193258617,2071082,0.00002813,300.00000000,0
1531193374142,1531193374139,2071083,0.00002813,67.00000000,0
1531193374149,1531193374148,2071084,0.00002813,67.00000000,0
1531193374174,1531193374172,2071085,0.00002813,240.00000000,0
1531193374732,1531193374727,2071086,0.00002813,87.00000000,0
1531193423521,1531193423516,2071087,0.00002812,1.00000000,1
1531193473487,1531193473484,2071088,0.00002812,66.00000000,1
1531193504323,1531193504319,2071089,0.00002812,13.00000000,1
1531193685179,1531193685174,2071090,0.00002817,38.00000000,0
1531193702430,1531193702423,2071091,0.00002817,10.00000000,0
1531193747829,1531193747825,2071092,0.00002817,29.00000000,0
1531193832189,1531193832183,2071093,0.00002814,1826.00000000,1
1531193832189,1531193832183,2071094,0.00002813,1217.00000000,1
1531193832189,1531193832183,2071095,0.00002812,2324.00000000,1
1531193840713,1531193840708,2071096,0.00002809,48.00000000,1
1531193901499,1531193901495,2071097,0.00002817,206.00000000,0
1531193996478,1531193996474,2071098,0.00002823,1.00000000,0
1531194029732,1531194029727,2071099,0.00002823,2.00000000,0
1531194213510,1531194213503,2071100,0.00002817,3.00000000,1
1531194339181,1531194339178,2071101,0.00002823,55.00000000,0
1531194349711,1531194349706,2071102,0.00002821,225.00000000,1
1531194349736,1531194349731,2071103,0.00002820,68.00000000,1
1531194349736,1531194349731,2071104,0.00002817,157.00000000,1
1531194404481,1531194404477,2071105,0.00002820,1296.00000000,1
1531194442070,1531194442065,2071106,0.00002826,7456.00000000,0
1531194442092,1531194442088,2071107,0.00002826,2098.00000000,1
1531194444327,1531194444320,2071108,0.00002812,1736.00000000,1
1531194475218,1531194475213,2071109,0.00002825,4.00000000,0
1531194508636,1531194508631,2071110,0.00002813,231.00000000,1
1531194517245,1531194517240,2071111,0.00002812,92.00000000,1
1531194549069,1531194549064,2071112,0.00002811,37.00000000,1
1531194552317,1531194552311,2071113,0.00002812,176.00000000,0
1531194555929,1531194555924,2071114,0.00002831,2.00000000,0
1531194592580,1531194592575,2071115,0.00002813,81.00000000,1
1531194592718,1531194592713,2071116,0.00002813,71.00000000,1
1531194593137,1531194593132,2071117,0.00002813,22.00000000,1
1531194620127,1531194620123,2071118,0.00002813,724.00000000,1
1531194620135,1531194620126,2071119,0.00002813,1025.00000000,1
1531194620135,1531194620126,2071120,0.00002811,758.00000000,1
1531194620135,1531194620126,2071121,0.00002809,1251.00000000,1
1531194620135,1531194620126,2071122,0.00002806,342.00000000,1
1531194620135,1531194620126,2071123,0.00002805,103.00000000,1
1531194620135,1531194620126,2071124,0.00002804,53.00000000,1
1531194620135,1531194620126,2071125,0.00002798,535.00000000,1
1531194620135,1531194620126,2071126,0.00002796,183.00000000,1
1531194620135,1531194620126,2071127,0.00002794,39.00000000,1
1531194620135,1531194620126,2071128,0.00002792,226.00000000,1
1531194620135,1531194620126,2071129,0.00002791,2042.00000000,1
1531194620135,1531194620126,2071130,0.00002789,79.00000000,1
