event_time,trade_time,trade_id,price,quantity,maker
1531160270305,1531160270303,2336558,0.00000788,2928.00000000,1
1531160271290,1531160271287,2336559,0.00000788,235.00000000,1
1531160276640,1531160276637,2336560,0.00000788,791.00000000,1
1531160277320,1531160277316,2336561,0.00000787,581.00000000,1
1531160278695,1531160278692,2336562,0.00000788,348.00000000,0
1531160304070,1531160304067,2336563,0.00000788,608.00000000,1
1531160318736,1531160318732,2336564,0.00000792,128.00000000,0
1531160319122,1531160319120,2336565,0.00000792,128.00000000,0
1531160326553,1531160326549,2336566,0.00000790,23601.00000000,0
1531160326561,1531160326558,2336567,0.00000788,11458.00000000,1
1531160331112,1531160331109,2336568,0.00000787,307.00000000,1
1531160339179,1531160339175,2336569,0.00000792,128.00000000,0
1531160348896,1531160348895,2336570,0.00000790,2456.00000000,0
1531160348908,1531160348905,2336571,0.00000788,8685.00000000,1
1531160348930,1531160348927,2336572,0.00000788,1007.00000000,1
1531160368518,1531160368515,2336573,0.00000789,1071.00000000,1
1531160368537,1531160368532,2336574,0.00000789,4620.00000000,1
1531160381141,1531160381139,2336575,0.00000789,7058.00000000,1
1531160381159,1531160381155,2336576,0.00000789,3289.00000000,1
1531160393665,1531160393661,2336577,0.00000790,7362.00000000,1
1531160393683,1531160393680,2336578,0.00000790,177.00000000,1
1531160395049,1531160395047,2336579,0.00000789,149.00000000,1
1531160426094,1531160426091,2336580,0.00000791,1482.00000000,1
1531160426106,1531160426105,2336581,0.00000791,1866.00000000,0
1531160426119,1531160426117,2336582,0.00000791,1482.00000000,1
1531160428652,1531160428649,2336583,0.00000792,450.00000000,0
1531160430078,1531160430076,2336584,0.00000791,261.00000000,1
1531160434316,1531160434314,2336585,0.00000791,4493.00000000,1
1531160434324,1531160434321,2336586,0.00000791,450.00000000,0
1531160434336,1531160434333,2336587,0.00000791,4493.00000000,1
1531160449616,1531160449613,2336588,0.00000790,8034.00000000,1
1531160455546,1531160455542,2336589,0.00000791,1394.00000000,0
1531160522172,1531160522169,2336590,0.00000792,2950.00000000,0
1531160522190,1531160522188,2336591,0.00000791,1433.00000000,1
1531160539044,1531160539040,2336592,0.00000791,305.00000000,1
1531160561494,1531160561492,2336593,0.00000792,713.00000000,0
1531160561512,1531160561508,2336594,0.00000791,578.00000000,1
1531160561532,1531160561528,2336595,0.00000791,435.00000000,1
1531160563007,1531160563003,2336596,0.00000793,128.00000000,0
1531160590971,1531160590967,2336597,0.00000794,12499.00000000,0
1531160593005,1531160593003,2336598,0.00000794,126.00000000,1
1531160593587,1531160593584,2336599,0.00000794,2196.00000000,1
1531160594195,1531160594191,2336600,0.00000794,137.00000000,1
1531160602800,1531160602797,2336601,0.00000795,127.00000000,0
1531160603616,1531160603614,2336602,0.00000795,127.00000000,0
1531160604350,1531160604347,2336603,0.00000794,520.00000000,1
1531160622285,1531160622281,2336604,0.00000794,128.00000000,1
1531160624667,1531160624663,2336605,0.00000794,6750.00000000,1
1531160625703,1531160625699,2336606,0.00000794,1260.00000000,0
1531160627135,1531160627132,2336607,0.00000793,164.00000000,1
1531160627213,1531160627209,2336608,0.00000793,195.00000000,1
1531160629423,1531160629420,2336609,0.00000794,7.00000000,0
1531160642932,1531160642929,2336610,0.00000794,377.00000000,0
1531160644511,1531160644507,2336611,0.00000794,128.00000000,0
1531160662923,1531160662919,2336612,0.00000794,4009.00000000,0
1531160689271,1531160689267,2336613,0.00000793,688.00000000,1
1531160704312,1531160704307,2336614,0.00000794,189.00000000,0
1531160707365,1531160707362,2336615,0.00000793,14324.00000000,1
1531160708177,1531160708173,2336616,0.00000793,1154.00000000,1
1531160716068,1531160716064,2336617,0.00000793,200.00000000,1
1531160744036,1531160744031,2336618,0.00000793,255.00000000,0
1531160747170,1531160747166,2336619,0.00000792,209.00000000,1
1531160747189,1531160747189,2336620,0.00000792,127.00000000,1
1531160798998,1531160798995,2336621,0.00000791,1050.00000000,1
1531160801933,1531160801929,2336622,0.00000791,340.00000000,0
1531160829944,1531160829940,2336623,0.00000791,3232.00000000,1
1531160839121,1531160839116,2336624,0.00000791,5247.00000000,1
1531160839121,1531160839116,2336625,0.00000790,12233.00000000,1
1531160841032,1531160841029,2336626,0.00000790,1500.00000000,0
1531160845674,1531160845670,2336627,0.00000789,1290.00000000,1
1531160872005,1531160872002,2336628,0.00000789,4796.00000000,1
1531160890932,1531160890929,2336629,0.00000789,4795.00000000,1
1531160915320,1531160915317,2336630,0.00000789,2321.00000000,1
1531160926101,1531160926097,2336631,0.00000788,136.00000000,1
1531160949001,1531160948998,2336632,0.00000789,849.00000000,1
1531160949030,1531160949025,2336633,0.00000789,508.00000000,1
1531160949055,1531160949051,2336634,0.00000789,376.00000000,1
1531160966277,1531160966273,2336635,0.00000789,1413.00000000,1
1531160966287,1531160966282,2336636,0.00000789,1610.00000000,0
1531160966295,1531160966292,2336637,0.00000789,377.00000000,1
1531160966317,1531160966313,2336638,0.00000789,1036.00000000,1
1531161001062,1531161001059,2336639,0.00000789,1020.00000000,0
1531161028391,1531161028386,2336640,0.00000790,128.00000000,0
1531161087607,1531161087603,2336641,0.00000790,128.00000000,0
1531161088004,1531161087999,2336642,0.00000790,128.00000000,0
1531161253834,1531161253830,2336643,0.00000789,2580.00000000,1
1531161260010,1531161260006,2336644,0.00000789,10150.00000000,1
1531161262889,1531161262885,2336645,0.00000790,128.00000000,0
1531161537653,1531161537649,2336646,0.00000789,2304.00000000,1
1531161540731,1531161540726,2336647,0.00000789,128.00000000,0
1531161594329,1531161594325,2336648,0.00000788,118.00000000,1
1531161598134,1531161598128,2336649,0.00000787,1311.00000000,1
1531161598134,1531161598128,2336650,0.00000786,2308.00000000,1
1531161598134,1531161598128,2336651,0.00000785,386.00000000,1
1531161598134,1531161598128,2336652,0.00000785,200.00000000,1
1531161599178,1531161599174,2336653,0.00000788,650.00000000,0
1531161608286,1531161608285,2336654,0.00000788,1054.00000000,0
1531161641002,1531161640998,2336655,0.00000787,486.00000000,1
1531161665201,1531161665196,2336656,0.00000787,1209.00000000,1
1531161683086,1531161683083,2336657,0.00000787,2641.00000000,1
1531161723627,1531161723622,2336658,0.00000788,7687.00000000,0
1531161723639,1531161723635,2336659,0.00000787,2580.00000000,1
1531161778578,1531161778574,2336660,0.00000787,6883.00000000,1
1531161782692,1531161782690,2336661,0.00000788,8854.00000000,0
1531161782709,1531161782706,2336662,0.00000787,622.00000000,1
1531161783742,1531161783738,2336663,0.00000787,2412.00000000,0
1531161783864,1531161783860,2336664,0.00000787,128.00000000,0
1531161803241,1531161803237,2336665,0.00000787,4343.00000000,0
1531161804047,1531161804046,2336666,0.00000788,129.00000000,0
1531161804860,1531161804855,2336667,0.00000787,194.00000000,1
1531161917329,1531161917325,2336668,0.00000787,6135.00000000,1
1531161918126,1531161918125,2336669,0.00000787,144.00000000,0
1531161926718,1531161926714,2336670,0.00000786,128.00000000,1
1531161948680,1531161948675,2336671,0.00000786,153.00000000,1
1531161948680,1531161948675,2336672,0.00000785,10223.00000000,1
1531161967171,1531161967166,2336673,0.00000786,432.00000000,1
1531161967190,1531161967187,2336674,0.00000786,710.00000000,1
1531161986763,1531161986759,2336675,0.00000788,385.00000000,0
1531161987296,1531161987291,2336676,0.00000788,129.00000000,0
1531161993649,1531161993644,2336677,0.00000787,1426.00000000,0
1531161993668,1531161993664,2336678,0.00000786,576.00000000,1
1531162000580,1531162000575,2336679,0.00000786,623.00000000,1
1531162000580,1531162000575,2336680,0.00000785,1350.00000000,1
1531162000580,1531162000575,2336681,0.00000784,160.00000000,1
1531162000580,1531162000575,2336682,0.00000783,646.00000000,1
1531162037352,1531162037349,2336683,0.00000784,579.00000000,1
1531162042455,1531162042450,2336684,0.00000783,249.00000000,1
1531162042455,1531162042450,2336685,0.00000782,84.00000000,1
1531162081775,1531162081771,2336686,0.00000784,724.00000000,1
1531162112659,1531162112655,2336687,0.00000783,129.00000000,1
1531162121740,1531162121734,2336688,0.00000784,4433.00000000,1
1531162121740,1531162121734,2336689,0.00000783,932.00000000,1
1531162121740,1531162121734,2336690,0.00000782,4710.00000000,1
1531162121790,1531162121786,2336691,0.00000782,999.00000000,0
1531162121801,1531162121799,2336692,0.00000782,689.00000000,0
1531162121802,1531162121799,2336693,0.00000782,2222.00000000,0
1531162121894,1531162121887,2336694,0.00000782,3175.00000000,0
1531162122028,1531162122023,2336695,0.00000782,2100.00000000,0
1531162122105,1531162122101,2336696,0.00000782,20740.00000000,0
1531162132403,1531162132399,2336697,0.00000788,127.00000000,0
1531162166970,1531162166966,2336698,0.00000784,415.00000000,0
1531162166978,1531162166974,2336699,0.00000783,200.00000000,1
1531162182282,1531162182276,2336700,0.00000784,3130.00000000,1
1531162182304,1531162182302,2336701,0.00000784,1949.00000000,1
1531162242698,1531162242695,2336702,0.00000785,3170.00000000,1
1531162283095,1531162283091,2336703,0.00000785,4633.00000000,0
1531162324133,1531162324127,2336704,0.00000784,154.00000000,1
1531162328253,1531162328247,2336705,0.00000784,4038.00000000,1
1531162360248,1531162360243,2336706,0.00000783,15000.00000000,1
1531162367136,1531162367130,2336707,0.00000784,3827.00000000,0
1531162393973,1531162393969,2336708,0.00000783,7502.00000000,1
1531162452120,1531162452116,2336709,0.00000783,137.00000000,1
1531162519071,1531162519069,2336710,0.00000783,166.00000000,1
1531162584104,1531162584098,2336711,0.00000783,215.00000000,1
1531162596863,1531162596858,2336712,0.00000783,20000.00000000,1
1531162651191,1531162651187,2336713,0.00000783,221.00000000,1
1531162663762,1531162663758,2336714,0.00000784,376.00000000,1
1531162684824,1531162684819,2336715,0.00000785,9100.00000000,0
1531162684842,1531162684836,2336716,0.00000785,6198.00000000,0
1531162706413,1531162706407,2336717,0.00000785,14727.00000000,1
1531162706439,1531162706435,2336718,0.00000785,8275.00000000,1
1531162706459,1531162706453,2336719,0.00000785,9564.00000000,1
1531162723342,1531162723335,2336720,0.00000785,11450.00000000,0
1531162723356,1531162723351,2336721,0.00000784,4273.00000000,1
1531162740789,1531162740784,2336722,0.00000785,1446.00000000,1
1531162746706,1531162746701,2336723,0.00000784,217.00000000,1
1531162752014,1531162752009,2336724,0.00000785,200.00000000,1
1531162766746,1531162766741,2336725,0.00000785,1417.00000000,1
1531162799408,1531162799402,2336726,0.00000785,3906.00000000,1
1531162799423,1531162799418,2336727,0.00000785,5702.00000000,0
1531162799436,1531162799431,2336728,0.00000785,3906.00000000,1
1531162817100,1531162817098,2336729,0.00000783,178.00000000,1
1531162831116,1531162831111,2336730,0.00000784,11219.00000000,1
1531162884074,1531162884068,2336731,0.00000783,183.00000000,1
1531162955111,1531162955107,2336732,0.00000783,144.00000000,1
1531162978819,1531162978813,2336733,0.00000785,9844.00000000,0
1531162991915,1531162991911,2336734,0.00000785,8061.00000000,0
1531162991935,1531162991929,2336735,0.00000785,5353.00000000,0
1531163022096,1531163022092,2336736,0.00000783,213.00000000,1
1531163023612,1531163023607,2336737,0.00000783,1002.00000000,1
1531163023624,1531163023620,2336738,0.00000783,23467.00000000,0
1531163023637,1531163023632,2336739,0.00000784,2959.00000000,0
1531163023645,1531163023640,2336740,0.00000784,10282.00000000,0
1531163036504,1531163036500,2336741,0.00000783,3936.00000000,0
1531163036519,1531163036514,2336742,0.00000784,2372.00000000,0
1531163061363,1531163061357,2336743,0.00000783,763.00000000,1
1531163126554,1531163126548,2336744,0.00000783,1739.00000000,1
1531163138048,1531163138043,2336745,0.00000783,564.00000000,1
1531163139204,1531163139198,2336746,0.00000782,13089.00000000,1
1531163140051,1531163140048,2336747,0.00000781,6789.00000000,1
1531163181275,1531163181270,2336748,0.00000781,20046.00000000,0
1531163183146,1531163183141,2336749,0.00000781,5084.00000000,0
1531163183148,1531163183142,2336750,0.00000781,1806.00000000,0
1531163183158,1531163183153,2336751,0.00000783,2801.00000000,0
1531163204779,1531163204774,2336752,0.00000782,3217.00000000,0
1531163204788,1531163204782,2336753,0.00000783,2332.00000000,0
1531163204808,1531163204803,2336754,0.00000781,5084.00000000,1
1531163204844,1531163204839,2336755,0.00000781,363.00000000,0
1531163204858,1531163204854,2336756,0.00000781,363.00000000,0
1531163204863,1531163204860,2336757,0.00000781,908.00000000,0
1531163204870,1531163204867,2336758,0.00000781,172.00000000,0
1531163227973,1531163227967,2336759,0.00000781,12711.00000000,1
1531163227989,1531163227983,2336760,0.00000781,6333.00000000,0
1531163228001,1531163227996,2336761,0.00000781,5810.00000000,1
1531163228011,1531163228005,2336762,0.00000781,6901.00000000,1
1531163230562,1531163230559,2336763,0.00000780,630.00000000,1
1531163264711,1531163264706,2336764,0.00000781,13145.00000000,1
1531163264731,1531163264725,2336765,0.00000781,14197.00000000,0
1531163264748,1531163264743,2336766,0.00000781,3844.00000000,1
1531163264758,1531163264754,2336767,0.00000781,9301.00000000,1
1531163273930,1531163273925,2336768,0.00000781,1528.00000000,0
1531163306538,1531163306534,2336769,0.00000781,8106.00000000,1
1531163337906,1531163337900,2336770,0.00000781,1951.00000000,0
1531163337917,1531163337914,2336771,0.00000783,5005.00000000,0
1531163337937,1531163337932,2336772,0.00000783,1952.00000000,0
1531163338081,1531163338076,2336773,0.00000781,6521.00000000,0
1531163357957,1531163357953,2336774,0.00000781,215.00000000,1
1531163388186,1531163388181,2336775,0.00000781,7040.00000000,0
1531163388202,1531163388198,2336776,0.00000781,4530.00000000,0
1531163388233,1531163388225,2336777,0.00000782,432.00000000,0
1531163388233,1531163388225,2336778,0.00000784,1059.00000000,0
1531163388233,1531163388225,2336779,0.00000787,1140.00000000,0
1531163388233,1531163388225,2336780,0.00000788,255.00000000,0
1531163388233,1531163388225,2336781,0.00000789,458.00000000,0
1531163388233,1531163388225,2336782,0.00000791,1186.00000000,0
1531163388641,1531163388637,2336783,0.00000782,638.00000000,1
1531163395910,1531163395902,2336784,0.00000783,607.00000000,1
1531163400723,1531163400718,2336785,0.00000784,1222.00000000,1
1531163401699,1531163401695,2336786,0.00000784,367.00000000,1
1531163405272,1531163405265,2336787,0.00000785,15322.00000000,0
1531163405291,1531163405285,2336788,0.00000784,8224.00000000,1
1531163410357,1531163410351,2336789,0.00000783,178.00000000,1
1531163444831,1531163444826,2336790,0.00000783,844.00000000,1
1531163444841,1531163444834,2336791,0.00000783,1824.00000000,0
1531163444861,1531163444856,2336792,0.00000784,897.00000000,0
1531163464313,1531163464309,2336793,0.00000785,192.00000000,0
1531163482439,1531163482434,2336794,0.00000784,1728.00000000,1
1531163482464,1531163482459,2336795,0.00000784,8224.00000000,1
1531163490668,1531163490663,2336796,0.00000782,7285.00000000,1
1531163490686,1531163490680,2336797,0.00000784,897.00000000,0
1531163490763,1531163490758,2336798,0.00000785,866.00000000,0
1531163519535,1531163519530,2336799,0.00000786,21857.00000000,0
1531163519547,1531163519543,2336800,0.00000785,6896.00000000,1
1531163519570,1531163519563,2336801,0.00000785,9422.00000000,1
1531163519599,1531163519594,2336802,0.00000784,9121.00000000,1
1531163520114,1531163520108,2336803,0.00000784,155.00000000,1
1531163543580,1531163543571,2336804,0.00000785,1033.00000000,0
1531163543580,1531163543571,2336805,0.00000786,240.00000000,0
1531163549194,1531163549188,2336806,0.00000785,1140.00000000,0
1531163549194,1531163549188,2336807,0.00000786,816.00000000,0
1531163549194,1531163549188,2336808,0.00000787,78.00000000,0
1531163563984,1531163563977,2336809,0.00000786,7742.00000000,0
1531163564003,1531163563997,2336810,0.00000785,7966.00000000,1
1531163564027,1531163564021,2336811,0.00000785,3457.00000000,1
1531163593712,1531163593707,2336812,0.00000785,2162.00000000,1
1531163593732,1531163593727,2336813,0.00000785,8117.00000000,1
1531163623537,1531163623533,2336814,0.00000786,16767.00000000,0
1531163623549,1531163623543,2336815,0.00000785,7420.00000000,1
1531163629070,1531163629065,2336816,0.00000784,637.00000000,1
1531163653329,1531163653324,2336817,0.00000786,8803.00000000,0
1531163653345,1531163653340,2336818,0.00000785,6772.00000000,1
1531163662342,1531163662337,2336819,0.00000785,4350.00000000,1
1531163662357,1531163662352,2336820,0.00000785,9980.00000000,1
1531163676452,1531163676448,2336821,0.00000785,6793.00000000,1
1531163676477,1531163676474,2336822,0.00000785,865.00000000,1
1531163698937,1531163698930,2336823,0.00000785,4022.00000000,1
1531163698952,1531163698947,2336824,0.00000785,3948.00000000,1
1531163710756,1531163710751,2336825,0.00000785,2295.00000000,1
1531163710771,1531163710766,2336826,0.00000785,583.00000000,1
1531163723146,1531163723142,2336827,0.00000784,165.00000000,1
1531163758677,1531163758675,2336828,0.00000783,6547.00000000,1
1531163759661,1531163759658,2336829,0.00000783,1229.00000000,1
1531163760663,1531163760656,2336830,0.00000783,1578.00000000,1
1531163760663,1531163760656,2336831,0.00000782,753.00000000,1
1531163761657,1531163761654,2336832,0.00000782,725.00000000,1
1531163762648,1531163762643,2336833,0.00000782,221.00000000,1
1531163781172,1531163781167,2336834,0.00000784,15291.00000000,0
1531163781184,1531163781178,2336835,0.00000783,7352.00000000,1
1531163791197,1531163791191,2336836,0.00000782,88.00000000,1
1531163824614,1531163824609,2336837,0.00000782,5528.00000000,0
1531163857510,1531163857504,2336838,0.00000780,154.00000000,1
1531163868158,1531163868154,2336839,0.00000780,22093.00000000,1
1531163878582,1531163878575,2336840,0.00000780,392.00000000,1
1531163879705,1531163879700,2336841,0.00000781,1658.00000000,0
1531163879714,1531163879710,2336842,0.00000780,4189.00000000,1
1531163879733,1531163879728,2336843,0.00000780,540.00000000,1
1531163924752,1531163924746,2336844,0.00000779,129.00000000,1
1531163924765,1531163924759,2336845,0.00000779,4944.00000000,0
1531163924779,1531163924775,2336846,0.00000780,932.00000000,0
1531163927930,1531163927926,2336847,0.00000778,1269.00000000,1
1531163955163,1531163955156,2336848,0.00000778,130.00000000,0
1531163961717,1531163961711,2336849,0.00000778,128.00000000,0
1531163983633,1531163983629,2336850,0.00000778,631.00000000,0
1531163983633,1531163983629,2336851,0.00000778,631.00000000,0
1531163983637,1531163983633,2336852,0.00000778,3101.00000000,0
1531163983637,1531163983633,2336853,0.00000779,1066.00000000,0
1531163983637,1531163983633,2336854,0.00000780,3285.00000000,0
1531163983681,1531163983676,2336855,0.00000778,1285.00000000,1
1531163983681,1531163983676,2336856,0.00000777,447.00000000,1
1531163983681,1531163983676,2336857,0.00000776,371.00000000,1
1531163983696,1531163983690,2336858,0.00000774,1285.00000000,1
1531163983717,1531163983712,2336859,0.00000774,1285.00000000,1
1531163983721,1531163983716,2336860,0.00000774,1132.00000000,1
1531163983782,1531163983778,2336861,0.00000778,1147.00000000,0
1531163983782,1531163983778,2336862,0.00000780,3803.00000000,0
1531163983987,1531163983982,2336863,0.00000780,2862.00000000,0
1531163984247,1531163984243,2336864,0.00000782,642.00000000,0
1531163984247,1531163984243,2336865,0.00000783,57.00000000,0
1531163999234,1531163999229,2336866,0.00000781,4913.00000000,0
1531163999246,1531163999240,2336867,0.00000779,2318.00000000,1
1531164018285,1531164018279,2336868,0.00000780,693.00000000,1
1531164029216,1531164029210,2336869,0.00000781,156.00000000,1
1531164032437,1531164032433,2336870,0.00000781,575.00000000,1
1531164033969,1531164033964,2336871,0.00000781,8405.00000000,1
1531164048184,1531164048179,2336872,0.00000780,2334.00000000,1
1531164059039,1531164059032,2336873,0.00000780,2795.00000000,1
1531164059047,1531164059042,2336874,0.00000780,10359.00000000,0
1531164059061,1531164059056,2336875,0.00000781,731.00000000,0
1531164059498,1531164059492,2336876,0.00000781,146.00000000,1
1531164083761,1531164083756,2336877,0.00000781,3208.00000000,1
1531164083788,1531164083782,2336878,0.00000781,9136.00000000,1
1531164099118,1531164099112,2336879,0.00000782,128.00000000,0
1531164121635,1531164121631,2336880,0.00000781,22516.00000000,0
1531164121642,1531164121636,2336881,0.00000780,16465.00000000,1
1531164121657,1531164121651,2336882,0.00000780,8865.00000000,1
1531164134356,1531164134350,2336883,0.00000779,991.00000000,1
1531164141918,1531164141915,2336884,0.00000780,4217.00000000,1
1531164178512,1531164178507,2336885,0.00000780,17063.00000000,1
1531164188870,1531164188864,2336886,0.00000780,9961.00000000,1
1531164240573,1531164240566,2336887,0.00000781,3943.00000000,0
1531164240586,1531164240579,2336888,0.00000780,750.00000000,1
1531164240607,1531164240602,2336889,0.00000780,1686.00000000,1
1531164273118,1531164273114,2336890,0.00000780,645.00000000,1
1531164326484,1531164326479,2336891,0.00000780,620.00000000,1
1531164353879,1531164353874,2336892,0.00000780,1185.00000000,1
1531164353904,1531164353898,2336893,0.00000780,1283.00000000,1
1531164382763,1531164382759,2336894,0.00000781,179.00000000,0
1531164382779,1531164382774,2336895,0.00000780,129.00000000,1
1531164400963,1531164400959,2336896,0.00000782,150.00000000,0
1531164419738,1531164419732,2336897,0.00000780,195.00000000,1
1531164439278,1531164439273,2336898,0.00000780,410.00000000,1
1531164458524,1531164458520,2336899,0.00000779,339.00000000,1
1531164850959,1531164850954,2336900,0.00000779,1153.00000000,1
1531164860743,1531164860737,2336901,0.00000779,343.00000000,1
1531164879824,1531164879819,2336902,0.00000778,22553.00000000,1
1531164911869,1531164911865,2336903,0.00000778,5751.00000000,0
1531164944354,1531164944348,2336904,0.00000778,11237.00000000,1
1531164944382,1531164944378,2336905,0.00000778,11322.00000000,1
1531164944398,1531164944392,2336906,0.00000778,3823.00000000,1
1531164960873,1531164960868,2336907,0.00000778,22186.00000000,1
1531164960892,1531164960888,2336908,0.00000778,836.00000000,1
1531164987017,1531164987012,2336909,0.00000778,12583.00000000,1
1531164987074,1531164987067,2336910,0.00000778,8988.00000000,1
1531165015815,1531165015809,2336911,0.00000778,8411.00000000,1
1531165015815,1531165015809,2336912,0.00000777,2502.00000000,1
1531165017141,1531165017134,2336913,0.00000774,560.00000000,1
1531165020914,1531165020910,2336914,0.00000776,205.00000000,0
1531165021578,1531165021571,2336915,0.00000776,701.00000000,0
1531165026709,1531165026703,2336916,0.00000775,23332.00000000,1
1531165026736,1531165026731,2336917,0.00000775,22752.00000000,1
1531165026752,1531165026745,2336918,0.00000775,8102.00000000,1
1531165031463,1531165031457,2336919,0.00000776,1.00000000,0
1531165045047,1531165045042,2336920,0.00000775,875.00000000,1
1531165079225,1531165079220,2336921,0.00000775,4336.00000000,1
1531165079241,1531165079235,2336922,0.00000775,7421.00000000,1
1531165090120,1531165090113,2336923,0.00000775,337.00000000,0
1531165090121,1531165090120,2336924,0.00000775,337.00000000,0
1531165090127,1531165090120,2336925,0.00000775,337.00000000,0
1531165090129,1531165090126,2336926,0.00000775,998.00000000,0
1531165090133,1531165090127,2336927,0.00000775,337.00000000,0
1531165090133,1531165090127,2336928,0.00000775,337.00000000,0
1531165090134,1531165090128,2336929,0.00000775,337.00000000,0
1531165090138,1531165090136,2336930,0.00000775,337.00000000,0
1531165090139,1531165090136,2336931,0.00000775,337.00000000,0
1531165090147,1531165090144,2336932,0.00000775,337.00000000,0
1531165090150,1531165090147,2336933,0.00000775,337.00000000,0
1531165090441,1531165090435,2336934,0.00000775,779.00000000,0
1531165112828,1531165112822,2336935,0.00000775,10419.00000000,1
1531165148558,1531165148552,2336936,0.00000776,43463.00000000,0
1531165148569,1531165148563,2336937,0.00000775,24695.00000000,1
1531165159796,1531165159790,2336938,0.00000775,1694.00000000,1
1531165180819,1531165180814,2336939,0.00000776,27194.00000000,0
1531165180827,1531165180823,2336940,0.00000775,23476.00000000,1
1531165180844,1531165180838,2336941,0.00000775,20181.00000000,1
1531165196238,1531165196232,2336942,0.00000775,6089.00000000,1
1531165200075,1531165200069,2336943,0.00000775,12724.00000000,1
1531165200113,1531165200106,2336944,0.00000775,351.00000000,0
1531165200125,1531165200119,2336945,0.00000775,996.00000000,0
1531165201101,1531165201098,2336946,0.00000775,1121.00000000,0
1531165212965,1531165212959,2336947,0.00000777,750.00000000,0
1531165213087,1531165213079,2336948,0.00000774,1280.00000000,1
1531165213087,1531165213079,2336949,0.00000773,11154.00000000,1
1531165244054,1531165244049,2336950,0.00000775,3113.00000000,1
1531165244071,1531165244066,2336951,0.00000775,20200.00000000,1
1531165278258,1531165278253,2336952,0.00000776,38231.00000000,0
1531165278272,1531165278268,2336953,0.00000775,14482.00000000,1
1531165321942,1531165321937,2336954,0.00000776,46927.00000000,0
1531165322147,1531165322142,2336955,0.00000775,5149.00000000,1
1531165322170,1531165322165,2336956,0.00000775,22396.00000000,1
1531165344961,1531165344954,2336957,0.00000777,924.00000000,0
1531165346022,1531165346020,2336958,0.00000777,2.00000000,0
1531165395158,1531165395153,2336959,0.00000777,17026.00000000,1
1531165444704,1531165444700,2336960,0.00000777,162.00000000,1
1531165455160,1531165455154,2336961,0.00000778,196.00000000,0
1531165469430,1531165469425,2336962,0.00000778,554.00000000,0
1531165586836,1531165586832,2336963,0.00000778,14697.00000000,1
1531165617440,1531165617433,2336964,0.00000778,24675.00000000,1
1531165938664,1531165938658,2336965,0.00000779,27321.00000000,0
1531165938664,1531165938658,2336966,0.00000780,1140.00000000,0
1531165956188,1531165956182,2336967,0.00000781,679.00000000,1
1531165956188,1531165956182,2336968,0.00000780,320.00000000,1
1531165983122,1531165983120,2336969,0.00000781,11235.00000000,1
1531165993623,1531165993617,2336970,0.00000782,746.00000000,0
1531166024190,1531166024183,2336971,0.00000781,22707.00000000,1
1531166024202,1531166024195,2336972,0.00000781,29737.00000000,0
1531166024214,1531166024209,2336973,0.00000781,22707.00000000,1
1531166066498,1531166066494,2336974,0.00000782,348.00000000,0
1531166109826,1531166109825,2336975,0.00000782,191.00000000,0
1531166120466,1531166120464,2336976,0.00000782,1278.00000000,0
1531166144307,1531166144301,2336977,0.00000781,24875.00000000,1
1531166144327,1531166144322,2336978,0.00000781,7928.00000000,1
1531166160809,1531166160807,2336979,0.00000781,706.00000000,1
1531166160843,1531166160837,2336980,0.00000781,614.00000000,1
1531166160860,1531166160854,2336981,0.00000781,319.00000000,1
1531166202768,1531166202763,2336982,0.00000781,1081.00000000,1
1531166202783,1531166202777,2336983,0.00000781,540.00000000,1
1531166224386,1531166224384,2336984,0.00000781,493.00000000,1
1531166224403,1531166224400,2336985,0.00000781,122.00000000,0
1531166224417,1531166224413,2336986,0.00000781,139.00000000,1
1531166224441,1531166224435,2336987,0.00000781,354.00000000,1
1531166260755,1531166260750,2336988,0.00000781,509.00000000,1
1531166289420,1531166289414,2336989,0.00000781,763.00000000,1
1531166289428,1531166289423,2336990,0.00000781,1020.00000000,0
1531166289444,1531166289439,2336991,0.00000781,763.00000000,1
1531166317777,1531166317771,2336992,0.00000782,129.00000000,0
1531166324414,1531166324408,2336993,0.00000781,1255.00000000,1
1531166324428,1531166324423,2336994,0.00000781,471.00000000,0
1531166324435,1531166324430,2336995,0.00000781,526.00000000,1
1531166324459,1531166324452,2336996,0.00000781,600.00000000,1
1531166342775,1531166342770,2336997,0.00000781,129.00000000,1
1531166402717,1531166402710,2336998,0.00000781,196.00000000,1
1531166405748,1531166405742,2336999,0.00000781,449.00000000,1
1531166410249,1531166410244,2337000,0.00000781,988.00000000,1
1531166410261,1531166410254,2337001,0.00000781,576.00000000,1
1531166425071,1531166425066,2337002,0.00000781,49.00000000,1
1531166463987,1531166463980,2337003,0.00000780,1100.00000000,1
1531166470506,1531166470499,2337004,0.00000781,621.00000000,1
1531166470529,1531166470524,2337005,0.00000781,588.00000000,1
1531166470542,1531166470536,2337006,0.00000781,464.00000000,1
1531166521728,1531166521722,2337007,0.00000781,357.00000000,1
1531166521755,1531166521754,2337008,0.00000781,1119.00000000,1
1531166521780,1531166521774,2337009,0.00000781,338.00000000,1
1531166542032,1531166542027,2337010,0.00000781,304.00000000,1
1531166578544,1531166578539,2337011,0.00000781,519.00000000,1
1531166578561,1531166578555,2337012,0.00000781,279.00000000,0
1531166578580,1531166578573,2337013,0.00000781,519.00000000,1
1531166615961,1531166615956,2337014,0.00000781,1142.00000000,1
1531166615971,1531166615966,2337015,0.00000781,1611.00000000,0
1531166615987,1531166615981,2337016,0.00000781,129.00000000,1
1531166616000,1531166615997,2337017,0.00000781,1013.00000000,1
1531166642325,1531166642321,2337018,0.00000781,186.00000000,1
1531166653489,1531166653483,2337019,0.00000781,1237.00000000,1
1531166653489,1531166653483,2337020,0.00000780,8824.00000000,1
1531166693529,1531166693522,2337021,0.00000779,750.00000000,1
1531166693608,1531166693605,2337022,0.00000779,445.00000000,1
1531166698633,1531166698626,2337023,0.00000777,211.00000000,1
1531166698633,1531166698626,2337024,0.00000776,2605.00000000,1
1531166719308,1531166719303,2337025,0.00000777,330.00000000,1
1531166737475,1531166737471,2337026,0.00000777,339.00000000,1
1531166737475,1531166737471,2337027,0.00000776,66.00000000,1
1531166754400,1531166754395,2337028,0.00000777,1492.00000000,1
1531166754415,1531166754408,2337029,0.00000777,321.00000000,0
1531166754433,1531166754432,2337030,0.00000777,820.00000000,1
1531166754455,1531166754449,2337031,0.00000777,672.00000000,1
1531166794019,1531166794008,2337032,0.00000776,1858.00000000,1
1531166794019,1531166794008,2337033,0.00000775,10118.00000000,1
1531166794019,1531166794008,2337034,0.00000774,29016.00000000,1
1531166794019,1531166794008,2337035,0.00000773,3201.00000000,1
1531166794019,1531166794008,2337036,0.00000772,4469.00000000,1
1531166794019,1531166794008,2337037,0.00000771,16771.00000000,1
1531166824445,1531166824439,2337038,0.00000773,770.00000000,1
1531166831117,1531166831112,2337039,0.00000775,1171.00000000,0
1531166831129,1531166831124,2337040,0.00000774,1129.00000000,1
1531166831146,1531166831143,2337041,0.00000774,548.00000000,1
1531166863007,1531166863001,2337042,0.00000774,130.00000000,1
1531166893737,1531166893731,2337043,0.00000775,1095.00000000,0
1531166893744,1531166893739,2337044,0.00000774,741.00000000,1
1531166923863,1531166923859,2337045,0.00000774,688.00000000,1
1531166923885,1531166923881,2337046,0.00000774,130.00000000,1
1531166931694,1531166931691,2337047,0.00000774,439.00000000,1
1531166931707,1531166931702,2337048,0.00000774,130.00000000,1
1531166939851,1531166939846,2337049,0.00000774,480.00000000,1
1531166939859,1531166939854,2337050,0.00000774,1086.00000000,1
1531166963787,1531166963780,2337051,0.00000775,895.00000000,1
1531166963807,1531166963803,2337052,0.00000775,1001.00000000,0
1531166963827,1531166963821,2337053,0.00000775,895.00000000,1
1531166988470,1531166988464,2337054,0.00000775,617.00000000,1
1531166988488,1531166988482,2337055,0.00000775,976.00000000,1
1531167040379,1531167040373,2337056,0.00000775,409.00000000,1
1531167040392,1531167040387,2337057,0.00000775,12.00000000,0
1531167040404,1531167040400,2337058,0.00000775,161.00000000,1
1531167040426,1531167040421,2337059,0.00000775,248.00000000,1
1531167045038,1531167045031,2337060,0.00000776,129.00000000,0
1531167066305,1531167066301,2337061,0.00000775,831.00000000,1
1531167066305,1531167066301,2337062,0.00000774,695.00000000,1
1531167066323,1531167066319,2337063,0.00000774,9774.00000000,0
1531167066335,1531167066330,2337064,0.00000774,903.00000000,0
1531167066360,1531167066353,2337065,0.00000774,789.00000000,0
1531167066363,1531167066358,2337066,0.00000774,789.00000000,0
1531167066383,1531167066379,2337067,0.00000774,789.00000000,0
1531167114199,1531167114192,2337068,0.00000774,88.00000000,0
1531167114199,1531167114192,2337069,0.00000775,212.00000000,0
1531167120444,1531167120440,2337070,0.00000775,194.00000000,0
1531167164806,1531167164801,2337071,0.00000774,318.00000000,1
1531167164823,1531167164818,2337072,0.00000774,215.00000000,0
1531167164834,1531167164828,2337073,0.00000774,130.00000000,1
1531167164859,1531167164853,2337074,0.00000774,188.00000000,1
1531167169194,1531167169191,2337075,0.00000774,773.00000000,0
1531167174574,1531167174568,2337076,0.00000773,304.00000000,1
1531167174574,1531167174568,2337077,0.00000771,1860.00000000,1
1531167193064,1531167193058,2337078,0.00000774,130.00000000,1
1531167196517,1531167196515,2337079,0.00000774,1808.00000000,0
1531167203670,1531167203664,2337080,0.00000775,913.00000000,0
1531167219610,1531167219603,2337081,0.00000773,748.00000000,0
1531167234117,1531167234111,2337082,0.00000774,657.00000000,0
1531167236114,1531167236109,2337083,0.00000774,291.00000000,0
1531167239955,1531167239950,2337084,0.00000773,1101.00000000,0
1531167239966,1531167239960,2337085,0.00000772,1002.00000000,1
1531167279149,1531167279144,2337086,0.00000772,136.00000000,1
1531167324698,1531167324694,2337087,0.00000773,130.00000000,1
1531167324707,1531167324701,2337088,0.00000773,58.00000000,0
1531167324719,1531167324714,2337089,0.00000773,130.00000000,1
1531167338667,1531167338661,2337090,0.00000773,130.00000000,1
1531167338690,1531167338684,2337091,0.00000773,1250.00000000,1
1531167358871,1531167358865,2337092,0.00000773,1995.00000000,1
1531167358878,1531167358873,2337093,0.00000773,1208.00000000,0
1531167358887,1531167358883,2337094,0.00000773,859.00000000,1
1531167358908,1531167358906,2337095,0.00000773,1136.00000000,1
1531167379054,1531167379048,2337096,0.00000773,386.00000000,1
1531167379066,1531167379060,2337097,0.00000773,707.00000000,0
1531167379075,1531167379075,2337098,0.00000773,386.00000000,1
1531167400622,1531167400617,2337099,0.00000773,1220.00000000,1
1531167400632,1531167400628,2337100,0.00000773,1219.00000000,1
1531167411508,1531167411501,2337101,0.00000773,514.00000000,1
1531167411526,1531167411520,2337102,0.00000773,546.00000000,1
1531167580325,1531167580319,2337103,0.00000772,207.00000000,1
1531167771109,1531167771105,2337104,0.00000772,2606.00000000,1
1531167771109,1531167771105,2337105,0.00000771,2063.00000000,1
1531167780424,1531167780418,2337106,0.00000772,528.00000000,1
1531167780549,1531167780543,2337107,0.00000772,1017.00000000,1
1531167780573,1531167780572,2337108,0.00000772,284.00000000,1
1531167802043,1531167802042,2337109,0.00000771,26583.00000000,1
1531167804670,1531167804666,2337110,0.00000770,295.00000000,1
1531167804833,1531167804828,2337111,0.00000770,233.00000000,0
1531167816835,1531167816828,2337112,0.00000770,173.00000000,1
1531167820460,1531167820458,2337113,0.00000771,2152.00000000,0
1531167848132,1531167848129,2337114,0.00000770,724.00000000,1
1531167848153,1531167848151,2337115,0.00000770,194.00000000,1
1531167869104,1531167869098,2337116,0.00000769,262.00000000,1
1531167869120,1531167869118,2337117,0.00000769,5066.00000000,0
1531167869124,1531167869119,2337118,0.00000769,5066.00000000,0
1531167872016,1531167872009,2337119,0.00000768,1544.00000000,1
1531167876382,1531167876381,2337120,0.00000769,140.00000000,0
1531167899036,1531167899035,2337121,0.00000769,4253.00000000,0
1531167899177,1531167899170,2337122,0.00000770,814.00000000,0
1531167942305,1531167942299,2337123,0.00000769,1358.00000000,1
1531167942339,1531167942332,2337124,0.00000769,789.00000000,1
1531167942350,1531167942345,2337125,0.00000769,660.00000000,1
1531167952844,1531167952844,2337126,0.00000769,673.00000000,1
1531167960122,1531167960117,2337127,0.00000769,977.00000000,1
1531167960137,1531167960138,2337128,0.00000769,2167.00000000,0
1531167960147,1531167960142,2337129,0.00000769,977.00000000,1
1531167968339,1531167968333,2337130,0.00000769,242.00000000,0
1531167968339,1531167968333,2337131,0.00000770,1268.00000000,0
1531167983025,1531167983019,2337132,0.00000769,1153.00000000,1
1531167983139,1531167983134,2337133,0.00000769,354.00000000,1
1531167983164,1531167983157,2337134,0.00000769,995.00000000,1
1531168002596,1531168002595,2337135,0.00000769,844.00000000,1
1531168002629,1531168002623,2337136,0.00000769,1087.00000000,1
1531168043189,1531168043189,2337137,0.00000769,363.00000000,1
1531168043200,1531168043194,2337138,0.00000769,856.00000000,1
1531168043309,1531168043303,2337139,0.00000770,140.00000000,0
1531168058759,1531168058753,2337140,0.00000769,131.00000000,1
1531168058780,1531168058777,2337141,0.00000769,118.00000000,0
1531168058797,1531168058792,2337142,0.00000769,131.00000000,1
1531168081433,1531168081432,2337143,0.00000769,1157.00000000,1
1531168081449,1531168081443,2337144,0.00000769,1263.00000000,1
1531168081469,1531168081467,2337145,0.00000769,508.00000000,1
1531168114600,1531168114594,2337146,0.00000769,1342.00000000,1
1531168114636,1531168114631,2337147,0.00000769,1135.00000000,1
1531168114650,1531168114645,2337148,0.00000769,850.00000000,1
1531168117136,1531168117135,2337149,0.00000770,219.00000000,0
1531168117136,1531168117135,2337150,0.00000771,1578.00000000,0
1531168117242,1531168117236,2337151,0.00000771,335.00000000,0
1531168139677,1531168139670,2337152,0.00000770,2034.00000000,0
1531168139699,1531168139693,2337153,0.00000769,286.00000000,1
1531168139714,1531168139708,2337154,0.00000769,848.00000000,1
1531168156477,1531168156472,2337155,0.00000770,1890.00000000,0
1531168156492,1531168156489,2337156,0.00000769,788.00000000,1
1531168199038,1531168199033,2337157,0.00000769,131.00000000,1
1531168230317,1531168230312,2337158,0.00000769,257.00000000,1
1531168230332,1531168230327,2337159,0.00000769,744.00000000,1
1531168356546,1531168356540,2337160,0.00000769,527.00000000,0
1531168356727,1531168356723,2337161,0.00000769,281.00000000,0
1531168356856,1531168356849,2337162,0.00000769,526.00000000,0
1531168388775,1531168388770,2337163,0.00000770,2306.00000000,0
1531168389353,1531168389347,2337164,0.00000770,2200.00000000,0
1531168400714,1531168400710,2337165,0.00000770,623.00000000,0
1531168400730,1531168400727,2337166,0.00000769,222.00000000,1
1531168401425,1531168401419,2337167,0.00000771,5015.00000000,0
1531168403544,1531168403539,2337168,0.00000771,4612.00000000,0
1531168422186,1531168422180,2337169,0.00000770,130.00000000,1
1531168422208,1531168422203,2337170,0.00000770,492.00000000,1
1531168424439,1531168424434,2337171,0.00000773,922.00000000,0
1531168435946,1531168435942,2337172,0.00000772,1146.00000000,0
1531168435953,1531168435949,2337173,0.00000771,797.00000000,1
1531168464538,1531168464532,2337174,0.00000772,615.00000000,1
1531168464560,1531168464555,2337175,0.00000772,1001.00000000,1
1531168475220,1531168475216,2337176,0.00000772,2293.00000000,1
1531168475248,1531168475244,2337177,0.00000772,1344.00000000,1
1531168475264,1531168475260,2337178,0.00000772,1082.00000000,1
1531168501485,1531168501481,2337179,0.00000772,1287.00000000,1
1531168501498,1531168501494,2337180,0.00000772,302.00000000,1
1531168572152,1531168572136,2337181,0.00000772,746.00000000,1
1531168818449,1531168818444,2337182,0.00000772,5427.00000000,1
1531168818449,1531168818444,2337183,0.00000771,13268.00000000,1
1531168818449,1531168818444,2337184,0.00000769,35962.00000000,1
1531168818462,1531168818456,2337185,0.00000769,4646.00000000,0
1531168818482,1531168818476,2337186,0.00000769,4646.00000000,0
1531168818491,1531168818488,2337187,0.00000769,4646.00000000,0
1531168818498,1531168818493,2337188,0.00000769,4646.00000000,0
1531168818521,1531168818519,2337189,0.00000768,4646.00000000,1
1531168818834,1531168818828,2337190,0.00000769,4654.00000000,0
1531168818861,1531168818858,2337191,0.00000769,1874.00000000,0
1531168818876,1531168818875,2337192,0.00000769,3546.00000000,0
1531168819852,1531168819846,2337193,0.00000769,144.00000000,0
1531168821543,1531168821541,2337194,0.00000768,1564.00000000,1
1531168832082,1531168832078,2337195,0.00000768,1574.00000000,1
1531168840855,1531168840849,2337196,0.00000768,1508.00000000,1
1531168899418,1531168899412,2337197,0.00000769,260.00000000,0
1531168899509,1531168899502,2337198,0.00000769,347.00000000,0
1531168934004,1531168934000,2337199,0.00000770,1036.00000000,0
1531168934701,1531168934695,2337200,0.00000773,139.00000000,0
1531168936557,1531168936552,2337201,0.00000770,2575.00000000,1
1531168940080,1531168940077,2337202,0.00000770,2386.00000000,1
1531168958252,1531168958247,2337203,0.00000770,2363.00000000,1
1531168961643,1531168961639,2337204,0.00000769,778.00000000,1
1531168961665,1531168961660,2337205,0.00000769,679.00000000,1
1531168962020,1531168962014,2337206,0.00000770,1.00000000,0
1531168999437,1531168999432,2337207,0.00000770,699.00000000,1
1531169036105,1531169036102,2337208,0.00000769,2234.00000000,0
1531169080674,1531169080668,2337209,0.00000770,24776.00000000,0
1531169080686,1531169080681,2337210,0.00000769,15883.00000000,1
1531169117902,1531169117898,2337211,0.00000769,2231.00000000,1
1531169143320,1531169143315,2337212,0.00000769,2229.00000000,0
1531169143877,1531169143872,2337213,0.00000769,131.00000000,0
1531169159706,1531169159700,2337214,0.00000770,738.00000000,1
1531169161487,1531169161483,2337215,0.00000770,18895.00000000,1
1531169202687,1531169202681,2337216,0.00000769,23908.00000000,1
1531169202705,1531169202700,2337217,0.00000770,738.00000000,0
1531169228096,1531169228090,2337218,0.00000770,18895.00000000,1
1531169244009,1531169244003,2337219,0.00000770,10799.00000000,1
1531169244018,1531169244013,2337220,0.00000770,17926.00000000,0
1531169244034,1531169244030,2337221,0.00000770,10799.00000000,1
1531169257935,1531169257929,2337222,0.00000770,14566.00000000,1
1531169257960,1531169257955,2337223,0.00000770,9029.00000000,1
1531169257978,1531169257975,2337224,0.00000770,12558.00000000,1
1531169289141,1531169289136,2337225,0.00000770,24983.00000000,1
1531169290194,1531169290189,2337226,0.00000770,10879.00000000,1
1531169316406,1531169316402,2337227,0.00000770,9797.00000000,1
1531169316421,1531169316416,2337228,0.00000770,18837.00000000,1
1531169339629,1531169339624,2337229,0.00000770,5223.00000000,1
1531169352265,1531169352260,2337230,0.00000770,18803.00000000,1
1531169352279,1531169352275,2337231,0.00000770,5263.00000000,0
1531169352293,1531169352289,2337232,0.00000770,18803.00000000,1
1531169360527,1531169360525,2337233,0.00000770,5842.00000000,1
1531169363950,1531169363945,2337234,0.00000770,21139.00000000,1
1531169389227,1531169389221,2337235,0.00000770,5842.00000000,0
1531169423422,1531169423417,2337236,0.00000770,21139.00000000,1
1531169436958,1531169436953,2337237,0.00000770,1847.00000000,1
1531169458465,1531169458459,2337238,0.00000770,29009.00000000,1
1531169477991,1531169477986,2337239,0.00000770,15069.00000000,1
1531169478010,1531169478004,2337240,0.00000770,20709.00000000,1
1531169492690,1531169492686,2337241,0.00000771,4.00000000,0
1531169527228,1531169527223,2337242,0.00000770,15639.00000000,1
1531169527246,1531169527241,2337243,0.00000770,4452.00000000,1
1531169528569,1531169528563,2337244,0.00000771,461.00000000,0
1531169545594,1531169545589,2337245,0.00000770,21811.00000000,1
1531169561286,1531169561280,2337246,0.00000770,555.00000000,1
1531169579875,1531169579870,2337247,0.00000770,30996.00000000,1
1531169579892,1531169579886,2337248,0.00000770,22832.00000000,0
1531169579911,1531169579907,2337249,0.00000770,30996.00000000,1
1531169603177,1531169603171,2337250,0.00000770,4046.00000000,1
1531169603189,1531169603184,2337251,0.00000770,4934.00000000,0
1531169603201,1531169603195,2337252,0.00000770,4046.00000000,1
1531169614865,1531169614859,2337253,0.00000770,14746.00000000,1
1531169614880,1531169614875,2337254,0.00000770,29932.00000000,1
1531169641986,1531169641981,2337255,0.00000770,2990.00000000,1
1531169655872,1531169655868,2337256,0.00000770,6051.00000000,1
1531169655898,1531169655892,2337257,0.00000770,14590.00000000,1
1531169698545,1531169698540,2337258,0.00000770,18787.00000000,1
1531169698556,1531169698551,2337259,0.00000770,22920.00000000,0
1531169698568,1531169698562,2337260,0.00000770,18787.00000000,1
1531169726716,1531169726711,2337261,0.00000770,26498.00000000,1
1531169726728,1531169726723,2337262,0.00000770,18018.00000000,0
1531169726749,1531169726743,2337263,0.00000770,26498.00000000,1
1531169742408,1531169742402,2337264,0.00000770,9979.00000000,1
1531169742426,1531169742422,2337265,0.00000770,14229.00000000,1
1531169780352,1531169780347,2337266,0.00000770,6048.00000000,1
1531169780367,1531169780362,2337267,0.00000770,2799.00000000,0
1531169780376,1531169780371,2337268,0.00000770,1341.00000000,1
1531169780398,1531169780395,2337269,0.00000770,4707.00000000,1
1531169802235,1531169802230,2337270,0.00000770,26536.00000000,1
1531169802252,1531169802247,2337271,0.00000770,9022.00000000,0
1531169802260,1531169802254,2337272,0.00000770,8393.00000000,1
1531169802272,1531169802267,2337273,0.00000770,18143.00000000,1
1531169812265,1531169812259,2337274,0.00000770,13763.00000000,1
1531169812281,1531169812276,2337275,0.00000770,9830.00000000,1
1531169814547,1531169814543,2337276,0.00000771,181.00000000,0
1531169858173,1531169858167,2337277,0.00000771,665.00000000,0
1531169897599,1531169897593,2337278,0.00000771,389.00000000,0
1531169948249,1531169948244,2337279,0.00000771,400.00000000,0
1531169948337,1531169948333,2337280,0.00000771,298.00000000,0
1531169961116,1531169961109,2337281,0.00000771,3571.00000000,1
1531169961134,1531169961129,2337282,0.00000771,4704.00000000,1
1531169966068,1531169966063,2337283,0.00000774,327.00000000,0
1531170002145,1531170002141,2337284,0.00000773,16499.00000000,0
1531170002164,1531170002159,2337285,0.00000772,9167.00000000,1
1531170027409,1531170027404,2337286,0.00000773,42046.00000000,0
1531170027425,1531170027421,2337287,0.00000772,18714.00000000,1
1531170027436,1531170027432,2337288,0.00000772,23890.00000000,1
1531170030297,1531170030291,2337289,0.00000774,1661.00000000,0
1531170059211,1531170059207,2337290,0.00000773,22519.00000000,1
1531170059223,1531170059218,2337291,0.00000773,3151.00000000,0
1531170059240,1531170059235,2337292,0.00000773,22519.00000000,1
1531170085665,1531170085660,2337293,0.00000773,20645.00000000,1
1531170102783,1531170102778,2337294,0.00000773,15899.00000000,1
1531170132891,1531170132886,2337295,0.00000773,15611.00000000,1
1531170132909,1531170132904,2337296,0.00000773,10027.00000000,1
1531170242932,1531170242926,2337297,0.00000773,22421.00000000,1
1531170261317,1531170261313,2337298,0.00000773,24087.00000000,1
1531170281881,1531170281876,2337299,0.00000774,5426.00000000,0
1531170281893,1531170281887,2337300,0.00000773,1024.00000000,1
1531170281914,1531170281909,2337301,0.00000773,3155.00000000,1
1531170319955,1531170319950,2337302,0.00000774,3075.00000000,1
1531170319972,1531170319966,2337303,0.00000774,2124.00000000,0
1531170319984,1531170319979,2337304,0.00000774,1330.00000000,1
1531170320002,1531170319996,2337305,0.00000774,1745.00000000,1
1531170331528,1531170331521,2337306,0.00000775,3871.00000000,0
1531170360625,1531170360620,2337307,0.00000774,2556.00000000,1
1531170360632,1531170360626,2337308,0.00000774,3153.00000000,0
1531170360639,1531170360634,2337309,0.00000774,290.00000000,1
1531170360660,1531170360655,2337310,0.00000774,2266.00000000,1
1531170381017,1531170381011,2337311,0.00000773,1362.00000000,1
1531170407714,1531170407709,2337312,0.00000773,278.00000000,0
1531170422781,1531170422776,2337313,0.00000773,1124.00000000,1
1531170422801,1531170422795,2337314,0.00000773,2067.00000000,1
1531170429273,1531170429268,2337315,0.00000774,377.00000000,0
1531170429273,1531170429268,2337316,0.00000775,914.00000000,0
1531170550273,1531170550267,2337317,0.00000775,638.00000000,0
1531170600893,1531170600887,2337318,0.00000775,1420.00000000,0
1531170633467,1531170633461,2337319,0.00000775,645.00000000,0
1531170655131,1531170655126,2337320,0.00000775,3708.00000000,0
1531170709193,1531170709187,2337321,0.00000775,1513.00000000,0
1531170713002,1531170712995,2337322,0.00000775,768.00000000,0
1531170715042,1531170715036,2337323,0.00000775,1918.00000000,1
1531170722084,1531170722078,2337324,0.00000775,1918.00000000,1
1531170722103,1531170722096,2337325,0.00000775,2591.00000000,0
1531170722118,1531170722113,2337326,0.00000775,1918.00000000,1
1531170722993,1531170722987,2337327,0.00000775,341.00000000,0
1531170736945,1531170736939,2337328,0.00000775,3104.00000000,1
1531170779726,1531170779721,2337329,0.00000775,342.00000000,1
1531170808039,1531170808036,2337330,0.00000775,252.00000000,1
1531170844975,1531170844970,2337331,0.00000775,525.00000000,1
1531170875970,1531170875965,2337332,0.00000775,725.00000000,1
1531170875988,1531170875983,2337333,0.00000775,505.00000000,1
1531170889709,1531170889703,2337334,0.00000776,1000.00000000,0
1531170893115,1531170893109,2337335,0.00000776,956.00000000,0
1531170898401,1531170898396,2337336,0.00000776,129.00000000,1
1531170930509,1531170930503,2337337,0.00000776,348.00000000,1
1531170930570,1531170930565,2337338,0.00000776,832.00000000,1
1531170942800,1531170942795,2337339,0.00000776,746.00000000,1
1531170942827,1531170942822,2337340,0.00000776,129.00000000,1
1531170949565,1531170949559,2337341,0.00000777,161.00000000,0
1531170949579,1531170949573,2337342,0.00000776,129.00000000,1
1531170960310,1531170960305,2337343,0.00000776,1159.00000000,0
1531170960325,1531170960320,2337344,0.00000777,745.00000000,0
1531170960340,1531170960336,2337345,0.00000777,638.00000000,0
1531170997180,1531170997175,2337346,0.00000776,1080.00000000,0
1531171168661,1531171168659,2337347,0.00000777,1433.00000000,1
1531171168701,1531171168696,2337348,0.00000776,1433.00000000,1
1531171177240,1531171177234,2337349,0.00000776,278.00000000,1
1531171194133,1531171194128,2337350,0.00000777,894.00000000,1
1531171194165,1531171194161,2337351,0.00000777,575.00000000,1
1531171194165,1531171194161,2337352,0.00000776,318.00000000,1
1531171194214,1531171194210,2337353,0.00000776,575.00000000,1
1531171208708,1531171208703,2337354,0.00000776,1926.00000000,1
1531171208719,1531171208714,2337355,0.00000776,491.00000000,0
1531171208738,1531171208734,2337356,0.00000777,685.00000000,0
1531171208764,1531171208759,2337357,0.00000777,1008.00000000,0
1531171222476,1531171222471,2337358,0.00000776,968.00000000,1
1531171222503,1531171222498,2337359,0.00000776,637.00000000,1
1531171222523,1531171222518,2337360,0.00000776,584.00000000,1
1531171232817,1531171232808,2337361,0.00000777,912.00000000,0
1531171232817,1531171232808,2337362,0.00000778,1501.00000000,0
1531171232817,1531171232808,2337363,0.00000779,645.00000000,0
1531171232817,1531171232808,2337364,0.00000780,4149.00000000,0
1531171232817,1531171232808,2337365,0.00000781,1185.00000000,0
1531171232817,1531171232808,2337366,0.00000783,1066.00000000,0
1531171232817,1531171232808,2337367,0.00000785,7435.00000000,0
1531171232817,1531171232808,2337368,0.00000786,404.00000000,0
1531171232817,1531171232808,2337369,0.00000787,662.00000000,0
1531171248912,1531171248906,2337370,0.00000780,431.00000000,1
1531171251885,1531171251879,2337371,0.00000780,1755.00000000,1
1531171253068,1531171253064,2337372,0.00000780,527.00000000,1
1531171254075,1531171254072,2337373,0.00000780,158.00000000,1
1531171261721,1531171261715,2337374,0.00000780,68.00000000,1
1531171261721,1531171261715,2337375,0.00000778,1013.00000000,1
1531171261743,1531171261737,2337376,0.00000778,12.00000000,1
1531171261743,1531171261737,2337377,0.00000777,605.00000000,1
1531171261772,1531171261767,2337378,0.00000777,2833.00000000,1
1531171262183,1531171262179,2337379,0.00000777,272.00000000,0
1531171267886,1531171267879,2337380,0.00000778,129.00000000,0
1531171279028,1531171279023,2337381,0.00000777,354.00000000,0
1531171293333,1531171293330,2337382,0.00000776,413.00000000,1
1531171293352,1531171293347,2337383,0.00000776,440.00000000,1
1531171325419,1531171325414,2337384,0.00000776,1881.00000000,0
1531171325430,1531171325425,2337385,0.00000777,270.00000000,0
1531171325441,1531171325436,2337386,0.00000777,135.00000000,0
1531171325466,1531171325462,2337387,0.00000777,398.00000000,0
1531171342873,1531171342868,2337388,0.00000777,270.00000000,1
1531171343119,1531171343113,2337389,0.00000777,398.00000000,0
1531171373954,1531171373949,2337390,0.00000778,896.00000000,0
1531171384030,1531171384024,2337391,0.00000779,193.00000000,1
1531171386208,1531171386203,2337392,0.00000779,918.00000000,0
1531171386222,1531171386217,2337393,0.00000780,621.00000000,0
1531171421954,1531171421949,2337394,0.00000779,4437.00000000,1
1531171421972,1531171421966,2337395,0.00000779,1957.00000000,1
1531171442825,1531171442822,2337396,0.00000779,3815.00000000,1
1531171460524,1531171460520,2337397,0.00000780,7698.00000000,0
1531171460543,1531171460537,2337398,0.00000779,2825.00000000,1
1531171460561,1531171460556,2337399,0.00000779,3407.00000000,1
1531171464826,1531171464821,2337400,0.00000781,3122.00000000,0
1531171464851,1531171464846,2337401,0.00000781,3871.00000000,1
1531171465747,1531171465744,2337402,0.00000781,469.00000000,1
1531171466044,1531171466039,2337403,0.00000781,202.00000000,1
1531171467723,1531171467718,2337404,0.00000781,1104.00000000,1
1531171467723,1531171467718,2337405,0.00000780,384.00000000,1
1531171468729,1531171468727,2337406,0.00000780,447.00000000,1
1531171470110,1531171470106,2337407,0.00000780,134.00000000,1
1531171475742,1531171475739,2337408,0.00000780,219.00000000,1
1531171495008,1531171495004,2337409,0.00000781,1919.00000000,1
1531171495018,1531171495014,2337410,0.00000781,496.00000000,1
1531171496004,1531171496000,2337411,0.00000781,1919.00000000,1
1531171497013,1531171497008,2337412,0.00000781,228.00000000,1
1531171502672,1531171502668,2337413,0.00000781,797.00000000,1
1531171528541,1531171528538,2337414,0.00000779,1995.00000000,0
1531171528551,1531171528547,2337415,0.00000779,3436.00000000,0
1531171530020,1531171530017,2337416,0.00000779,130.00000000,0
1531171530196,1531171530192,2337417,0.00000779,130.00000000,0
1531171550515,1531171550511,2337418,0.00000779,130.00000000,0
1531171550801,1531171550796,2337419,0.00000779,130.00000000,0
1531171550877,1531171550873,2337420,0.00000779,195.00000000,0
1531171550914,1531171550910,2337421,0.00000779,130.00000000,0
1531171564386,1531171564382,2337422,0.00000779,193.00000000,0
1531171674057,1531171674052,2337423,0.00000778,593.00000000,0
1531171706689,1531171706685,2337424,0.00000779,8076.00000000,0
1531171706699,1531171706695,2337425,0.00000778,2302.00000000,1
1531171706714,1531171706709,2337426,0.00000778,2865.00000000,1
1531171743787,1531171743783,2337427,0.00000779,3741.00000000,0
1531171743798,1531171743794,2337428,0.00000778,3037.00000000,1
1531171743816,1531171743812,2337429,0.00000778,3226.00000000,1
1531171783253,1531171783249,2337430,0.00000778,5103.00000000,1
1531171783282,1531171783277,2337431,0.00000778,1449.00000000,1
1531171794083,1531171794078,2337432,0.00000779,1140.00000000,1
1531171816156,1531171816151,2337433,0.00000779,3462.00000000,0
1531171818011,1531171818006,2337434,0.00000779,1289.00000000,0
1531171844601,1531171844597,2337435,0.00000779,4767.00000000,1
1531171844619,1531171844614,2337436,0.00000779,378.00000000,1
1531171872971,1531171872967,2337437,0.00000779,1531.00000000,1
1531171919566,1531171919562,2337438,0.00000779,129.00000000,1
1531171919583,1531171919578,2337439,0.00000779,278.00000000,1
1531171939468,1531171939435,2337440,0.00000778,6020.00000000,1
1531171958766,1531171958762,2337441,0.00000778,5857.00000000,1
1531171975465,1531171975461,2337442,0.00000781,130.00000000,0
1531172006880,1531172006875,2337443,0.00000778,2653.00000000,1
1531172033999,1531172033995,2337444,0.00000778,1953.00000000,1
1531172059937,1531172059934,2337445,0.00000777,895.00000000,1
1531172083998,1531172083994,2337446,0.00000778,2545.00000000,1
1531172088638,1531172088634,2337447,0.00000779,3556.00000000,0
1531172090881,1531172090877,2337448,0.00000779,2492.00000000,0
1531172094386,1531172094381,2337449,0.00000779,808.00000000,0
1531172095658,1531172095655,2337450,0.00000779,2638.00000000,0
1531172106380,1531172106341,2337451,0.00000777,132.00000000,1
1531172106380,1531172106341,2337452,0.00000776,1398.00000000,1
1531172106380,1531172106341,2337453,0.00000775,6164.00000000,1
1531172106380,1531172106341,2337454,0.00000774,13674.00000000,1
1531172106380,1531172106341,2337455,0.00000773,12144.00000000,1
1531172106380,1531172106341,2337456,0.00000772,8904.00000000,1
1531172106380,1531172106341,2337457,0.00000771,16362.00000000,1
1531172106380,1531172106341,2337458,0.00000770,9513.00000000,1
1531172106380,1531172106341,2337459,0.00000769,21521.00000000,1
1531172106380,1531172106341,2337460,0.00000768,16458.00000000,1
1531172106380,1531172106341,2337461,0.00000767,15866.00000000,1
1531172106380,1531172106341,2337462,0.00000766,22103.00000000,1
1531172106380,1531172106341,2337463,0.00000765,96758.00000000,1
1531172106380,1531172106341,2337464,0.00000765,664.00000000,1
1531172106438,1531172106436,2337465,0.00000772,567.00000000,0
1531172106849,1531172106844,2337466,0.00000777,194.00000000,1
1531172106861,1531172106858,2337467,0.00000777,63.00000000,1
1531172106877,1531172106873,2337468,0.00000771,170.00000000,0
1531172106887,1531172106883,2337469,0.00000768,924.00000000,1
1531172107159,1531172107154,2337470,0.00000771,2725.00000000,0
1531172107300,1531172107296,2337471,0.00000771,775.00000000,0
1531172107410,1531172107396,2337472,0.00000769,626.00000000,0
1531172107463,1531172107459,2337473,0.00000772,1542.00000000,0
1531172107463,1531172107459,2337474,0.00000773,279.00000000,0
1531172107465,1531172107459,2337475,0.00000773,2179.00000000,0
1531172107465,1531172107459,2337476,0.00000774,322.00000000,0
1531172107540,1531172107537,2337477,0.00000771,607.00000000,0
1531172107546,1531172107542,2337478,0.00000773,777.00000000,1
1531172107575,1531172107571,2337479,0.00000773,2189.00000000,1
1531172107576,1531172107573,2337480,0.00000771,607.00000000,0
1531172107609,1531172107605,2337481,0.00000770,508.00000000,0
1531172107609,1531172107605,2337482,0.00000771,1948.00000000,0
1531172107887,1531172107882,2337483,0.00000771,1065.00000000,0
1531172108125,1531172108120,2337484,0.00000770,7086.00000000,0
1531172108392,1531172108388,2337485,0.00000768,1223.00000000,1
1531172108424,1531172108419,2337486,0.00000770,10.00000000,0
1531172108424,1531172108419,2337487,0.00000773,232.00000000,0
1531172108506,1531172108501,2337488,0.00000769,999.00000000,0
1531172108545,1531172108541,2337489,0.00000769,704.00000000,0
1531172108876,1531172108870,2337490,0.00000769,347.00000000,0
1531172109080,1531172109076,2337491,0.00000769,1140.00000000,0
1531172109416,1531172109411,2337492,0.00000769,4571.00000000,0
1531172109416,1531172109411,2337493,0.00000772,1037.00000000,0
1531172109445,1531172109440,2337494,0.00000772,2000.00000000,0
1531172109512,1531172109508,2337495,0.00000772,156.00000000,0
1531172110414,1531172110410,2337496,0.00000773,173.00000000,0
1531172110512,1531172110509,2337497,0.00000771,868.00000000,1
1531172111088,1531172111084,2337498,0.00000771,167.00000000,1
1531172112435,1531172112432,2337499,0.00000772,356.00000000,0
1531172112446,1531172112442,2337500,0.00000772,153.00000000,0
1531172112446,1531172112442,2337501,0.00000773,75.00000000,0
1531172112742,1531172112738,2337502,0.00000773,26.00000000,1
1531172113436,1531172113432,2337503,0.00000771,445.00000000,0
1531172113572,1531172113568,2337504,0.00000771,192.00000000,0
1531172114194,1531172114190,2337505,0.00000771,445.00000000,1
1531172114286,1531172114283,2337506,0.00000772,318.00000000,1
1531172114286,1531172114283,2337507,0.00000770,250.00000000,1
1531172114286,1531172114283,2337508,0.00000769,210.00000000,1
1531172116426,1531172116423,2337509,0.00000772,535.00000000,0
1531172129783,1531172129779,2337510,0.00000771,152.00000000,0
1531172144074,1531172144069,2337511,0.00000770,4568.00000000,1
1531172149442,1531172149438,2337512,0.00000770,2971.00000000,1
1531172157302,1531172157297,2337513,0.00000769,3613.00000000,1
1531172159095,1531172159092,2337514,0.00000769,4399.00000000,1
1531172162001,1531172161997,2337515,0.00000769,882.00000000,0
1531172168121,1531172168118,2337516,0.00000768,1570.00000000,0
1531172171128,1531172171125,2337517,0.00000769,24.00000000,0
1531172171128,1531172171125,2337518,0.00000770,156.00000000,0
1531172171233,1531172171231,2337519,0.00000770,140.00000000,0
1531172188706,1531172188703,2337520,0.00000768,980.00000000,0
1531172189116,1531172189113,2337521,0.00000768,763.00000000,0
1531172190028,1531172190022,2337522,0.00000767,131.00000000,1
1531172190539,1531172190535,2337523,0.00000767,373.00000000,0
1531172197584,1531172197583,2337524,0.00000769,208.00000000,0
1531172197677,1531172197672,2337525,0.00000769,1366.00000000,0
1531172202132,1531172202128,2337526,0.00000769,1566.00000000,0
1531172204476,1531172204473,2337527,0.00000768,3739.00000000,1
1531172204502,1531172204496,2337528,0.00000768,3615.00000000,1
1531172221921,1531172221917,2337529,0.00000769,454.00000000,0
1531172222928,1531172222923,2337530,0.00000769,1117.00000000,0
1531172228163,1531172228158,2337531,0.00000769,1640.00000000,0
1531172229127,1531172229123,2337532,0.00000769,139.00000000,0
1531172230129,1531172230124,2337533,0.00000768,529.00000000,0
1531172233121,1531172233117,2337534,0.00000769,1565.00000000,0
1531172239635,1531172239631,2337535,0.00000768,4553.00000000,1
1531172255118,1531172255113,2337536,0.00000767,383.00000000,0
1531172266061,1531172266058,2337537,0.00000769,152.00000000,0
1531172266372,1531172266371,2337538,0.00000769,140.00000000,0
1531172281002,1531172280999,2337539,0.00000767,5506.00000000,1
1531172314620,1531172314615,2337540,0.00000768,4454.00000000,1
1531172344690,1531172344685,2337541,0.00000769,131.00000000,0
1531172346716,1531172346713,2337542,0.00000768,2056.00000000,1
1531172346741,1531172346736,2337543,0.00000768,782.00000000,1
1531172356586,1531172356583,2337544,0.00000767,542.00000000,1
1531172356604,1531172356600,2337545,0.00000767,131.00000000,1
1531172382329,1531172382325,2337546,0.00000768,1485.00000000,1
1531172382341,1531172382337,2337547,0.00000768,622.00000000,0
1531172382349,1531172382344,2337548,0.00000768,199.00000000,1
1531172382364,1531172382361,2337549,0.00000768,1286.00000000,1
1531172397573,1531172397569,2337550,0.00000767,336.00000000,1
1531172413958,1531172413955,2337551,0.00000767,532.00000000,1
1531172462094,1531172462091,2337552,0.00000768,194.00000000,0
1531172462233,1531172462230,2337553,0.00000768,140.00000000,0
1531172467361,1531172467357,2337554,0.00000768,363.00000000,0
1531172557456,1531172557452,2337555,0.00000769,140.00000000,0
1531172677940,1531172677937,2337556,0.00000768,987.00000000,1
1531172698941,1531172698936,2337557,0.00000768,286.00000000,1
1531172698968,1531172698964,2337558,0.00000768,2114.00000000,1
1531172698991,1531172698986,2337559,0.00000768,287.00000000,1
1531172721760,1531172721756,2337560,0.00000768,5152.00000000,0
1531172721769,1531172721766,2337561,0.00000767,1865.00000000,1
1531172721789,1531172721786,2337562,0.00000767,1909.00000000,1
1531172723266,1531172723263,2337563,0.00000768,517.00000000,1
1531172755086,1531172755081,2337564,0.00000767,645.00000000,1
1531172760284,1531172760280,2337565,0.00000767,1117.00000000,1
1531172760609,1531172760604,2337566,0.00000767,645.00000000,0
1531172781912,1531172781908,2337567,0.00000766,792.00000000,1
1531172797365,1531172797362,2337568,0.00000767,1564.00000000,1
1531172798854,1531172798851,2337569,0.00000767,607.00000000,0
1531172846266,1531172846262,2337570,0.00000767,1875.00000000,1
1531172846289,1531172846285,2337571,0.00000767,923.00000000,1
1531172877312,1531172877308,2337572,0.00000767,3438.00000000,1
1531172934322,1531172934319,2337573,0.00000767,5329.00000000,1
1531172968311,1531172968311,2337574,0.00000767,424.00000000,1
1531172975596,1531172975593,2337575,0.00000767,7039.00000000,1
1531172979310,1531172979306,2337576,0.00000767,2180.00000000,0
1531172979603,1531172979600,2337577,0.00000767,2219.00000000,0
1531172980846,1531172980841,2337578,0.00000767,719.00000000,0
1531172982820,1531172982815,2337579,0.00000767,908.00000000,1
1531172982820,1531172982815,2337580,0.00000766,662.00000000,1
1531172990510,1531172990505,2337581,0.00000766,45.00000000,1
1531172992128,1531172992124,2337582,0.00000765,179.00000000,1
1531172992320,1531172992317,2337583,0.00000765,338.00000000,0
1531172993276,1531172993273,2337584,0.00000764,21.00000000,1
1531172997044,1531172997042,2337585,0.00000764,17.00000000,1
1531172999017,1531172999014,2337586,0.00000764,1575.00000000,1
1531173005394,1531173005391,2337587,0.00000765,7400.00000000,1
1531173005419,1531173005416,2337588,0.00000765,5192.00000000,1
1531173005434,1531173005431,2337589,0.00000765,6608.00000000,1
1531173017318,1531173017315,2337590,0.00000765,132.00000000,1
1531173028467,1531173028462,2337591,0.00000765,195.00000000,1
1531173059599,1531173059594,2337592,0.00000765,4890.00000000,1
1531173059627,1531173059622,2337593,0.00000765,7916.00000000,1
1531173073955,1531173073952,2337594,0.00000764,210.00000000,1
1531173073972,1531173073968,2337595,0.00000764,5096.00000000,0
1531173073990,1531173073985,2337596,0.00000765,9982.00000000,0
1531173074012,1531173074009,2337597,0.00000765,1937.00000000,0
1531173075811,1531173075808,2337598,0.00000763,1549.00000000,1
1531173077528,1531173077525,2337599,0.00000763,597.00000000,1
1531173078052,1531173078047,2337600,0.00000763,155.00000000,1
1531173080336,1531173080333,2337601,0.00000763,246.00000000,1
1531173080402,1531173080399,2337602,0.00000763,310.00000000,1
1531173086571,1531173086568,2337603,0.00000763,772.00000000,1
1531173093893,1531173093888,2337604,0.00000764,1573.00000000,0
1531173093893,1531173093888,2337605,0.00000766,1739.00000000,0
1531173093893,1531173093888,2337606,0.00000768,1140.00000000,0
1531173093893,1531173093888,2337607,0.00000769,1053.00000000,0
1531173099328,1531173099325,2337608,0.00000766,202.00000000,0
1531173108774,1531173108770,2337609,0.00000766,1.00000000,0
1531173139109,1531173139106,2337610,0.00000766,149.00000000,0
1531173142680,1531173142675,2337611,0.00000765,6509.00000000,1
1531173142697,1531173142696,2337612,0.00000765,7082.00000000,1
1531173146583,1531173146580,2337613,0.00000766,1221.00000000,0
1531173154493,1531173154492,2337614,0.00000766,261.00000000,1
1531173188322,1531173188319,2337615,0.00000765,4476.00000000,0
1531173188340,1531173188337,2337616,0.00000765,1784.00000000,0
1531173202222,1531173202219,2337617,0.00000765,2790.00000000,1
1531173240039,1531173240036,2337618,0.00000765,9293.00000000,0
1531173240051,1531173240047,2337619,0.00000765,8335.00000000,0
1531173269656,1531173269651,2337620,0.00000765,5763.00000000,0
1531173304566,1531173304563,2337621,0.00000765,1990.00000000,1
1531173304587,1531173304583,2337622,0.00000765,5788.00000000,1
1531173331343,1531173331342,2337623,0.00000766,4325.00000000,0
1531173333492,1531173333489,2337624,0.00000766,2971.00000000,0
1531173345807,1531173345805,2337625,0.00000766,9019.00000000,1
1531173382673,1531173382671,2337626,0.00000767,1715.00000000,0
1531173382688,1531173382685,2337627,0.00000766,1439.00000000,1
1531173382703,1531173382700,2337628,0.00000766,943.00000000,1
1531173419015,1531173419013,2337629,0.00000766,6751.00000000,1
1531173419028,1531173419025,2337630,0.00000766,1319.00000000,1
1531173430193,1531173430190,2337631,0.00000768,1570.00000000,0
1531173430203,1531173430200,2337632,0.00000768,4.00000000,0
1531173434437,1531173434436,2337633,0.00000768,1573.00000000,0
1531173435273,1531173435273,2337634,0.00000769,1034.00000000,0
1531173442069,1531173442067,2337635,0.00000768,1565.00000000,0
1531173449384,1531173449383,2337636,0.00000768,1565.00000000,1
1531173449442,1531173449438,2337637,0.00000768,4.00000000,0
1531173458054,1531173458050,2337638,0.00000768,1573.00000000,0
1531173458087,1531173458084,2337639,0.00000768,2.00000000,0
1531173459810,1531173459807,2337640,0.00000767,928.00000000,1
1531173465973,1531173465971,2337641,0.00000768,1568.00000000,0
1531173473626,1531173473622,2337642,0.00000768,1084.00000000,1
1531173502984,1531173502981,2337643,0.00000768,5703.00000000,1
1531173502999,1531173502995,2337644,0.00000768,6158.00000000,0
1531173503013,1531173503009,2337645,0.00000768,5703.00000000,1
1531173525171,1531173525169,2337646,0.00000769,3131.00000000,0
1531173535187,1531173535185,2337647,0.00000768,4861.00000000,1
1531173535212,1531173535210,2337648,0.00000768,3255.00000000,1
1531173582815,1531173582812,2337649,0.00000769,11611.00000000,0
1531173582821,1531173582819,2337650,0.00000768,9112.00000000,1
1531173582839,1531173582835,2337651,0.00000768,7953.00000000,1
1531173597186,1531173597184,2337652,0.00000768,5936.00000000,1
1531173597207,1531173597204,2337653,0.00000768,8280.00000000,1
1531173636184,1531173636182,2337654,0.00000769,848.00000000,0
1531173640310,1531173640307,2337655,0.00000768,1766.00000000,0
1531173640314,1531173640312,2337656,0.00000768,714.00000000,0
1531173640330,1531173640327,2337657,0.00000769,2.00000000,0
1531173641936,1531173641933,2337658,0.00000769,508.00000000,1
1531173642121,1531173642119,2337659,0.00000769,240.00000000,1
1531173649761,1531173649759,2337660,0.00000769,100.00000000,1
1531173649772,1531173649769,2337661,0.00000768,2480.00000000,1
1531173666053,1531173666051,2337662,0.00000768,7575.00000000,1
1531173666072,1531173666069,2337663,0.00000768,1803.00000000,1
1531173666096,1531173666093,2337664,0.00000769,750.00000000,0
1531173703430,1531173703428,2337665,0.00000769,100.00000000,1
1531173727687,1531173727684,2337666,0.00000768,6576.00000000,1
1531173727697,1531173727694,2337667,0.00000768,5259.00000000,0
1531173727713,1531173727711,2337668,0.00000768,6576.00000000,1
1531173727733,1531173727730,2337669,0.00000769,750.00000000,0
1531173740469,1531173740466,2337670,0.00000769,100.00000000,1
1531173740469,1531173740466,2337671,0.00000768,800.00000000,1
1531173769080,1531173769078,2337672,0.00000769,19794.00000000,0
1531173769088,1531173769084,2337673,0.00000768,6970.00000000,1
1531173804325,1531173804321,2337674,0.00000768,1008.00000000,1
1531173844207,1531173844204,2337675,0.00000769,8980.00000000,0
1531173844221,1531173844217,2337676,0.00000769,1335.00000000,1
1531173880401,1531173880397,2337677,0.00000770,1400.00000000,0
1531173882640,1531173882637,2337678,0.00000769,5258.00000000,0
1531173882657,1531173882655,2337679,0.00000768,1765.00000000,1
1531173900218,1531173900217,2337680,0.00000769,9211.00000000,0
1531173900237,1531173900236,2337681,0.00000768,3199.00000000,1
1531173943158,1531173943154,2337682,0.00000769,19662.00000000,0
1531173943172,1531173943168,2337683,0.00000768,7621.00000000,1
1531173956228,1531173956226,2337684,0.00000768,1638.00000000,1
1531173956252,1531173956249,2337685,0.00000768,6052.00000000,1
1531173983035,1531173983032,2337686,0.00000768,2842.00000000,1
1531173983055,1531173983053,2337687,0.00000768,6187.00000000,1
1531174010187,1531174010185,2337688,0.00000769,12977.00000000,0
1531174010201,1531174010199,2337689,0.00000768,5070.00000000,1
1531174044825,1531174044823,2337690,0.00000769,14986.00000000,0
1531174044837,1531174044835,2337691,0.00000768,6460.00000000,1
1531174045195,1531174045191,2337692,0.00000770,4008.00000000,0
1531174045558,1531174045554,2337693,0.00000770,2900.00000000,1
1531174081387,1531174081385,2337694,0.00000769,9583.00000000,0
1531174081406,1531174081402,2337695,0.00000768,8407.00000000,1
1531174113850,1531174113847,2337696,0.00000768,1571.00000000,1
1531174113868,1531174113865,2337697,0.00000768,3075.00000000,1
1531174124533,1531174124531,2337698,0.00000769,3428.00000000,0
1531174124548,1531174124544,2337699,0.00000768,2521.00000000,1
1531174130547,1531174130542,2337700,0.00000768,6923.00000000,1
1531174145962,1531174145959,2337701,0.00000769,3104.00000000,0
1531174145975,1531174145971,2337702,0.00000768,1362.00000000,1
1531174174797,1531174174793,2337703,0.00000768,131.00000000,1
1531174197676,1531174197674,2337704,0.00000770,919.00000000,0
1531174197676,1531174197674,2337705,0.00000771,531.00000000,0
1531174201085,1531174201081,2337706,0.00000768,2092.00000000,1
1531174201103,1531174201101,2337707,0.00000768,1184.00000000,1
1531174217909,1531174217908,2337708,0.00000768,8552.00000000,1
1531174217936,1531174217933,2337709,0.00000768,3244.00000000,1
1531174259295,1531174259292,2337710,0.00000770,851.00000000,0
1531174268411,1531174268407,2337711,0.00000770,8256.00000000,1
1531174291076,1531174291074,2337712,0.00000769,585.00000000,1
1531174294271,1531174294268,2337713,0.00000769,452.00000000,1
1531174294271,1531174294268,2337714,0.00000768,3845.00000000,1
1531174294733,1531174294715,2337715,0.00000770,863.00000000,0
1531174294733,1531174294715,2337716,0.00000771,8431.00000000,0
1531174294733,1531174294715,2337717,0.00000772,8683.00000000,0
1531174294733,1531174294715,2337718,0.00000773,7313.00000000,0
1531174294733,1531174294715,2337719,0.00000774,7886.00000000,0
1531174294733,1531174294715,2337720,0.00000775,5094.00000000,0
1531174294733,1531174294715,2337721,0.00000776,3377.00000000,0
1531174294733,1531174294715,2337722,0.00000777,3642.00000000,0
1531174294733,1531174294715,2337723,0.00000778,6726.00000000,0
1531174295300,1531174295297,2337724,0.00000765,2910.00000000,1
1531174295396,1531174295394,2337725,0.00000778,154.00000000,0
1531174295947,1531174295944,2337726,0.00000771,761.00000000,0
1531174296690,1531174296687,2337727,0.00000771,1543.00000000,0
1531174298435,1531174298433,2337728,0.00000771,606.00000000,0
1531174301289,1531174301287,2337729,0.00000771,665.00000000,1
1531174301289,1531174301287,2337730,0.00000770,1036.00000000,1
1531174302328,1531174302326,2337731,0.00000767,206.00000000,1
1531174303359,1531174303356,2337732,0.00000769,5300.00000000,1
1531174304429,1531174304426,2337733,0.00000771,206.00000000,0
1531174305610,1531174305607,2337734,0.00000772,2173.00000000,0
1531174310519,1531174310516,2337735,0.00000772,332.00000000,0
1531174312438,1531174312435,2337736,0.00000772,333.00000000,0
1531174314430,1531174314427,2337737,0.00000772,206.00000000,0
1531174334511,1531174334505,2337738,0.00000771,195.00000000,1
1531174334511,1531174334505,2337739,0.00000770,1036.00000000,1
1531174334511,1531174334505,2337740,0.00000769,757.00000000,1
1531174334511,1531174334505,2337741,0.00000768,1655.00000000,1
1531174334511,1531174334505,2337742,0.00000767,1363.00000000,1
1531174334511,1531174334505,2337743,0.00000766,690.00000000,1
1531174334511,1531174334505,2337744,0.00000765,208.00000000,1
1531174334511,1531174334505,2337745,0.00000764,10423.00000000,1
1531174334511,1531174334505,2337746,0.00000763,4446.00000000,1
1531174334511,1531174334505,2337747,0.00000762,31242.00000000,1
1531174334511,1531174334505,2337748,0.00000762,11278.00000000,1
1531174334580,1531174334579,2337749,0.00000762,1242.00000000,1
1531174335902,1531174335900,2337750,0.00000767,523.00000000,0
1531174335902,1531174335900,2337751,0.00000768,108.00000000,0
1531174335919,1531174335916,2337752,0.00000768,2290.00000000,0
1531174336667,1531174336664,2337753,0.00000768,351.00000000,0
1531174337884,1531174337882,2337754,0.00000768,5497.00000000,0
1531174337889,1531174337887,2337755,0.00000768,2000.00000000,0
1531174338038,1531174338036,2337756,0.00000768,356.00000000,0
1531174338960,1531174338958,2337757,0.00000769,687.00000000,0
1531174338960,1531174338958,2337758,0.00000770,194.00000000,0
1531174339997,1531174339994,2337759,0.00000771,6330.00000000,0
1531174341038,1531174341037,2337760,0.00000768,770.00000000,1
1531174368958,1531174368955,2337761,0.00000769,824.00000000,1
1531174382613,1531174382610,2337762,0.00000770,1147.00000000,0
1531174382620,1531174382618,2337763,0.00000769,460.00000000,1
1531174415239,1531174415237,2337764,0.00000769,401.00000000,1
1531174415258,1531174415254,2337765,0.00000769,831.00000000,1
1531174442250,1531174442248,2337766,0.00000769,131.00000000,1
1531174442266,1531174442264,2337767,0.00000769,369.00000000,1
1531174470831,1531174470829,2337768,0.00000770,1014.00000000,0
1531174470848,1531174470844,2337769,0.00000769,143.00000000,1
1531174470858,1531174470857,2337770,0.00000769,832.00000000,1
1531174482953,1531174482951,2337771,0.00000769,763.00000000,1
1531174571028,1531174571026,2337772,0.00000771,130.00000000,0
1531174601437,1531174601435,2337773,0.00000769,149.00000000,1
1531174601466,1531174601464,2337774,0.00000769,464.00000000,1
1531174644915,1531174644912,2337775,0.00000769,277.00000000,1
1531174644932,1531174644930,2337776,0.00000769,302.00000000,1
1531174681650,1531174681647,2337777,0.00000769,231.00000000,1
1531174681670,1531174681668,2337778,0.00000769,293.00000000,1
1531174703930,1531174703927,2337779,0.00000769,598.00000000,1
1531174703944,1531174703942,2337780,0.00000769,229.00000000,1
1531174730225,1531174730223,2337781,0.00000770,2006.00000000,0
1531174730242,1531174730240,2337782,0.00000769,697.00000000,1
1531174738650,1531174738648,2337783,0.00000770,650.00000000,0
1531174738662,1531174738660,2337784,0.00000769,332.00000000,1
1531174771604,1531174771602,2337785,0.00000769,302.00000000,1
1531174771624,1531174771621,2337786,0.00000769,383.00000000,1
1531174824316,1531174824313,2337787,0.00000770,2469.00000000,0
1531174824331,1531174824327,2337788,0.00000769,852.00000000,1
1531174834843,1531174834841,2337789,0.00000769,587.00000000,1
1531174866555,1531174866552,2337790,0.00000770,1105.00000000,0
1531174866572,1531174866570,2337791,0.00000769,193.00000000,1
1531174866587,1531174866585,2337792,0.00000769,384.00000000,1
1531174882339,1531174882338,2337793,0.00000770,842.00000000,1
1531174882351,1531174882349,2337794,0.00000770,16.00000000,0
1531174882358,1531174882355,2337795,0.00000770,842.00000000,1
1531174921200,1531174921198,2337796,0.00000770,546.00000000,1
1531174921223,1531174921221,2337797,0.00000770,568.00000000,1
1531174940282,1531174940280,2337798,0.00000770,894.00000000,1
1531174963776,1531174963774,2337799,0.00000770,880.00000000,1
1531174963796,1531174963794,2337800,0.00000770,769.00000000,1
1531174969208,1531174969207,2337801,0.00000770,723.00000000,1
1531174969225,1531174969222,2337802,0.00000770,895.00000000,0
1531174969237,1531174969235,2337803,0.00000770,723.00000000,1
1531175018310,1531175018308,2337804,0.00000771,697.00000000,0
1531175018310,1531175018308,2337805,0.00000772,600.00000000,0
1531175024485,1531175024482,2337806,0.00000772,1525.00000000,0
1531175030387,1531175030386,2337807,0.00000771,14725.00000000,1
1531175036250,1531175036246,2337808,0.00000773,1227.00000000,0
1531175037810,1531175037809,2337809,0.00000773,309.00000000,1
1531175040843,1531175040841,2337810,0.00000773,495.00000000,1
1531175059477,1531175059475,2337811,0.00000775,1140.00000000,0
1531175066094,1531175066092,2337812,0.00000775,7038.00000000,0
1531175066114,1531175066111,2337813,0.00000774,9188.00000000,1
1531175066134,1531175066131,2337814,0.00000774,2707.00000000,1
1531175072514,1531175072512,2337815,0.00000776,1543.00000000,0
1531175075718,1531175075715,2337816,0.00000776,924.00000000,1
1531175077927,1531175077925,2337817,0.00000777,638.00000000,0
1531175077927,1531175077925,2337818,0.00000778,102.00000000,0
1531175091556,1531175091555,2337819,0.00000776,156.00000000,1
1531175104452,1531175104451,2337820,0.00000778,193.00000000,0
1531175106284,1531175106282,2337821,0.00000777,11597.00000000,1
1531175106299,1531175106297,2337822,0.00000777,9564.00000000,1
1531175112523,1531175112521,2337823,0.00000777,649.00000000,0
1531175112523,1531175112521,2337824,0.00000778,1199.00000000,0
1531175120284,1531175120281,2337825,0.00000776,140.00000000,1
1531175141981,1531175141978,2337826,0.00000777,197.00000000,1
1531175142832,1531175142830,2337827,0.00000778,988.00000000,0
1531175147972,1531175147970,2337828,0.00000777,12163.00000000,1
1531175147994,1531175147991,2337829,0.00000777,14598.00000000,1
1531175148017,1531175148016,2337830,0.00000777,5333.00000000,1
1531175156045,1531175156043,2337831,0.00000777,197.00000000,0
1531175156045,1531175156043,2337832,0.00000778,13188.00000000,0
1531175157151,1531175157150,2337833,0.00000776,7243.00000000,1
1531175184236,1531175184234,2337834,0.00000777,140.00000000,1
1531175186630,1531175186627,2337835,0.00000778,13735.00000000,0
1531175186638,1531175186636,2337836,0.00000777,13747.00000000,1
1531175186660,1531175186657,2337837,0.00000777,4697.00000000,1
1531175188574,1531175188571,2337838,0.00000776,771.00000000,1
1531175219976,1531175219975,2337839,0.00000776,9108.00000000,1
1531175220001,1531175220000,2337840,0.00000777,140.00000000,0
1531175220483,1531175220481,2337841,0.00000777,4697.00000000,1
1531175221674,1531175221671,2337842,0.00000779,1287.00000000,0
1531175232134,1531175232132,2337843,0.00000776,208.00000000,1
1531175245093,1531175245091,2337844,0.00000777,129.00000000,1
1531175245105,1531175245104,2337845,0.00000777,1797.00000000,1
1531175245123,1531175245121,2337846,0.00000776,9108.00000000,1
1531175260975,1531175260972,2337847,0.00000776,2002.00000000,1
1531175270905,1531175270902,2337848,0.00000777,2634.00000000,1
1531175280970,1531175280969,2337849,0.00000776,13998.00000000,1
1531175290033,1531175290031,2337850,0.00000776,615.00000000,1
1531175290494,1531175290492,2337851,0.00000776,239.00000000,1
1531175303517,1531175303515,2337852,0.00000777,799.00000000,0
1531175303530,1531175303528,2337853,0.00000776,1811.00000000,1
1531175303554,1531175303552,2337854,0.00000776,422.00000000,1
1531175332472,1531175332470,2337855,0.00000777,4908.00000000,0
1531175332479,1531175332478,2337856,0.00000776,940.00000000,1
1531175332500,1531175332497,2337857,0.00000776,2063.00000000,1
1531175358380,1531175358378,2337858,0.00000779,2574.00000000,0
1531175363059,1531175363057,2337859,0.00000778,2101.00000000,0
1531175363068,1531175363067,2337860,0.00000777,190.00000000,1
1531175363091,1531175363090,2337861,0.00000777,834.00000000,1
1531175375335,1531175375332,2337862,0.00000779,1648.00000000,0
1531175375335,1531175375332,2337863,0.00000780,589.00000000,0
1531175379143,1531175379140,2337864,0.00000780,4176.00000000,0
1531175384097,1531175384096,2337865,0.00000778,4893.00000000,0
1531175384109,1531175384106,2337866,0.00000777,220.00000000,1
1531175384127,1531175384126,2337867,0.00000777,1688.00000000,1
1531175406029,1531175406027,2337868,0.00000777,1201.00000000,1
1531175443055,1531175443054,2337869,0.00000777,200.00000000,0
1531175462876,1531175462875,2337870,0.00000776,6840.00000000,1
1531175462972,1531175462970,2337871,0.00000776,1013.00000000,1
1531175464568,1531175464567,2337872,0.00000775,1140.00000000,1
1531175469263,1531175469260,2337873,0.00000772,1061.00000000,1
1531175469263,1531175469260,2337874,0.00000771,1036.00000000,1
1531175474997,1531175474992,2337875,0.00000773,155.00000000,1
1531175475658,1531175475656,2337876,0.00000774,623.00000000,1
1531175475658,1531175475656,2337877,0.00000773,415.00000000,1
1531175514690,1531175514688,2337878,0.00000773,1206.00000000,1
1531175517844,1531175517841,2337879,0.00000774,50425.00000000,0
1531175554943,1531175554942,2337880,0.00000773,1946.00000000,1
1531175554962,1531175554959,2337881,0.00000773,1609.00000000,1
1531175563885,1531175563883,2337882,0.00000774,322.00000000,0
1531175605678,1531175605676,2337883,0.00000773,130.00000000,1
1531175654499,1531175654496,2337884,0.00000772,1636.00000000,1
1531175684842,1531175684841,2337885,0.00000773,745.00000000,1
1531175684860,1531175684857,2337886,0.00000773,711.00000000,1
1531175746286,1531175746285,2337887,0.00000772,140.00000000,1
1531175821852,1531175821850,2337888,0.00000772,1537.00000000,1
1531175861290,1531175861288,2337889,0.00000772,6748.00000000,1
1531175982653,1531175982650,2337890,0.00000774,3161.00000000,0
1531175982666,1531175982663,2337891,0.00000773,2928.00000000,1
1531175992775,1531175992772,2337892,0.00000772,5500.00000000,1
1531175993245,1531175993242,2337893,0.00000772,34.00000000,1
1531176006834,1531176006833,2337894,0.00000774,5129.00000000,0
1531176006853,1531176006851,2337895,0.00000773,2491.00000000,1
1531176018772,1531176018770,2337896,0.00000774,417.00000000,1
1531176050378,1531176050375,2337897,0.00000775,1756.00000000,0
1531176050378,1531176050375,2337898,0.00000778,835.00000000,0
1531176057289,1531176057288,2337899,0.00000776,3639.00000000,0
1531176057306,1531176057304,2337900,0.00000774,1784.00000000,1
1531176078658,1531176078656,2337901,0.00000775,3050.00000000,1
1531176119806,1531176119804,2337902,0.00000775,1907.00000000,1
1531176156671,1531176156670,2337903,0.00000775,293.00000000,1
1531176162071,1531176162069,2337904,0.00000776,3014.00000000,0
1531176162084,1531176162082,2337905,0.00000775,979.00000000,1
1531176162098,1531176162096,2337906,0.00000775,1261.00000000,1
1531176180559,1531176180558,2337907,0.00000774,930.00000000,1
1531176180571,1531176180570,2337908,0.00000775,293.00000000,0
1531176206756,1531176206754,2337909,0.00000776,1736.00000000,1
1531176206774,1531176206773,2337910,0.00000776,2464.00000000,1
1531176206798,1531176206796,2337911,0.00000775,1261.00000000,1
1531176206809,1531176206808,2337912,0.00000774,930.00000000,1
1531176236395,1531176236394,2337913,0.00000774,3557.00000000,1
1531176236403,1531176236402,2337914,0.00000774,4765.00000000,0
1531176236417,1531176236415,2337915,0.00000774,3557.00000000,1
1531176236443,1531176236441,2337916,0.00000775,293.00000000,0
1531176264516,1531176264515,2337917,0.00000775,1261.00000000,1
1531176264525,1531176264524,2337918,0.00000775,2370.00000000,0
1531176264539,1531176264537,2337919,0.00000775,1261.00000000,1
1531176273109,1531176273108,2337920,0.00000775,293.00000000,0
1531176307944,1531176307943,2337921,0.00000775,1261.00000000,1
1531176307961,1531176307959,2337922,0.00000775,6719.00000000,0
1531176307971,1531176307970,2337923,0.00000775,1261.00000000,1
1531176321239,1531176321236,2337924,0.00000775,3232.00000000,1
1531176321265,1531176321262,2337925,0.00000775,5929.00000000,1
1531176370129,1531176370126,2337926,0.00000775,150.00000000,1
1531176444346,1531176444344,2337927,0.00000774,140.00000000,1
1531176683211,1531176683211,2337928,0.00000774,27.00000000,1
1531176816288,1531176816287,2337929,0.00000775,270.00000000,0
1531176914045,1531176914043,2337930,0.00000774,864.00000000,1
1531176925247,1531176925244,2337931,0.00000773,11117.00000000,0
1531176925261,1531176925260,2337932,0.00000772,4793.00000000,1
1531176968218,1531176968217,2337933,0.00000772,130.00000000,1
1531176968243,1531176968241,2337934,0.00000772,2645.00000000,1
1531177015158,1531177015157,2337935,0.00000772,3307.00000000,1
1531177019478,1531177019477,2337936,0.00000773,3719.00000000,0
1531177019498,1531177019497,2337937,0.00000773,3000.00000000,1
1531177049908,1531177049905,2337938,0.00000772,7335.00000000,1
1531177102651,1531177102651,2337939,0.00000772,3130.00000000,1
1531177129100,1531177129093,2337940,0.00000771,10181.00000000,1
1531177129100,1531177129093,2337941,0.00000770,1804.00000000,1
1531177129100,1531177129093,2337942,0.00000769,775.00000000,1
1531177129100,1531177129093,2337943,0.00000768,4682.00000000,1
1531177129100,1531177129093,2337944,0.00000767,768.00000000,1
1531177129100,1531177129093,2337945,0.00000766,12703.00000000,1
1531177129100,1531177129093,2337946,0.00000765,17209.00000000,1
1531177129121,1531177129118,2337947,0.00000765,2965.00000000,0
1531177129148,1531177129146,2337948,0.00000765,161.00000000,0
1531177129155,1531177129153,2337949,0.00000765,161.00000000,0
1531177129179,1531177129178,2337950,0.00000765,161.00000000,0
1531177129305,1531177129304,2337951,0.00000765,2821.00000000,0
1531177129317,1531177129317,2337952,0.00000765,1120.00000000,0
1531177129359,1531177129358,2337953,0.00000765,196.00000000,0
1531177129825,1531177129824,2337954,0.00000765,44293.00000000,0
1531177133812,1531177133810,2337955,0.00000765,860.00000000,0
1531177137601,1531177137598,2337956,0.00000765,18.00000000,1
1531177140746,1531177140746,2337957,0.00000766,14383.00000000,0
1531177140754,1531177140753,2337958,0.00000765,7033.00000000,1
1531177142395,1531177142392,2337959,0.00000764,1044.00000000,1
1531177142421,1531177142421,2337960,0.00000764,959.00000000,0
1531177142714,1531177142713,2337961,0.00000764,2434.00000000,0
1531177142815,1531177142814,2337962,0.00000764,3395.00000000,0
1531177156400,1531177156396,2337963,0.00000763,8268.00000000,1
1531177156400,1531177156396,2337964,0.00000762,14475.00000000,1
1531177156400,1531177156396,2337965,0.00000761,17785.00000000,1
1531177156400,1531177156396,2337966,0.00000760,28378.00000000,1
1531177156415,1531177156413,2337967,0.00000760,1889.00000000,0
1531177156418,1531177156416,2337968,0.00000760,14126.00000000,0
1531177156425,1531177156424,2337969,0.00000760,1315.00000000,0
1531177156433,1531177156430,2337970,0.00000760,13764.00000000,0
1531177157795,1531177157793,2337971,0.00000763,416.00000000,0
1531177164826,1531177164826,2337972,0.00000763,142.00000000,0
1531177165620,1531177165620,2337973,0.00000762,797.00000000,1
1531177172006,1531177172004,2337974,0.00000762,18776.00000000,1
1531177172006,1531177172004,2337975,0.00000761,1091.00000000,1
1531177172006,1531177172004,2337976,0.00000760,5087.00000000,1
1531177172026,1531177172024,2337977,0.00000760,7005.00000000,0
1531177172051,1531177172049,2337978,0.00000760,657.00000000,0
1531177172085,1531177172084,2337979,0.00000760,688.00000000,0
1531177172373,1531177172371,2337980,0.00000760,9696.00000000,0
1531177172396,1531177172395,2337981,0.00000760,607.00000000,0
1531177172508,1531177172507,2337982,0.00000760,8080.00000000,0
1531177172619,1531177172619,2337983,0.00000760,7877.00000000,0
1531177172817,1531177172815,2337984,0.00000760,40436.00000000,0
1531177173295,1531177173293,2337985,0.00000759,789.00000000,1
1531177173295,1531177173293,2337986,0.00000758,132.00000000,1
1531177173307,1531177173304,2337987,0.00000758,4899.00000000,0
1531177173327,1531177173326,2337988,0.00000760,2293.00000000,0
1531177173375,1531177173375,2337989,0.00000760,2909.00000000,0
1531177173410,1531177173410,2337990,0.00000760,2000.00000000,0
1531177173617,1531177173616,2337991,0.00000760,2622.00000000,0
1531177174396,1531177174396,2337992,0.00000760,2000.00000000,0
1531177174479,1531177174477,2337993,0.00000760,11901.00000000,0
1531177175048,1531177175046,2337994,0.00000760,775.00000000,1
1531177175250,1531177175248,2337995,0.00000760,748.00000000,1
1531177180780,1531177180779,2337996,0.00000763,19.00000000,1
1531177182450,1531177182449,2337997,0.00000763,1854.00000000,1
1531177185998,1531177185996,2337998,0.00000762,782.00000000,1
1531177185998,1531177185996,2337999,0.00000760,17451.00000000,1
1531177190421,1531177190418,2338000,0.00000759,1874.00000000,1
1531177190814,1531177190814,2338001,0.00000758,5244.00000000,0
1531177192012,1531177192011,2338002,0.00000759,768.00000000,0
1531177192321,1531177192320,2338003,0.00000760,510.00000000,0
1531177192436,1531177192435,2338004,0.00000760,58.00000000,0
1531177193497,1531177193497,2338005,0.00000759,778.00000000,0
1531177193497,1531177193497,2338006,0.00000760,354.00000000,0
1531177194070,1531177194068,2338007,0.00000760,309.00000000,0
1531177197998,1531177197997,2338008,0.00000759,778.00000000,1
1531177198720,1531177198720,2338009,0.00000759,3550.00000000,0
1531177209579,1531177209578,2338010,0.00000758,960.00000000,0
1531177227330,1531177227330,2338011,0.00000758,134.00000000,1
1531177251757,1531177251756,2338012,0.00000758,522.00000000,1
1531177305234,1531177305235,2338013,0.00000759,165.00000000,0
1531177341823,1531177341820,2338014,0.00000758,385.00000000,1
1531177342187,1531177342187,2338015,0.00000758,1908.00000000,0
1531177347812,1531177347812,2338016,0.00000759,158.00000000,0
1531177356788,1531177356787,2338017,0.00000759,929.00000000,0
1531177359389,1531177359387,2338018,0.00000758,19697.00000000,1
1531177359389,1531177359387,2338019,0.00000757,4505.00000000,1
1531177381211,1531177381210,2338020,0.00000758,302.00000000,0
1531177381302,1531177381300,2338021,0.00000758,31699.00000000,0
1531177482073,1531177482073,2338022,0.00000760,579.00000000,0
1531177500832,1531177500832,2338023,0.00000759,166.00000000,1
1531177505904,1531177505905,2338024,0.00000760,426.00000000,0
1531177519081,1531177519081,2338025,0.00000759,2152.00000000,1
1531177584938,1531177584940,2338026,0.00000758,302.00000000,1
1531177585271,1531177585271,2338027,0.00000758,4230.00000000,0
1531177602905,1531177602906,2338028,0.00000758,535.00000000,1
1531177602918,1531177602919,2338029,0.00000758,132.00000000,1
1531177628489,1531177628489,2338030,0.00000758,738.00000000,1
1531177668244,1531177668246,2338031,0.00000757,7745.00000000,1
1531177674870,1531177674872,2338032,0.00000758,1095.00000000,1
1531177697524,1531177697526,2338033,0.00000758,73.00000000,1
1531177701013,1531177701013,2338034,0.00000759,1001.00000000,0
1531177701022,1531177701023,2338035,0.00000758,802.00000000,1
1531177701047,1531177701046,2338036,0.00000758,455.00000000,1
1531177738350,1531177738351,2338037,0.00000758,73.00000000,0
1531177745674,1531177745673,2338038,0.00000760,377.00000000,0
1531177753210,1531177753208,2338039,0.00000760,400.00000000,0
1531177756839,1531177756841,2338040,0.00000760,423.00000000,0
1531177762743,1531177762745,2338041,0.00000758,565.00000000,1
1531177762771,1531177762772,2338042,0.00000758,605.00000000,1
1531177765876,1531177765878,2338043,0.00000759,132.00000000,1
1531177800008,1531177800008,2338044,0.00000759,8362.00000000,0
1531177800868,1531177800870,2338045,0.00000758,1222.00000000,1
1531177817869,1531177817871,2338046,0.00000758,160.00000000,1
1531177830116,1531177830117,2338047,0.00000759,5012.00000000,0
1531177830187,1531177830188,2338048,0.00000759,1454.00000000,0
1531177830192,1531177830195,2338049,0.00000759,6292.00000000,0
1531177832690,1531177832690,2338050,0.00000759,3136.00000000,0
1531177836484,1531177836485,2338051,0.00000760,2980.00000000,0
1531177843593,1531177843596,2338052,0.00000759,689.00000000,0
1531177843612,1531177843613,2338053,0.00000758,344.00000000,1
1531177843628,1531177843630,2338054,0.00000758,493.00000000,1
1531177848173,1531177848175,2338055,0.00000760,13157.00000000,0
1531177849924,1531177849926,2338056,0.00000760,5012.00000000,0
1531177858025,1531177858027,2338057,0.00000760,13124.00000000,0
1531177867977,1531177867980,2338058,0.00000760,2778.00000000,0
1531177880746,1531177880748,2338059,0.00000760,1414.00000000,0
1531177883065,1531177883066,2338060,0.00000758,1013.00000000,1
1531177902902,1531177902903,2338061,0.00000760,76.00000000,0
1531177916505,1531177916507,2338062,0.00000758,1615.00000000,1
1531177921883,1531177921883,2338063,0.00000759,224.00000000,1
1531177956882,1531177956884,2338064,0.00000759,1012.00000000,1
1531177975373,1531177975376,2338065,0.00000760,3582.00000000,0
1531177981180,1531177981183,2338066,0.00000759,1619.00000000,1
1531177981198,1531177981199,2338067,0.00000759,3229.00000000,1
1531177981216,1531177981219,2338068,0.00000759,579.00000000,1
1531177983979,1531177983979,2338069,0.00000759,400.00000000,1
1531178021969,1531178021971,2338070,0.00000758,132.00000000,1
1531178033097,1531178033100,2338071,0.00000758,877.00000000,1
1531178033117,1531178033120,2338072,0.00000758,205.00000000,1
1531178069351,1531178069354,2338073,0.00000760,131.00000000,0
1531178081820,1531178081823,2338074,0.00000759,409.00000000,0
1531178081832,1531178081835,2338075,0.00000758,250.00000000,1
1531178110519,1531178110522,2338076,0.00000758,739.00000000,1
1531178116863,1531178116866,2338077,0.00000760,259.00000000,0
1531178141900,1531178141903,2338078,0.00000758,726.00000000,1
1531178155906,1531178155910,2338079,0.00000758,523.00000000,1
1531178165095,1531178165095,2338080,0.00000760,40725.00000000,0
1531178175471,1531178175474,2338081,0.00000761,390.00000000,0
1531178191600,1531178191603,2338082,0.00000761,750.00000000,0
1531178191600,1531178191603,2338083,0.00000762,4261.00000000,0
1531178202269,1531178202272,2338084,0.00000761,170.00000000,1
1531178204662,1531178204666,2338085,0.00000761,264.00000000,1
1531178204662,1531178204666,2338086,0.00000760,64525.00000000,1
1531178233756,1531178233761,2338087,0.00000762,106.00000000,0
1531178236085,1531178236087,2338088,0.00000761,132.00000000,1
1531178247504,1531178247507,2338089,0.00000762,107.00000000,0
1531178261255,1531178261257,2338090,0.00000761,170.00000000,1
1531178261274,1531178261276,2338091,0.00000761,185.00000000,0
1531178261286,1531178261289,2338092,0.00000761,170.00000000,1
1531178266984,1531178266987,2338093,0.00000762,368.00000000,0
1531178286023,1531178286025,2338094,0.00000761,281.00000000,1
1531178286034,1531178286037,2338095,0.00000761,132.00000000,1
1531178302853,1531178302855,2338096,0.00000761,818.00000000,1
1531178302870,1531178302873,2338097,0.00000761,849.00000000,1
1531178302889,1531178302893,2338098,0.00000761,285.00000000,1
1531178414853,1531178414857,2338099,0.00000761,372.00000000,1
1531178634304,1531178634309,2338100,0.00000761,28.00000000,1
1531178634304,1531178634309,2338101,0.00000760,184.00000000,1
1531178649774,1531178649779,2338102,0.00000760,277.00000000,1
1531178660661,1531178660666,2338103,0.00000761,678.00000000,1
1531178681798,1531178681803,2338104,0.00000761,2546.00000000,1
1531178681805,1531178681809,2338105,0.00000761,355.00000000,0
1531178681817,1531178681821,2338106,0.00000761,2546.00000000,1
1531178708993,1531178708997,2338107,0.00000762,5.00000000,0
1531178713209,1531178713213,2338108,0.00000761,282.00000000,1
1531178713215,1531178713221,2338109,0.00000761,507.00000000,0
1531178713222,1531178713228,2338110,0.00000761,282.00000000,1
1531178789007,1531178789010,2338111,0.00000761,186.00000000,0
1531178789007,1531178789010,2338112,0.00000762,2414.00000000,0
1531178789007,1531178789010,2338113,0.00000763,1055.00000000,0
1531178798141,1531178798147,2338114,0.00000763,1000.00000000,0
1531178803757,1531178803761,2338115,0.00000763,140.00000000,0
1531178803757,1531178803761,2338116,0.00000764,1360.00000000,0
1531178812583,1531178812587,2338117,0.00000760,20463.00000000,1
1531178812583,1531178812587,2338118,0.00000759,1051.00000000,1
1531178812583,1531178812587,2338119,0.00000758,1140.00000000,1
1531178812630,1531178812635,2338120,0.00000758,286.00000000,0
1531178812652,1531178812658,2338121,0.00000758,1472.00000000,0
1531178813623,1531178813627,2338122,0.00000758,242.00000000,0
1531178813730,1531178813735,2338123,0.00000758,12219.00000000,0
1531178822984,1531178822989,2338124,0.00000760,3347.00000000,1
1531178833729,1531178833732,2338125,0.00000760,4302.00000000,1
1531178843173,1531178843172,2338126,0.00000760,2847.00000000,1
1531178843173,1531178843172,2338127,0.00000759,1026.00000000,1
1531178843173,1531178843172,2338128,0.00000758,9256.00000000,1
1531178843173,1531178843172,2338129,0.00000757,2177.00000000,1
1531178843173,1531178843172,2338130,0.00000756,475.00000000,1
1531178843173,1531178843172,2338131,0.00000755,4257.00000000,1
1531178843173,1531178843172,2338132,0.00000754,9058.00000000,1
1531178843173,1531178843172,2338133,0.00000753,2771.00000000,1
1531178843173,1531178843172,2338134,0.00000752,4617.00000000,1
1531178843173,1531178843172,2338135,0.00000751,4793.00000000,1
1531178843173,1531178843172,2338136,0.00000750,16470.00000000,1
1531178843173,1531178843172,2338137,0.00000750,1622.00000000,1
1531178843194,1531178843199,2338138,0.00000752,4769.00000000,0
1531178843199,1531178843204,2338139,0.00000752,495.00000000,0
1531178844738,1531178844742,2338140,0.00000756,5.00000000,1
1531178845507,1531178845512,2338141,0.00000756,22.00000000,1
1531178847334,1531178847337,2338142,0.00000756,495.00000000,1
1531178847530,1531178847534,2338143,0.00000756,522.00000000,1
1531178851980,1531178851985,2338144,0.00000756,533.00000000,1
1531178853743,1531178853747,2338145,0.00000755,317.00000000,0
1531178854704,1531178854708,2338146,0.00000753,1069.00000000,1
1531178855137,1531178855142,2338147,0.00000753,22.00000000,1
1531178855234,1531178855238,2338148,0.00000755,246.00000000,0
1531178856363,1531178856368,2338149,0.00000754,195.00000000,0
1531178856363,1531178856368,2338150,0.00000755,105.00000000,0
1531178857535,1531178857538,2338151,0.00000753,417.00000000,1
1531178857662,1531178857668,2338152,0.00000753,1222.00000000,1
1531178857989,1531178857991,2338153,0.00000753,154.00000000,1
