event_time,trade_time,trade_id,price,quantity,maker
1531160291333,1531160291331,104079,0.00000165,3561.00000000,1
1531160291902,1531160291900,104080,0.00000166,1084.00000000,0
1531160307055,1531160307050,104081,0.00000166,275724.00000000,0
1531160317691,1531160317688,104082,0.00000165,2347.00000000,1
1531160341264,1531160341264,104083,0.00000166,605.00000000,0
1531160352040,1531160352037,104084,0.00000165,202.00000000,1
1531160382133,1531160382130,104085,0.00000165,350.00000000,1
1531160435307,1531160435303,104086,0.00000165,759.00000000,1
1531160480635,1531160480630,104087,0.00000166,7823.00000000,0
1531160532788,1531160532785,104088,0.00000165,58.00000000,1
1531160543726,1531160543723,104089,0.00000166,605.00000000,0
1531160550675,1531160550672,104090,0.00000165,199424.00000000,1
1531160560421,1531160560416,104091,0.00000166,1798.00000000,0
1531160580591,1531160580587,104092,0.00000165,3638.00000000,1
1531160598522,1531160598519,104093,0.00000165,27112.00000000,1
1531160654655,1531160654651,104094,0.00000165,275448.00000000,1
1531160693801,1531160693798,104095,0.00000165,20510.00000000,1
1531160704632,1531160704630,104096,0.00000166,1210.00000000,0
1531160724605,1531160724602,104097,0.00000166,605.00000000,0
1531160831019,1531160831015,104098,0.00000165,6366.00000000,1
1531160870953,1531160870947,104099,0.00000165,763.00000000,1
1531160871863,1531160871859,104100,0.00000165,4553.00000000,1
1531160905670,1531160905667,104101,0.00000165,4541.00000000,1
1531160905855,1531160905850,104102,0.00000165,12.00000000,1
1531160907760,1531160907755,104103,0.00000165,9000.00000000,0
1531160931517,1531160931514,104104,0.00000165,34538.00000000,0
1531160954234,1531160954230,104105,0.00000165,19194.00000000,0
1531160965919,1531160965915,104106,0.00000165,1280.00000000,0
1531160967378,1531160967374,104107,0.00000165,609.00000000,0
1531160967703,1531160967698,104108,0.00000165,609.00000000,0
1531160969573,1531160969569,104109,0.00000165,607.00000000,0
1531161036274,1531161036270,104110,0.00000165,15059.00000000,0
1531161112405,1531161112400,104111,0.00000164,3168.00000000,1
1531161128693,1531161128690,104112,0.00000165,1582.00000000,0
1531161140338,1531161140335,104113,0.00000164,617.00000000,1
1531161141414,1531161141413,104114,0.00000164,4601.00000000,1
1531161195426,1531161195421,104115,0.00000165,37357.00000000,0
1531161195426,1531161195421,104116,0.00000166,32643.00000000,0
1531161212609,1531161212606,104117,0.00000166,1815.00000000,0
1531161263003,1531161263000,104118,0.00000166,605.00000000,0
1531161311058,1531161311053,104119,0.00000165,756.00000000,1
1531161339544,1531161339539,104120,0.00000165,609.00000000,1
1531161363757,1531161363754,104121,0.00000164,1360.00000000,1
1531161535890,1531161535886,104122,0.00000164,16879.00000000,1
1531161552385,1531161552380,104123,0.00000164,141666.00000000,1
1531161580086,1531161580079,104124,0.00000165,800.00000000,0
1531161580086,1531161580079,104125,0.00000166,235712.00000000,0
1531161602544,1531161602543,104126,0.00000166,1424.00000000,0
1531161618072,1531161618067,104127,0.00000165,5040.00000000,1
1531161621668,1531161621663,104128,0.00000166,605.00000000,0
1531161622000,1531161621996,104129,0.00000166,605.00000000,0
1531161622086,1531161622085,104130,0.00000166,605.00000000,0
1531161622562,1531161622559,104131,0.00000166,605.00000000,0
1531161623851,1531161623849,104132,0.00000166,603.00000000,0
1531161629877,1531161629873,104133,0.00000165,678.00000000,1
1531161671072,1531161671070,104134,0.00000165,1773.00000000,1
1531161681057,1531161681056,104135,0.00000165,1.00000000,0
1531161681095,1531161681094,104136,0.00000165,9167.00000000,1
1531161709305,1531161709303,104137,0.00000164,2757.00000000,1
1531161743000,1531161742997,104138,0.00000165,609.00000000,0
1531161759209,1531161759205,104139,0.00000165,607.00000000,0
1531161769754,1531161769749,104140,0.00000165,4792.00000000,0
1531161769778,1531161769776,104141,0.00000165,80948.00000000,1
1531161769799,1531161769795,104142,0.00000165,4725.00000000,1
1531161907241,1531161907239,104143,0.00000165,698.00000000,1
1531161971674,1531161971670,104144,0.00000166,14973.00000000,0
1531161978761,1531161978756,104145,0.00000165,66959.00000000,1
1531161986524,1531161986520,104146,0.00000166,605.00000000,0
1531161996155,1531161996154,104147,0.00000165,1100.00000000,1
1531161996999,1531161996993,104148,0.00000165,114885.00000000,1
1531161996999,1531161996993,104149,0.00000164,1015.00000000,1
1531162060998,1531162060994,104150,0.00000165,18659.00000000,0
1531162077120,1531162077116,104151,0.00000165,10409.00000000,0
1531162238871,1531162238842,104152,0.00000165,29087.00000000,0
1531162238871,1531162238842,104153,0.00000166,520052.00000000,0
1531162238871,1531162238842,104154,0.00000167,220831.00000000,0
1531162238871,1531162238842,104155,0.00000168,246308.00000000,0
1531162238871,1531162238842,104156,0.00000169,812467.00000000,0
1531162238871,1531162238842,104157,0.00000164,4552.00000000,1
1531162239063,1531162239062,104158,0.00000166,3004.00000000,0
1531162239092,1531162239089,104159,0.00000166,3604.00000000,0
1531162239179,1531162239176,104160,0.00000166,3605.00000000,0
1531162239182,1531162239181,104161,0.00000166,3605.00000000,0
1531162239186,1531162239182,104162,0.00000166,3605.00000000,0
1531162239193,1531162239190,104163,0.00000166,3605.00000000,0
1531162239209,1531162239205,104164,0.00000166,3605.00000000,0
1531162240630,1531162240626,104165,0.00000166,815.00000000,0
1531162241253,1531162241248,104166,0.00000166,781.00000000,0
1531162241691,1531162241687,104167,0.00000166,815.00000000,0
1531162246083,1531162246080,104168,0.00000165,2.00000000,1
1531162248589,1531162248583,104169,0.00000166,2420.00000000,0
1531162248613,1531162248610,104170,0.00000166,605.00000000,0
1531162248636,1531162248632,104171,0.00000166,1815.00000000,0
1531162249037,1531162249034,104172,0.00000166,605.00000000,0
1531162249049,1531162249044,104173,0.00000166,605.00000000,0
1531162249054,1531162249050,104174,0.00000166,605.00000000,0
1531162249079,1531162249075,104175,0.00000166,605.00000000,0
1531162249155,1531162249152,104176,0.00000166,605.00000000,0
1531162249299,1531162249293,104177,0.00000166,605.00000000,0
1531162249454,1531162249450,104178,0.00000166,605.00000000,0
1531162250110,1531162250105,104179,0.00000166,605.00000000,0
1531162250477,1531162250476,104180,0.00000166,2780.00000000,0
1531162251359,1531162251354,104181,0.00000166,603.00000000,0
1531162259773,1531162259768,104182,0.00000166,602.00000000,0
1531162259898,1531162259896,104183,0.00000166,602.00000000,0
1531162261265,1531162261261,104184,0.00000166,1441.00000000,0
1531162261521,1531162261517,104185,0.00000166,602.00000000,0
1531162261591,1531162261586,104186,0.00000166,6172.00000000,0
1531162266673,1531162266667,104187,0.00000166,605.00000000,0
1531162269044,1531162269038,104188,0.00000166,1210.00000000,0
1531162269123,1531162269118,104189,0.00000166,605.00000000,0
1531162269489,1531162269486,104190,0.00000166,1210.00000000,0
1531162269896,1531162269890,104191,0.00000166,605.00000000,0
1531162270156,1531162270152,104192,0.00000166,1210.00000000,0
1531162271219,1531162271214,104193,0.00000166,150602.00000000,0
1531162274420,1531162274416,104194,0.00000166,139384.00000000,0
1531162289825,1531162289822,104195,0.00000166,605.00000000,0
1531162302054,1531162302050,104196,0.00000166,96488.00000000,0
1531162306735,1531162306730,104197,0.00000166,44919.00000000,0
1531162309910,1531162309908,104198,0.00000166,15075.00000000,1
1531162312599,1531162312597,104199,0.00000166,1616.00000000,1
1531162313913,1531162313908,104200,0.00000165,954.00000000,1
1531162317722,1531162317717,104201,0.00000165,735.00000000,1
1531162323183,1531162323178,104202,0.00000166,2504.00000000,1
1531162323216,1531162323211,104203,0.00000166,3496.00000000,1
1531162324750,1531162324746,104204,0.00000166,6411.00000000,1
1531162325645,1531162325641,104205,0.00000166,8650.00000000,1
1531162328872,1531162328867,104206,0.00000165,3604.00000000,1
1531162329407,1531162329404,104207,0.00000166,1203.00000000,0
1531162331214,1531162331209,104208,0.00000166,1205.00000000,0
1531162361956,1531162361951,104209,0.00000166,1123.00000000,0
1531162418637,1531162418633,104210,0.00000166,71258.00000000,0
1531162460214,1531162460209,104211,0.00000166,25238.00000000,0
1531162495105,1531162495101,104212,0.00000166,1010.00000000,0
1531162504620,1531162504614,104213,0.00000166,7.00000000,0
1531162528695,1531162528689,104214,0.00000166,29690.00000000,0
1531162533587,1531162533583,104215,0.00000166,100.00000000,1
1531162534358,1531162534353,104216,0.00000166,100.00000000,1
1531162534412,1531162534409,104217,0.00000166,74603.00000000,1
1531162535033,1531162535028,104218,0.00000166,13579.00000000,1
1531162535342,1531162535336,104219,0.00000166,2409.00000000,1
1531162535342,1531162535336,104220,0.00000165,13491.00000000,1
1531162550650,1531162550646,104221,0.00000166,21.00000000,0
1531162572909,1531162572906,104222,0.00000166,605.00000000,0
1531162574629,1531162574623,104223,0.00000166,226.00000000,0
1531162578188,1531162578183,104224,0.00000167,30.00000000,0
1531162579549,1531162579544,104225,0.00000166,300.00000000,1
1531162583356,1531162583350,104226,0.00000166,9000.00000000,1
1531162586194,1531162586190,104227,0.00000166,100.00000000,1
1531162589144,1531162589139,104228,0.00000166,100.00000000,1
1531162590504,1531162590497,104229,0.00000167,5531.00000000,0
1531162606676,1531162606670,104230,0.00000167,8859.00000000,0
1531162611911,1531162611905,104231,0.00000167,33585.00000000,0
1531162612984,1531162612980,104232,0.00000167,602.00000000,0
1531162613233,1531162613229,104233,0.00000167,602.00000000,0
1531162613567,1531162613562,104234,0.00000167,602.00000000,0
1531162613743,1531162613738,104235,0.00000167,602.00000000,0
1531162613876,1531162613869,104236,0.00000167,602.00000000,0
1531162614115,1531162614111,104237,0.00000167,602.00000000,0
1531162633286,1531162633281,104238,0.00000167,602.00000000,0
1531162633400,1531162633395,104239,0.00000167,602.00000000,0
1531162633440,1531162633434,104240,0.00000167,1203.00000000,0
1531162633933,1531162633927,104241,0.00000167,602.00000000,0
1531162634075,1531162634070,104242,0.00000167,602.00000000,0
1531162635527,1531162635524,104243,0.00000167,599.00000000,0
1531162640829,1531162640824,104244,0.00000167,144774.00000000,0
1531162652945,1531162652941,104245,0.00000166,9080.00000000,1
1531162654637,1531162654636,104246,0.00000167,602.00000000,0
1531162656160,1531162656156,104247,0.00000166,3105.00000000,1
1531162670596,1531162670591,104248,0.00000167,82772.00000000,0
1531162675298,1531162675296,104249,0.00000166,956.00000000,1
1531162679071,1531162679066,104250,0.00000167,212591.00000000,0
1531162686667,1531162686663,104251,0.00000167,1203.00000000,0
1531162690276,1531162690273,104252,0.00000167,1611.00000000,0
1531162704695,1531162704690,104253,0.00000167,2503.00000000,0
1531162712154,1531162712148,104254,0.00000167,84267.00000000,0
1531162713774,1531162713768,104255,0.00000167,602.00000000,0
1531162713777,1531162713773,104256,0.00000167,602.00000000,0
1531162714809,1531162714805,104257,0.00000167,602.00000000,0
1531162717176,1531162717174,104258,0.00000167,599.00000000,0
1531162718650,1531162718645,104259,0.00000167,75990.00000000,0
1531162720114,1531162720110,104260,0.00000167,6546.00000000,0
1531162724274,1531162724270,104261,0.00000167,25743.00000000,0
1531162759086,1531162759081,104262,0.00000167,2024.00000000,0
1531162771865,1531162771861,104263,0.00000166,1069.00000000,1
1531162780832,1531162780827,104264,0.00000167,1.00000000,0
1531162799012,1531162799006,104265,0.00000167,163681.00000000,0
1531162808873,1531162808868,104266,0.00000167,4509.00000000,0
1531162814614,1531162814610,104267,0.00000167,602.00000000,0
1531162835035,1531162835029,104268,0.00000167,1203.00000000,0
1531162836821,1531162836815,104269,0.00000167,1198.00000000,0
1531162839363,1531162839359,104270,0.00000166,2700.00000000,1
1531162881879,1531162881874,104271,0.00000167,1300.00000000,0
1531162884311,1531162884308,104272,0.00000167,15.00000000,0
1531162889543,1531162889539,104273,0.00000167,10000.00000000,0
1531162889731,1531162889725,104274,0.00000167,81950.00000000,0
1531162892776,1531162892770,104275,0.00000167,20776.00000000,0
1531162899559,1531162899553,104276,0.00000167,68050.00000000,0
1531162903525,1531162903520,104277,0.00000167,1324.00000000,0
1531162905934,1531162905926,104278,0.00000167,11174.00000000,0
1531162913737,1531162913732,104279,0.00000167,11945.00000000,0
1531162922349,1531162922346,104280,0.00000166,108.00000000,1
1531162927710,1531162927705,104281,0.00000167,157928.00000000,0
1531162929457,1531162929453,104282,0.00000167,51382.00000000,0
1531162931345,1531162931340,104283,0.00000167,16955.00000000,0
1531162938093,1531162938087,104284,0.00000167,140000.00000000,0
1531162949080,1531162949074,104285,0.00000167,64963.00000000,0
1531162949106,1531162949101,104286,0.00000167,804.00000000,1
1531162949333,1531162949328,104287,0.00000167,834.00000000,0
1531162959580,1531162959574,104288,0.00000166,11578.00000000,1
1531162960400,1531162960395,104289,0.00000166,11447.00000000,1
1531162962027,1531162962021,104290,0.00000166,23440.00000000,1
1531162963338,1531162963333,104291,0.00000166,15.00000000,1
1531163063346,1531163063341,104292,0.00000166,2100.00000000,1
1531163076011,1531163076005,104293,0.00000166,1315.00000000,1
1531163091777,1531163091772,104294,0.00000167,60000.00000000,0
1531163248490,1531163248485,104295,0.00000167,83587.00000000,0
1531163248768,1531163248763,104296,0.00000166,3.00000000,1
1531163254023,1531163254017,104297,0.00000167,256886.00000000,0
1531163254038,1531163254032,104298,0.00000167,3885.00000000,1
1531163254065,1531163254060,104299,0.00000167,4532.00000000,1
1531163254077,1531163254073,104300,0.00000167,11898.00000000,1
1531163254112,1531163254109,104301,0.00000167,121993.00000000,1
1531163254113,1531163254109,104302,0.00000168,906.00000000,0
1531163254142,1531163254138,104303,0.00000167,11898.00000000,1
1531163254147,1531163254142,104304,0.00000167,51892.00000000,1
1531163254506,1531163254501,104305,0.00000167,216933.00000000,1
1531163254517,1531163254512,104306,0.00000167,3566.00000000,0
1531163254555,1531163254550,104307,0.00000167,27044.00000000,0
1531163254672,1531163254667,104308,0.00000166,20000.00000000,1
1531163254746,1531163254740,104309,0.00000166,7.00000000,1
1531163255115,1531163255110,104310,0.00000166,2300.00000000,1
1531163259027,1531163259022,104311,0.00000167,21745.00000000,1
1531163259545,1531163259538,104312,0.00000166,2100.00000000,1
1531163261406,1531163261400,104313,0.00000168,3000.00000000,0
1531163262453,1531163262448,104314,0.00000167,100.00000000,1
1531163264192,1531163264186,104315,0.00000167,200.00000000,1
1531163265191,1531163265184,104316,0.00000167,412.00000000,1
1531163265697,1531163265691,104317,0.00000167,71.00000000,1
1531163265697,1531163265691,104318,0.00000166,610.00000000,1
1531163269115,1531163269109,104319,0.00000166,909.00000000,1
1531163273678,1531163273673,104320,0.00000166,18255.00000000,1
1531163292226,1531163292221,104321,0.00000166,2453.00000000,1
1531163319092,1531163319087,104322,0.00000166,21724.00000000,1
1531163353293,1531163353288,104323,0.00000167,818.00000000,0
1531163353320,1531163353313,104324,0.00000167,8997.00000000,1
1531163353532,1531163353526,104325,0.00000167,17084.00000000,1
1531163374319,1531163374316,104326,0.00000167,1793.00000000,0
1531163443515,1531163443509,104327,0.00000167,2.00000000,0
1531163445321,1531163445316,104328,0.00000167,1197.00000000,0
1531163446751,1531163446745,104329,0.00000167,602.00000000,0
1531163450809,1531163450803,104330,0.00000167,4727.00000000,0
1531163450843,1531163450838,104331,0.00000167,1374.00000000,1
1531163450849,1531163450845,104332,0.00000167,1374.00000000,1
1531163450885,1531163450879,104333,0.00000167,2825.00000000,1
1531163451047,1531163451042,104334,0.00000167,118693.00000000,1
1531163453068,1531163453061,104335,0.00000166,118396.00000000,1
1531163458097,1531163458085,104336,0.00000167,64039.00000000,0
1531163458097,1531163458085,104337,0.00000168,248325.00000000,0
1531163458116,1531163458110,104338,0.00000168,92943.00000000,1
1531163458118,1531163458111,104339,0.00000168,65690.00000000,1
1531163458147,1531163458143,104340,0.00000168,21709.00000000,1
1531163458208,1531163458203,104341,0.00000168,1731.00000000,1
1531163458260,1531163458255,104342,0.00000168,8075.00000000,1
1531163458425,1531163458420,104343,0.00000168,59171.00000000,1
1531163458474,1531163458469,104344,0.00000168,1740.00000000,1
1531163458508,1531163458503,104345,0.00000168,3277.00000000,1
1531163458564,1531163458560,104346,0.00000168,13651.00000000,1
1531163458633,1531163458626,104347,0.00000168,59758.00000000,1
1531163458637,1531163458631,104348,0.00000168,77925.00000000,1
1531163458662,1531163458656,104349,0.00000168,1195.00000000,1
1531163458998,1531163458993,104350,0.00000168,90990.00000000,1
1531163459228,1531163459222,104351,0.00000168,52804.00000000,1
1531163459671,1531163459666,104352,0.00000168,12200.00000000,1
1531163459969,1531163459965,104353,0.00000168,1198.00000000,1
1531163460303,1531163460295,104354,0.00000168,59171.00000000,1
1531163460757,1531163460750,104355,0.00000168,342334.00000000,1
1531163461537,1531163461530,104356,0.00000168,189701.00000000,1
1531163461769,1531163461764,104357,0.00000168,627.00000000,1
1531163462120,1531163462115,104358,0.00000168,59171.00000000,1
1531163463407,1531163463400,104359,0.00000168,90500.00000000,1
1531163463492,1531163463488,104360,0.00000168,87722.00000000,1
1531163463747,1531163463741,104361,0.00000168,826.00000000,1
1531163463809,1531163463803,104362,0.00000167,300.00000000,1
1531163463922,1531163463917,104363,0.00000167,603.00000000,1
1531163464388,1531163464382,104364,0.00000167,4500.00000000,1
1531163465612,1531163465606,104365,0.00000167,61233.00000000,1
1531163465612,1531163465606,104366,0.00000166,29467.00000000,1
1531163471879,1531163471873,104367,0.00000167,826.00000000,0
1531163472156,1531163472150,104368,0.00000167,507.00000000,1
1531163472156,1531163472150,104369,0.00000166,400.00000000,1
1531163480045,1531163480040,104370,0.00000167,839.00000000,1
1531163489144,1531163489139,104371,0.00000167,599.00000000,0
1531163489144,1531163489139,104372,0.00000168,597.00000000,0
1531163489421,1531163489416,104373,0.00000168,598.00000000,0
1531163489578,1531163489572,104374,0.00000168,598.00000000,0
1531163489673,1531163489667,104375,0.00000168,598.00000000,0
1531163489876,1531163489870,104376,0.00000168,598.00000000,0
1531163489933,1531163489928,104377,0.00000166,20499.00000000,1
1531163492734,1531163492727,104378,0.00000168,596.00000000,0
1531163498152,1531163498147,104379,0.00000167,1200.00000000,1
1531163499703,1531163499696,104380,0.00000167,22.00000000,1
1531163499703,1531163499696,104381,0.00000166,1196.00000000,1
1531163505595,1531163505590,104382,0.00000167,88033.00000000,1
1531163506514,1531163506509,104383,0.00000168,3875.00000000,0
1531163508289,1531163508283,104384,0.00000167,1230.00000000,0
1531163509737,1531163509732,104385,0.00000167,598.00000000,0
1531163509817,1531163509811,104386,0.00000167,1196.00000000,0
1531163510070,1531163510065,104387,0.00000167,598.00000000,0
1531163510146,1531163510141,104388,0.00000167,598.00000000,0
1531163510274,1531163510270,104389,0.00000167,598.00000000,0
1531163510363,1531163510357,104390,0.00000167,7.00000000,0
1531163510695,1531163510691,104391,0.00000167,1.00000000,0
1531163510738,1531163510731,104392,0.00000167,1.00000000,0
1531163510771,1531163510765,104393,0.00000167,1.00000000,0
1531163511224,1531163511219,104394,0.00000167,13190.00000000,0
1531163511376,1531163511373,104395,0.00000168,1.00000000,0
1531163513673,1531163513670,104396,0.00000167,299250.00000000,1
1531163514152,1531163514147,104397,0.00000167,18018.00000000,1
1531163515043,1531163515037,104398,0.00000167,119760.00000000,1
1531163516817,1531163516812,104399,0.00000167,4517.00000000,1
1531163517136,1531163517129,104400,0.00000167,186100.00000000,1
1531163517201,1531163517196,104401,0.00000167,18018.00000000,1
1531163517617,1531163517613,104402,0.00000167,55900.00000000,1
1531163517814,1531163517811,104403,0.00000167,5571.00000000,1
1531163521211,1531163521205,104404,0.00000166,29820.00000000,1
1531163529756,1531163529750,104405,0.00000166,6211.00000000,1
1531163530046,1531163530040,104406,0.00000166,6211.00000000,1
1531163530457,1531163530455,104407,0.00000166,6211.00000000,1
1531163530672,1531163530666,104408,0.00000166,6211.00000000,1
1531163537071,1531163537066,104409,0.00000166,2399.00000000,1
1531163537664,1531163537659,104410,0.00000167,6011.00000000,0
1531163540671,1531163540667,104411,0.00000167,4000.00000000,0
1531163544145,1531163544139,104412,0.00000167,42167.00000000,0
1531163544732,1531163544728,104413,0.00000167,11.00000000,0
1531163570936,1531163570929,104414,0.00000167,602.00000000,0
1531163577559,1531163577511,104415,0.00000167,14217.00000000,0
1531163577559,1531163577511,104416,0.00000168,194580.00000000,0
1531163577559,1531163577511,104417,0.00000169,337100.00000000,0
1531163577559,1531163577511,104418,0.00000170,415870.00000000,0
1531163578130,1531163578123,104419,0.00000168,24219.00000000,1
1531163578223,1531163578217,104420,0.00000168,2191.00000000,1
1531163578268,1531163578263,104421,0.00000168,817.00000000,0
1531163578314,1531163578311,104422,0.00000168,1402.00000000,0
1531163578402,1531163578396,104423,0.00000168,886.00000000,0
1531163578457,1531163578450,104424,0.00000167,1506.00000000,1
1531163578692,1531163578687,104425,0.00000168,794.00000000,0
1531163581079,1531163581071,104426,0.00000167,21315.00000000,1
1531163581389,1531163581385,104427,0.00000167,43690.00000000,1
1531163581389,1531163581385,104428,0.00000166,2638.00000000,1
1531163583482,1531163583478,104429,0.00000166,3558.00000000,1
1531163583570,1531163583564,104430,0.00000166,3560.00000000,1
1531163584308,1531163584302,104431,0.00000166,3558.00000000,1
1531163584333,1531163584328,104432,0.00000166,1262.00000000,1
1531163584370,1531163584366,104433,0.00000166,3558.00000000,1
1531163584603,1531163584599,104434,0.00000166,3558.00000000,1
1531163584992,1531163584989,104435,0.00000166,3558.00000000,1
1531163585850,1531163585846,104436,0.00000166,929.00000000,1
1531163586899,1531163586894,104437,0.00000166,1402.00000000,1
1531163590748,1531163590746,104438,0.00000167,1793.00000000,0
1531163590891,1531163590885,104439,0.00000167,598.00000000,0
1531163590927,1531163590921,104440,0.00000167,1196.00000000,0
1531163591009,1531163591004,104441,0.00000167,598.00000000,0
1531163591028,1531163591024,104442,0.00000167,598.00000000,0
1531163591207,1531163591203,104443,0.00000167,598.00000000,0
1531163591215,1531163591208,104444,0.00000167,1196.00000000,0
1531163591259,1531163591226,104445,0.00000167,1196.00000000,0
1531163591539,1531163591536,104446,0.00000167,1.00000000,0
1531163591552,1531163591549,104447,0.00000167,598.00000000,0
1531163591562,1531163591557,104448,0.00000167,598.00000000,0
1531163591703,1531163591698,104449,0.00000167,2391.00000000,0
1531163591745,1531163591740,104450,0.00000167,598.00000000,0
1531163592542,1531163592538,104451,0.00000167,1.00000000,0
1531163592551,1531163592546,104452,0.00000167,1.00000000,0
1531163592736,1531163592733,104453,0.00000167,1.00000000,0
1531163592746,1531163592740,104454,0.00000167,1.00000000,0
1531163592823,1531163592821,104455,0.00000167,1.00000000,0
1531163593394,1531163593389,104456,0.00000167,1.00000000,0
1531163601383,1531163601377,104457,0.00000166,5106.00000000,1
1531163602197,1531163602192,104458,0.00000167,6053.00000000,0
1531163604951,1531163604942,104459,0.00000167,15986.00000000,1
1531163605058,1531163605052,104460,0.00000167,37274.00000000,1
1531163605058,1531163605052,104461,0.00000166,4336.00000000,1
1531163606016,1531163606009,104462,0.00000166,47768.00000000,1
1531163608651,1531163608646,104463,0.00000166,3164.00000000,1
1531163608944,1531163608939,104464,0.00000167,1000.00000000,0
1531163610789,1531163610782,104465,0.00000167,26745.00000000,0
1531163612537,1531163612530,104466,0.00000167,598.00000000,0
1531163614229,1531163614224,104467,0.00000167,1.00000000,0
1531163616042,1531163616036,104468,0.00000167,2955.00000000,0
1531163618762,1531163618756,104469,0.00000167,55636.00000000,1
1531163619182,1531163619176,104470,0.00000167,140.00000000,1
1531163620065,1531163620059,104471,0.00000167,2024.00000000,0
1531163626707,1531163626702,104472,0.00000166,1853.00000000,1
1531163638665,1531163638660,104473,0.00000166,6172.00000000,1
1531163639008,1531163639004,104474,0.00000166,6172.00000000,1
1531163662592,1531163662587,104475,0.00000167,1123.00000000,0
1531163677814,1531163677811,104476,0.00000167,32749.00000000,0
1531163678634,1531163678629,104477,0.00000167,9167.00000000,1
1531163680029,1531163680024,104478,0.00000166,2704.00000000,1
1531163685380,1531163685374,104479,0.00000168,4576.00000000,0
1531163692166,1531163692162,104480,0.00000167,30487.00000000,1
1531163695813,1531163695806,104481,0.00000167,29660.00000000,1
1531163696546,1531163696542,104482,0.00000167,75.00000000,1
1531163702881,1531163702874,104483,0.00000166,6172.00000000,1
1531163735594,1531163735590,104484,0.00000167,89084.00000000,1
1531163736167,1531163736163,104485,0.00000167,224.00000000,1
1531163763958,1531163763951,104486,0.00000167,699.00000000,0
1531163767494,1531163767489,104487,0.00000167,30000.00000000,0
1531163771819,1531163771816,104488,0.00000167,4487.00000000,0
1531163771913,1531163771897,104489,0.00000167,16980.00000000,0
1531163771913,1531163771897,104490,0.00000168,60188.00000000,0
1531163771913,1531163771897,104491,0.00000169,211789.00000000,0
1531163771913,1531163771897,104492,0.00000170,185294.00000000,0
1531163771918,1531163771911,104493,0.00000170,6212.00000000,0
1531163771944,1531163771938,104494,0.00000170,2935.00000000,0
1531163772011,1531163772006,104495,0.00000170,9026.00000000,0
1531163772115,1531163772108,104496,0.00000170,2994.00000000,0
1531163772157,1531163772153,104497,0.00000170,93697.00000000,0
1531163772170,1531163772165,104498,0.00000170,8982.00000000,0
1531163772172,1531163772167,104499,0.00000169,3536.00000000,1
1531163772194,1531163772189,104500,0.00000170,2994.00000000,0
1531163772197,1531163772191,104501,0.00000168,3536.00000000,1
1531163772281,1531163772279,104502,0.00000168,3552.00000000,1
1531163772364,1531163772358,104503,0.00000168,58823.00000000,1
1531163772468,1531163772462,104504,0.00000169,3559.00000000,0
1531163772468,1531163772462,104505,0.00000170,1388.00000000,0
1531163772546,1531163772539,104506,0.00000169,5529.00000000,0
1531163772546,1531163772539,104507,0.00000170,6447.00000000,0
1531163772745,1531163772740,104508,0.00000168,3565.00000000,1
1531163772871,1531163772867,104509,0.00000169,2366.00000000,1
1531163772920,1531163772915,104510,0.00000168,2230.00000000,1
1531163773410,1531163773407,104511,0.00000168,15960.00000000,1
1531163774242,1531163774234,104512,0.00000168,59171.00000000,1
1531163775456,1531163775452,104513,0.00000168,1200.00000000,1
1531163775657,1531163775651,104514,0.00000168,49175.00000000,1
1531163775740,1531163775730,104515,0.00000167,43922.00000000,1
1531163775778,1531163775775,104516,0.00000167,15476.00000000,0
1531163775909,1531163775905,104517,0.00000166,15476.00000000,1
1531163776367,1531163776361,104518,0.00000167,2664.00000000,0
1531163776607,1531163776600,104519,0.00000167,2967.00000000,0
1531163776859,1531163776857,104520,0.00000167,3260.00000000,0
1531163778005,1531163778000,104521,0.00000167,2969.00000000,0
1531163778073,1531163778068,104522,0.00000167,3565.00000000,0
1531163778971,1531163778966,104523,0.00000167,772.00000000,0
1531163779517,1531163779512,104524,0.00000166,3557.00000000,1
1531163779595,1531163779590,104525,0.00000166,89408.00000000,1
1531163779664,1531163779659,104526,0.00000166,3557.00000000,1
1531163780664,1531163780658,104527,0.00000166,2980.00000000,1
1531163780814,1531163780809,104528,0.00000166,3536.00000000,1
1531163781228,1531163781225,104529,0.00000167,3570.00000000,0
1531163785548,1531163785541,104530,0.00000167,78118.00000000,0
1531163786822,1531163786818,104531,0.00000167,3278.00000000,1
1531163786854,1531163786848,104532,0.00000167,2980.00000000,1
1531163786874,1531163786868,104533,0.00000167,3278.00000000,1
1531163787126,1531163787120,104534,0.00000167,3278.00000000,1
1531163787196,1531163787191,104535,0.00000167,3278.00000000,1
1531163787348,1531163787343,104536,0.00000167,3278.00000000,1
1531163787459,1531163787453,104537,0.00000167,3278.00000000,1
1531163787478,1531163787473,104538,0.00000167,2980.00000000,1
1531163787815,1531163787809,104539,0.00000167,2980.00000000,1
1531163787879,1531163787877,104540,0.00000167,3397.00000000,1
1531163787913,1531163787898,104541,0.00000167,3278.00000000,1
1531163787995,1531163787989,104542,0.00000167,2980.00000000,1
1531163788029,1531163788027,104543,0.00000167,3278.00000000,1
1531163788407,1531163788401,104544,0.00000167,3278.00000000,1
1531163789003,1531163789000,104545,0.00000167,18072.00000000,1
1531163790492,1531163790486,104546,0.00000167,119760.00000000,1
1531163791135,1531163791132,104547,0.00000167,229800.00000000,1
1531163791398,1531163791396,104548,0.00000167,18072.00000000,1
1531163791674,1531163791669,104549,0.00000167,299250.00000000,1
1531163792998,1531163792991,104550,0.00000167,90500.00000000,1
1531163793069,1531163793061,104551,0.00000168,1804.00000000,0
1531163793401,1531163793397,104552,0.00000168,602.00000000,0
1531163793510,1531163793504,104553,0.00000168,602.00000000,0
1531163793707,1531163793704,104554,0.00000167,400.00000000,1
1531163793742,1531163793738,104555,0.00000167,18072.00000000,1
1531163793882,1531163793876,104556,0.00000168,1203.00000000,0
1531163794001,1531163793995,104557,0.00000168,1203.00000000,0
1531163794011,1531163794006,104558,0.00000168,602.00000000,0
1531163794222,1531163794217,104559,0.00000168,602.00000000,0
1531163794544,1531163794542,104560,0.00000168,602.00000000,0
1531163794780,1531163794776,104561,0.00000168,602.00000000,0
1531163794989,1531163794983,104562,0.00000168,1230.00000000,0
1531163796211,1531163796204,104563,0.00000167,100.00000000,1
1531163798769,1531163798763,104564,0.00000168,596.00000000,0
1531163799691,1531163799683,104565,0.00000167,100.00000000,1
1531163804321,1531163804315,104566,0.00000168,63737.00000000,0
1531163805935,1531163805929,104567,0.00000168,17552.00000000,1
1531163806037,1531163806030,104568,0.00000168,827.00000000,0
1531163806718,1531163806713,104569,0.00000167,100.00000000,1
1531163807284,1531163807280,104570,0.00000167,17508.00000000,1
1531163813869,1531163813864,104571,0.00000168,598.00000000,0
1531163816069,1531163816063,104572,0.00000167,15572.00000000,1
1531163825718,1531163825712,104573,0.00000168,4723.00000000,0
1531163837609,1531163837603,104574,0.00000168,179.00000000,0
1531163840994,1531163840990,104575,0.00000168,10274.00000000,0
1531163844354,1531163844348,104576,0.00000168,4947.00000000,0
1531163848009,1531163848003,104577,0.00000168,27343.00000000,0
1531163848458,1531163848451,104578,0.00000168,717.00000000,1
1531163849753,1531163849748,104579,0.00000168,1701.00000000,1
1531163851931,1531163851925,104580,0.00000167,1696.00000000,1
1531163852198,1531163852193,104581,0.00000168,28093.00000000,0
1531163853736,1531163853732,104582,0.00000168,29794.00000000,1
1531163854288,1531163854284,104583,0.00000168,30100.00000000,1
1531163854837,1531163854829,104584,0.00000168,30100.00000000,1
1531163854928,1531163854922,104585,0.00000168,30100.00000000,1
1531163855794,1531163855792,104586,0.00000168,21477.00000000,1
1531163856037,1531163856030,104587,0.00000168,18072.00000000,1
1531163857575,1531163857570,104588,0.00000168,66964.00000000,1
1531163858427,1531163858420,104589,0.00000168,500.00000000,1
1531163858481,1531163858478,104590,0.00000168,18072.00000000,1
1531163858680,1531163858677,104591,0.00000168,188741.00000000,1
1531163860821,1531163860815,104592,0.00000168,18072.00000000,1
1531163861647,1531163861640,104593,0.00000168,100.00000000,1
1531163862596,1531163862589,104594,0.00000168,89233.00000000,1
1531163862716,1531163862710,104595,0.00000167,30674.00000000,1
1531163865771,1531163865765,104596,0.00000168,18072.00000000,0
1531163866025,1531163866022,104597,0.00000168,29794.00000000,1
1531163867657,1531163867652,104598,0.00000168,5532.00000000,1
1531163869119,1531163869116,104599,0.00000168,18072.00000000,1
1531163870362,1531163870359,104600,0.00000168,187726.00000000,1
1531163870610,1531163870604,104601,0.00000168,471.00000000,1
1531163870810,1531163870806,104602,0.00000167,900.00000000,1
1531163876548,1531163876542,104603,0.00000168,47866.00000000,0
1531163879463,1531163879440,104604,0.00000168,53594.00000000,1
1531163879543,1531163879536,104605,0.00000167,53460.00000000,1
1531163896684,1531163896679,104606,0.00000167,1514.00000000,1
1531163933017,1531163933012,104607,0.00000168,83046.00000000,0
1531163938456,1531163938453,104608,0.00000168,11294.00000000,0
1531163954359,1531163954357,104609,0.00000167,1183.00000000,1
1531163955840,1531163955833,104610,0.00000167,1183.00000000,1
1531163995795,1531163995790,104611,0.00000167,5979.00000000,1
1531163997471,1531163997468,104612,0.00000167,5964.00000000,1
1531163997888,1531163997885,104613,0.00000167,2845.00000000,1
1531164027020,1531164027015,104614,0.00000168,23500.00000000,0
1531164028092,1531164028086,104615,0.00000168,517.00000000,0
1531164036776,1531164036773,104616,0.00000168,598.00000000,0
1531164067874,1531164067866,104617,0.00000168,90395.00000000,0
1531164067874,1531164067866,104618,0.00000169,61762.00000000,0
1531164068046,1531164068041,104619,0.00000168,4227.00000000,1
1531164069146,1531164069142,104620,0.00000168,3691.00000000,1
1531164071174,1531164071170,104621,0.00000167,3681.00000000,1
1531164075092,1531164075087,104622,0.00000168,23837.00000000,0
1531164080938,1531164080932,104623,0.00000168,2286.00000000,0
1531164084487,1531164084483,104624,0.00000168,18072.00000000,1
1531164085776,1531164085770,104625,0.00000168,275.00000000,0
1531164086476,1531164086470,104626,0.00000167,34056.00000000,1
1531164090377,1531164090373,104627,0.00000168,17448.00000000,0
1531164095889,1531164095883,104628,0.00000168,31439.00000000,0
1531164098499,1531164098494,104629,0.00000168,50491.00000000,1
1531164099872,1531164099867,104630,0.00000168,18072.00000000,1
1531164100797,1531164100791,104631,0.00000168,100.00000000,1
1531164101174,1531164101169,104632,0.00000168,50223.00000000,1
1531164101852,1531164101845,104633,0.00000168,8797.00000000,1
1531164102102,1531164102097,104634,0.00000168,43000.00000000,1
1531164102265,1531164102260,104635,0.00000168,1237.00000000,1
1531164103219,1531164103212,104636,0.00000167,100.00000000,1
1531164103561,1531164103555,104637,0.00000168,16835.00000000,0
1531164104024,1531164104018,104638,0.00000168,10946.00000000,1
1531164116694,1531164116689,104639,0.00000168,598.00000000,0
1531164128172,1531164128166,104640,0.00000168,18270.00000000,0
1531164129208,1531164129201,104641,0.00000168,29811.00000000,1
1531164130203,1531164130199,104642,0.00000168,33272.00000000,1
1531164132097,1531164132091,104643,0.00000168,18072.00000000,1
1531164133199,1531164133195,104644,0.00000168,50223.00000000,1
1531164134498,1531164134494,104645,0.00000168,18072.00000000,1
1531164134797,1531164134793,104646,0.00000168,8384.00000000,1
1531164136967,1531164136961,104647,0.00000168,5857.00000000,1
1531164144714,1531164144707,104648,0.00000168,12817.00000000,0
1531164148998,1531164148992,104649,0.00000168,5490.00000000,0
1531164173740,1531164173736,104650,0.00000168,8592.00000000,0
1531164183457,1531164183451,104651,0.00000168,11906.00000000,0
1531164192798,1531164192792,104652,0.00000168,3821.00000000,0
1531164194250,1531164194244,104653,0.00000168,10221.00000000,1
1531164215514,1531164215510,104654,0.00000168,37002.00000000,0
1531164216789,1531164216783,104655,0.00000168,29793.00000000,1
1531164218337,1531164218332,104656,0.00000168,27395.00000000,1
1531164219221,1531164219215,104657,0.00000167,274.00000000,1
1531164241735,1531164241729,104658,0.00000168,23278.00000000,0
1531164272968,1531164272962,104659,0.00000168,16723.00000000,0
1531164274761,1531164274758,104660,0.00000168,5952.00000000,0
1531164279158,1531164279152,104661,0.00000168,1912.00000000,0
1531164280419,1531164280412,104662,0.00000168,24372.00000000,1
1531164281664,1531164281652,104663,0.00000168,5403.00000000,0
1531164281664,1531164281652,104664,0.00000169,172111.00000000,0
1531164282314,1531164282308,104665,0.00000168,129006.00000000,1
1531164285632,1531164285625,104666,0.00000168,18072.00000000,1
1531164286542,1531164286537,104667,0.00000168,21188.00000000,1
1531164287190,1531164287187,104668,0.00000168,17444.00000000,1
1531164287191,1531164287187,104669,0.00000167,14364.00000000,1
1531164287287,1531164287282,104670,0.00000167,10601.00000000,1
1531164287553,1531164287547,104671,0.00000167,17444.00000000,1
1531164293429,1531164293423,104672,0.00000168,23475.00000000,0
1531164294773,1531164294766,104673,0.00000168,29940.00000000,1
1531164295794,1531164295791,104674,0.00000168,66964.00000000,1
1531164297077,1531164297071,104675,0.00000168,18072.00000000,1
1531164297554,1531164297549,104676,0.00000169,595.00000000,0
1531164297683,1531164297677,104677,0.00000169,1189.00000000,0
1531164297898,1531164297893,104678,0.00000169,595.00000000,0
1531164298025,1531164298021,104679,0.00000168,1000.00000000,1
1531164298079,1531164298075,104680,0.00000169,595.00000000,0
1531164298265,1531164298262,104681,0.00000169,595.00000000,0
1531164298530,1531164298524,104682,0.00000169,1189.00000000,0
1531164298704,1531164298698,104683,0.00000168,33258.00000000,1
1531164299956,1531164299951,104684,0.00000168,596.00000000,1
1531164300450,1531164300449,104685,0.00000168,1191.00000000,0
1531164300824,1531164300819,104686,0.00000168,596.00000000,0
1531164301111,1531164301109,104687,0.00000168,595.00000000,0
1531164301125,1531164301121,104688,0.00000168,596.00000000,0
1531164301468,1531164301462,104689,0.00000168,596.00000000,0
1531164301637,1531164301631,104690,0.00000168,595.00000000,0
1531164302656,1531164302651,104691,0.00000168,592.00000000,0
1531164302673,1531164302668,104692,0.00000168,1.00000000,0
1531164303631,1531164303626,104693,0.00000168,1.00000000,0
1531164306992,1531164306987,104694,0.00000168,620.00000000,0
1531164313086,1531164313081,104695,0.00000168,3592.00000000,0
1531164314458,1531164314452,104696,0.00000167,21513.00000000,1
1531164318305,1531164318303,104697,0.00000167,5641.00000000,1
1531164321068,1531164321062,104698,0.00000168,2012.00000000,0
1531164333980,1531164333975,104699,0.00000168,1158.00000000,0
1531164347346,1531164347340,104700,0.00000168,4996.00000000,0
1531164358495,1531164358489,104701,0.00000168,598.00000000,0
1531164360149,1531164360143,104702,0.00000168,30379.00000000,0
1531164363701,1531164363695,104703,0.00000168,71167.00000000,0
1531164369358,1531164369353,104704,0.00000168,6030.00000000,0
1531164377498,1531164377492,104705,0.00000167,4560.00000000,1
1531164383433,1531164383429,104706,0.00000168,3351.00000000,0
1531164384941,1531164384935,104707,0.00000168,29940.00000000,1
1531164386596,1531164386591,104708,0.00000168,18072.00000000,1
1531164388709,1531164388705,104709,0.00000168,299401.00000000,1
1531164388903,1531164388899,104710,0.00000168,18072.00000000,1
1531164390041,1531164390036,104711,0.00000168,299401.00000000,1
1531164390574,1531164390568,104712,0.00000168,299401.00000000,1
1531164390668,1531164390665,104713,0.00000168,23715.00000000,1
1531164396601,1531164396595,104714,0.00000168,17839.00000000,0
1531164398922,1531164398916,104715,0.00000168,7557.00000000,0
1531164405862,1531164405857,104716,0.00000168,2461.00000000,0
1531164431269,1531164431268,104717,0.00000168,10061.00000000,1
1531164435329,1531164435328,104718,0.00000168,16230.00000000,1
1531164436273,1531164436267,104719,0.00000168,19700.00000000,1
1531164438304,1531164438298,104720,0.00000168,21360.00000000,1
1531164449151,1531164449150,104721,0.00000168,6135.00000000,1
1531164470581,1531164470575,104722,0.00000169,4435.00000000,0
1531164476701,1531164476695,104723,0.00000169,36360.00000000,0
1531164484955,1531164484949,104724,0.00000169,200.00000000,0
1531164485491,1531164485485,104725,0.00000169,8899.00000000,0
1531164496115,1531164496110,104726,0.00000169,16405.00000000,0
1531164497318,1531164497313,104727,0.00000169,5469.00000000,0
1531164501998,1531164501994,104728,0.00000168,2266.00000000,1
1531164513372,1531164513366,104729,0.00000168,59175.00000000,1
1531164514160,1531164514154,104730,0.00000168,29761.00000000,1
1531164515867,1531164515860,104731,0.00000168,1212.00000000,1
1531164516208,1531164516202,104732,0.00000169,14956.00000000,0
1531164521845,1531164521842,104733,0.00000167,6134.00000000,1
1531164522531,1531164522527,104734,0.00000167,6134.00000000,1
1531164522796,1531164522790,104735,0.00000167,6134.00000000,1
1531164522949,1531164522944,104736,0.00000167,6134.00000000,1
1531164549131,1531164549128,104737,0.00000168,1758.00000000,0
1531164551350,1531164551343,104738,0.00000168,5952.00000000,0
1531164554387,1531164554382,104739,0.00000168,5952.00000000,0
1531164560625,1531164560620,104740,0.00000168,598.00000000,0
1531164583762,1531164583756,104741,0.00000168,3812.00000000,0
1531164591975,1531164591975,104742,0.00000168,6645.00000000,1
1531164624209,1531164624204,104743,0.00000169,595.00000000,0
1531164627876,1531164627870,104744,0.00000168,4521.00000000,1
1531164633673,1531164633667,104745,0.00000169,4278.00000000,0
1531164640805,1531164640800,104746,0.00000169,3920.00000000,0
1531164648419,1531164648410,104747,0.00000169,499724.00000000,0
1531164648443,1531164648441,104748,0.00000169,65959.00000000,1
1531164648461,1531164648457,104749,0.00000169,18047.00000000,1
1531164648470,1531164648465,104750,0.00000169,4532.00000000,1
1531164648509,1531164648506,104751,0.00000169,17751.00000000,1
1531164651816,1531164651809,104752,0.00000169,17910.00000000,1
1531164654318,1531164654312,104753,0.00000169,17910.00000000,1
1531164655792,1531164655787,104754,0.00000169,73893.00000000,1
1531164656918,1531164656917,104755,0.00000169,17910.00000000,1
1531164658309,1531164658304,104756,0.00000170,28618.00000000,0
1531164659228,1531164659222,104757,0.00000169,99693.00000000,1
1531164659855,1531164659849,104758,0.00000169,3497.00000000,1
1531164663139,1531164663134,104759,0.00000169,591.00000000,0
1531164663307,1531164663303,104760,0.00000169,591.00000000,0
1531164663579,1531164663574,104761,0.00000169,591.00000000,0
1531164663790,1531164663786,104762,0.00000169,1.00000000,0
1531164663959,1531164663954,104763,0.00000169,1.00000000,0
1531164664224,1531164664217,104764,0.00000169,591.00000000,0
1531164665071,1531164665063,104765,0.00000169,1.00000000,0
1531164665681,1531164665674,104766,0.00000169,1.00000000,0
1531164667451,1531164667445,104767,0.00000168,3497.00000000,1
1531164680055,1531164680049,104768,0.00000169,753.00000000,0
1531164695181,1531164695175,104769,0.00000168,2395.00000000,1
1531164696364,1531164696360,104770,0.00000168,21852.00000000,1
1531164704539,1531164704534,104771,0.00000169,595.00000000,0
1531164724724,1531164724718,104772,0.00000168,1156.00000000,1
1531164753138,1531164753132,104773,0.00000169,560558.00000000,0
1531164760230,1531164760225,104774,0.00000169,2290.00000000,0
1531164765748,1531164765743,104775,0.00000169,9033.00000000,0
1531164767177,1531164767172,104776,0.00000169,1306.00000000,0
1531164770150,1531164770145,104777,0.00000169,128562.00000000,0
1531164786984,1531164786981,104778,0.00000169,688838.00000000,0
1531164791874,1531164791870,104779,0.00000169,8250.00000000,0
1531164798370,1531164798364,104780,0.00000169,35999.00000000,0
1531164817971,1531164817968,104781,0.00000169,11517.00000000,1
1531164841451,1531164841445,104782,0.00000169,4487.00000000,1
1531164849594,1531164849591,104783,0.00000169,2424.00000000,1
1531164852686,1531164852680,104784,0.00000169,15612.00000000,1
1531164859442,1531164859436,104785,0.00000169,17910.00000000,1
1531164863852,1531164863846,104786,0.00000169,694.00000000,1
1531164871421,1531164871415,104787,0.00000170,8682.00000000,0
1531164878055,1531164878049,104788,0.00000169,17910.00000000,1
1531164879761,1531164879758,104789,0.00000169,3243.00000000,1
1531164880990,1531164880990,104790,0.00000169,17910.00000000,1
1531164883440,1531164883434,104791,0.00000169,17910.00000000,1
1531164886395,1531164886390,104792,0.00000169,17910.00000000,1
1531164887260,1531164887255,104793,0.00000170,241.00000000,0
1531164889323,1531164889320,104794,0.00000169,17910.00000000,1
1531164891874,1531164891869,104795,0.00000169,4991.00000000,1
1531164897375,1531164897370,104796,0.00000170,180.00000000,0
1531164899363,1531164899356,104797,0.00000169,3920.00000000,1
1531164906308,1531164906302,104798,0.00000170,58.00000000,0
1531164907247,1531164907242,104799,0.00000169,17910.00000000,1
1531164912766,1531164912760,104800,0.00000169,2994.00000000,1
1531164914144,1531164914139,104801,0.00000170,1.00000000,0
1531164920020,1531164920016,104802,0.00000170,11690.00000000,0
1531164920950,1531164920945,104803,0.00000169,1924.00000000,1
1531164929218,1531164929211,104804,0.00000169,100000.00000000,1
1531164931557,1531164931552,104805,0.00000170,10836.00000000,0
1531164932882,1531164932875,104806,0.00000169,309060.00000000,1
1531164932969,1531164932962,104807,0.00000169,119042.00000000,1
1531164933470,1531164933464,104808,0.00000169,11234.00000000,0
1531164933555,1531164933550,104809,0.00000169,630.00000000,0
1531164934222,1531164934216,104810,0.00000169,30666.00000000,0
1531164939196,1531164939190,104811,0.00000168,6097.00000000,1
1531164939318,1531164939313,104812,0.00000168,6097.00000000,1
1531164939925,1531164939919,104813,0.00000168,6097.00000000,1
1531164940026,1531164940021,104814,0.00000168,6097.00000000,1
1531164940296,1531164940291,104815,0.00000168,6097.00000000,1
1531164940312,1531164940309,104816,0.00000168,6097.00000000,1
1531164940706,1531164940701,104817,0.00000168,6097.00000000,1
1531164940715,1531164940711,104818,0.00000168,6097.00000000,1
1531164940774,1531164940769,104819,0.00000168,6097.00000000,1
1531164941151,1531164941145,104820,0.00000168,6097.00000000,1
1531164961532,1531164961527,104821,0.00000168,7259.00000000,1
1531165046502,1531165046495,104822,0.00000169,20917.00000000,0
1531165058293,1531165058287,104823,0.00000169,27968.00000000,0
1531165061252,1531165061246,104824,0.00000169,5860.00000000,0
1531165105347,1531165105343,104825,0.00000169,595.00000000,0
1531165115781,1531165115776,104826,0.00000169,62621.00000000,0
1531165147089,1531165147082,104827,0.00000169,595.00000000,0
1531165153004,1531165152998,104828,0.00000169,25197.00000000,0
1531165161853,1531165161846,104829,0.00000169,4187.00000000,0
1531165173893,1531165173886,104830,0.00000169,23376.00000000,0
1531165207854,1531165207853,104831,0.00000169,1189.00000000,0
1531165215029,1531165215024,104832,0.00000169,76888.00000000,0
1531165218457,1531165218451,104833,0.00000169,31311.00000000,0
1531165225494,1531165225488,104834,0.00000169,2144.00000000,0
1531165227798,1531165227795,104835,0.00000169,35000.00000000,0
1531165240985,1531165240979,104836,0.00000169,115291.00000000,0
1531165256013,1531165256007,104837,0.00000169,285054.00000000,0
1531165260172,1531165260166,104838,0.00000168,500.00000000,1
1531165278867,1531165278862,104839,0.00000168,9.00000000,1
1531165279624,1531165279618,104840,0.00000169,2.00000000,0
1531165281456,1531165281453,104841,0.00000169,1.00000000,0
1531165287664,1531165287659,104842,0.00000169,595.00000000,0
1531165312769,1531165312763,104843,0.00000169,15572.00000000,0
1531165313295,1531165313290,104844,0.00000169,35064.00000000,0
1531165321194,1531165321192,104845,0.00000168,2024.00000000,1
1531165321403,1531165321397,104846,0.00000169,14440.00000000,0
1531165326187,1531165326182,104847,0.00000170,1.00000000,0
1531165328665,1531165328658,104848,0.00000170,7848.00000000,0
1531165379026,1531165379020,104849,0.00000170,10689.00000000,0
1531165400102,1531165400097,104850,0.00000169,5778.00000000,1
1531165401614,1531165401610,104851,0.00000169,10057.00000000,1
1531165404006,1531165404000,104852,0.00000169,955.00000000,1
1531165407037,1531165407031,104853,0.00000170,1.00000000,0
1531165425094,1531165425088,104854,0.00000170,14706.00000000,0
1531165447659,1531165447653,104855,0.00000170,2571.00000000,0
1531165452868,1531165452862,104856,0.00000170,58823.00000000,0
1531165473418,1531165473412,104857,0.00000170,4889.00000000,0
1531165504520,1531165504514,104858,0.00000170,34344.00000000,0
1531165506247,1531165506240,104859,0.00000169,698.00000000,1
1531165506247,1531165506240,104860,0.00000169,5455.00000000,1
1531165517171,1531165517166,104861,0.00000169,24560.00000000,1
1531165518693,1531165518687,104862,0.00000169,100852.00000000,1
1531165519389,1531165519382,104863,0.00000169,146485.00000000,1
1531165542124,1531165542118,104864,0.00000169,130933.00000000,1
1531165551029,1531165551023,104865,0.00000169,105857.00000000,1
1531165585250,1531165585245,104866,0.00000169,2199.00000000,0
1531165585767,1531165585761,104867,0.00000169,4000.00000000,0
1531165598832,1531165598827,104868,0.00000169,49059.00000000,0
1531165611033,1531165611028,104869,0.00000169,600.00000000,0
1531165625267,1531165625261,104870,0.00000169,1094.00000000,0
1531165635369,1531165635363,104871,0.00000169,660.00000000,0
1531165656420,1531165656416,104872,0.00000168,8488.00000000,1
1531165671668,1531165671657,104873,0.00000168,719603.00000000,1
1531165677294,1531165677289,104874,0.00000168,1092.00000000,1
1531165688205,1531165688199,104875,0.00000168,58943.00000000,1
1531165702466,1531165702460,104876,0.00000168,28589.00000000,1
1531165704909,1531165704904,104877,0.00000169,1938.00000000,0
1531165712950,1531165712944,104878,0.00000169,990.00000000,0
1531165726080,1531165726072,104879,0.00000168,81642.00000000,1
1531165743521,1531165743517,104880,0.00000168,22266.00000000,1
1531165758983,1531165758978,104881,0.00000168,7840.00000000,1
1531165764090,1531165764084,104882,0.00000168,33551.00000000,1
1531165766555,1531165766549,104883,0.00000168,1101.00000000,1
1531165770369,1531165770362,104884,0.00000168,30348.00000000,1
1531165782234,1531165782227,104885,0.00000168,9528.00000000,1
1531165786056,1531165786050,104886,0.00000168,5694.00000000,1
1531165792731,1531165792724,104887,0.00000168,118657.00000000,1
1531165834560,1531165834553,104888,0.00000168,128433.00000000,1
1531165843945,1531165843940,104889,0.00000168,67042.00000000,1
1531165847545,1531165847538,104890,0.00000168,80434.00000000,1
1531165850289,1531165850288,104891,0.00000167,3532.00000000,1
1531165850839,1531165850833,104892,0.00000167,3553.00000000,1
1531165851260,1531165851253,104893,0.00000167,829.00000000,1
1531165853107,1531165853100,104894,0.00000168,23387.00000000,0
1531165881235,1531165881232,104895,0.00000168,28218.00000000,0
1531165883337,1531165883332,104896,0.00000168,265649.00000000,0
1531165887739,1531165887730,104897,0.00000169,400000.00000000,0
1531165932544,1531165932538,104898,0.00000169,42656.00000000,0
1531165933356,1531165933320,104899,0.00000170,1631973.00000000,0
1531165933356,1531165933320,104900,0.00000171,1232664.00000000,0
1531165933356,1531165933320,104901,0.00000172,1147994.00000000,0
1531165933356,1531165933320,104902,0.00000173,760075.00000000,0
1531165933553,1531165933547,104903,0.00000170,2933.00000000,0
1531165933588,1531165933554,104904,0.00000170,8835.00000000,0
1531165933614,1531165933609,104905,0.00000170,3511.00000000,0
1531165933655,1531165933649,104906,0.00000170,3513.00000000,0
1531165933694,1531165933689,104907,0.00000170,3513.00000000,0
1531165933711,1531165933706,104908,0.00000170,3513.00000000,0
1531165933755,1531165933751,104909,0.00000170,6335.00000000,0
1531165933770,1531165933765,104910,0.00000170,4851.00000000,1
1531165933770,1531165933765,104911,0.00000170,704.00000000,1
1531165933802,1531165933797,104912,0.00000172,704.00000000,0
1531165933805,1531165933798,104913,0.00000170,4532.00000000,1
1531165933895,1531165933889,104914,0.00000170,3270.00000000,1
1531165933902,1531165933896,104915,0.00000170,880.00000000,1
1531165933941,1531165933936,104916,0.00000169,880.00000000,1
1531165934133,1531165934126,104917,0.00000170,707.00000000,0
1531165934194,1531165934188,104918,0.00000170,471.00000000,1
1531165934204,1531165934201,104919,0.00000171,728.00000000,0
1531165934320,1531165934314,104920,0.00000170,649.00000000,1
1531165934368,1531165934361,104921,0.00000170,5274.00000000,1
1531165934566,1531165934560,104922,0.00000171,689.00000000,0
1531165934633,1531165934627,104923,0.00000170,34277.00000000,1
1531165934981,1531165934976,104924,0.00000170,886.00000000,1
1531165935129,1531165935124,104925,0.00000170,3239.00000000,1
1531165937954,1531165937948,104926,0.00000171,9214.00000000,0
1531165939712,1531165939705,104927,0.00000171,3000.00000000,0
1531165945520,1531165945513,104928,0.00000171,3479.00000000,0
1531165946636,1531165946630,104929,0.00000170,6606.00000000,1
1531165947890,1531165947883,104930,0.00000171,5263.00000000,0
1531165951307,1531165951300,104931,0.00000171,440831.00000000,0
1531165951323,1531165951316,104932,0.00000171,135191.00000000,1
1531165951363,1531165951360,104933,0.00000171,13332.00000000,1
1531165951421,1531165951417,104934,0.00000171,13337.00000000,1
1531165951750,1531165951745,104935,0.00000171,13332.00000000,1
1531165952489,1531165952483,104936,0.00000171,1370.00000000,1
1531165952565,1531165952558,104937,0.00000171,10023.00000000,1
1531165952752,1531165952745,104938,0.00000171,78856.00000000,1
1531165953045,1531165953039,104939,0.00000170,14702.00000000,1
1531165953786,1531165953779,104940,0.00000171,1762.00000000,0
1531165954416,1531165954411,104941,0.00000171,1175.00000000,0
1531165955118,1531165955112,104942,0.00000171,588.00000000,0
1531165955760,1531165955756,104943,0.00000170,3511.00000000,1
1531165959300,1531165959294,104944,0.00000171,704.00000000,0
1531165959979,1531165959973,104945,0.00000171,220751.00000000,1
1531165960157,1531165960146,104946,0.00000172,127830.00000000,0
1531165960157,1531165960146,104947,0.00000173,176395.00000000,0
1531165960172,1531165960166,104948,0.00000173,115319.00000000,1
1531165960184,1531165960179,104949,0.00000173,6839.00000000,1
1531165960190,1531165960189,104950,0.00000173,1812.00000000,1
1531165960219,1531165960213,104951,0.00000173,2183.00000000,1
1531165960221,1531165960217,104952,0.00000173,3818.00000000,1
1531165960243,1531165960237,104953,0.00000173,12228.00000000,1
1531165960259,1531165960253,104954,0.00000173,6094.00000000,1
1531165960278,1531165960273,104955,0.00000173,57471.00000000,1
1531165960316,1531165960314,104956,0.00000173,6094.00000000,1
1531165960505,1531165960498,104957,0.00000173,49549.00000000,1
1531165960696,1531165960690,104958,0.00000173,17647.00000000,1
1531165961653,1531165961647,104959,0.00000173,2500.00000000,1
1531165962278,1531165962276,104960,0.00000173,17647.00000000,1
1531165962528,1531165962522,104961,0.00000173,4587.00000000,1
1531165962676,1531165962669,104962,0.00000173,4000.00000000,1
1531165963528,1531165963521,104963,0.00000174,33409.00000000,0
1531165963603,1531165963599,104964,0.00000173,17647.00000000,1
1531165964052,1531165964049,104965,0.00000173,9995.00000000,1
1531165964112,1531165964111,104966,0.00000173,100000.00000000,1
1531165964354,1531165964348,104967,0.00000173,20532.00000000,1
1531165964467,1531165964460,104968,0.00000173,57471.00000000,1
1531165965149,1531165965144,104969,0.00000173,2284.00000000,1
1531165965327,1531165965324,104970,0.00000173,274.00000000,1
1531165965344,1531165965339,104971,0.00000173,6219.00000000,1
1531165966018,1531165966013,104972,0.00000173,3000.00000000,1
1531165966098,1531165966093,104973,0.00000173,231213.00000000,1
1531165966125,1531165966124,104974,0.00000173,100000.00000000,1
1531165966195,1531165966189,104975,0.00000173,2729.00000000,1
1531165966299,1531165966293,104976,0.00000173,57471.00000000,1
1531165966813,1531165966807,104977,0.00000174,14368.00000000,0
1531165967182,1531165967176,104978,0.00000173,15273.00000000,1
1531165967358,1531165967352,104979,0.00000173,9500.00000000,1
1531165967460,1531165967451,104980,0.00000174,557751.00000000,0
1531165967719,1531165967713,104981,0.00000173,7506.00000000,1
1531165967861,1531165967855,104982,0.00000174,3329.00000000,0
1531165968008,1531165968001,104983,0.00000173,3000.00000000,1
1531165968073,1531165968067,104984,0.00000173,57471.00000000,1
1531165968116,1531165968111,104985,0.00000173,19941.00000000,1
1531165968189,1531165968184,104986,0.00000173,100000.00000000,1
1531165968768,1531165968765,104987,0.00000173,9500.00000000,1
1531165969280,1531165969277,104988,0.00000173,1470.00000000,1
1531165969356,1531165969351,104989,0.00000173,11042.00000000,1
1531165969481,1531165969476,104990,0.00000174,45.00000000,0
1531165969660,1531165969653,104991,0.00000174,189020.00000000,0
1531165969792,1531165969790,104992,0.00000174,3393.00000000,0
1531165969926,1531165969918,104993,0.00000173,57471.00000000,1
1531165970089,1531165970083,104994,0.00000173,100000.00000000,1
1531165970340,1531165970338,104995,0.00000174,96011.00000000,0
1531165970364,1531165970359,104996,0.00000174,98716.00000000,1
1531165970770,1531165970765,104997,0.00000174,2293.00000000,1
1531165970967,1531165970963,104998,0.00000175,4000.00000000,0
1531165971015,1531165971011,104999,0.00000174,997.00000000,1
1531165971249,1531165971248,105000,0.00000174,1470.00000000,1
1531165971612,1531165971603,105001,0.00000175,35325.00000000,0
1531165971739,1531165971738,105002,0.00000174,57142.00000000,1
1531165971919,1531165971915,105003,0.00000174,2495.00000000,1
1531165971941,1531165971935,105004,0.00000174,100000.00000000,1
1531165972433,1531165972427,105005,0.00000174,17360.00000000,1
1531165972553,1531165972547,105006,0.00000174,16000.00000000,1
1531165972878,1531165972871,105007,0.00000174,93697.00000000,1
1531165973495,1531165973488,105008,0.00000174,1470.00000000,1
1531165973556,1531165973547,105009,0.00000174,57142.00000000,1
1531165973557,1531165973552,105010,0.00000175,1669.00000000,0
1531165973696,1531165973689,105011,0.00000174,100000.00000000,1
1531165974640,1531165974636,105012,0.00000174,15598.00000000,1
1531165974897,1531165974892,105013,0.00000175,578.00000000,0
1531165975074,1531165975068,105014,0.00000174,13564.00000000,1
1531165975349,1531165975345,105015,0.00000174,100000.00000000,1
1531165975418,1531165975417,105016,0.00000174,57142.00000000,1
1531165975488,1531165975481,105017,0.00000174,100000.00000000,1
1531165975505,1531165975499,105018,0.00000174,1470.00000000,1
1531165975600,1531165975594,105019,0.00000175,578.00000000,0
1531165975604,1531165975598,105020,0.00000175,578.00000000,0
1531165975998,1531165975991,105021,0.00000175,578.00000000,0
1531165976758,1531165976752,105022,0.00000175,88096.00000000,0
1531165976906,1531165976900,105023,0.00000174,11063.00000000,1
1531165977063,1531165977059,105024,0.00000174,100000.00000000,1
1531165977093,1531165977087,105025,0.00000174,2513.00000000,1
1531165977125,1531165977118,105026,0.00000174,816.00000000,1
1531165977143,1531165977137,105027,0.00000174,57142.00000000,1
1531165977583,1531165977576,105028,0.00000174,7582.00000000,1
1531165977789,1531165977785,105029,0.00000174,1470.00000000,1
1531165978012,1531165978007,105030,0.00000174,13024.00000000,1
1531165978274,1531165978269,105031,0.00000174,40693.00000000,1
1531165978442,1531165978438,105032,0.00000174,3431.00000000,1
1531165978896,1531165978891,105033,0.00000174,42299.00000000,1
1531165978929,1531165978924,105034,0.00000174,45535.00000000,1
1531165979241,1531165979234,105035,0.00000174,54465.00000000,0
1531165979241,1531165979234,105036,0.00000175,14973.00000000,0
1531165979502,1531165979495,105037,0.00000175,1143.00000000,0
1531165980170,1531165980162,105038,0.00000175,92529.00000000,0
1531165980359,1531165980354,105039,0.00000173,1470.00000000,1
1531165980603,1531165980597,105040,0.00000174,1150.00000000,1
1531165980604,1531165980600,105041,0.00000173,57142.00000000,1
1531165980624,1531165980618,105042,0.00000173,713.00000000,1
1531165980630,1531165980627,105043,0.00000173,3105.00000000,1
1531165980767,1531165980761,105044,0.00000173,100000.00000000,1
1531165981397,1531165981392,105045,0.00000173,6205.00000000,1
1531165981457,1531165981451,105046,0.00000175,983.00000000,0
1531165982333,1531165982327,105047,0.00000173,57142.00000000,1
1531165982888,1531165982883,105048,0.00000173,26105.00000000,1
1531165984189,1531165984183,105049,0.00000173,57142.00000000,1
1531165984313,1531165984306,105050,0.00000173,1461.00000000,1
1531165984737,1531165984731,105051,0.00000173,100000.00000000,1
1531165985103,1531165985099,105052,0.00000173,9317.00000000,1
1531165985108,1531165985101,105053,0.00000173,15825.00000000,1
1531165985547,1531165985540,105054,0.00000173,17928.00000000,1
1531165986038,1531165986032,105055,0.00000173,57471.00000000,1
1531165986736,1531165986730,105056,0.00000173,81000.00000000,1
1531165986882,1531165986878,105057,0.00000173,1470.00000000,1
1531165987032,1531165987027,105058,0.00000173,11695.00000000,1
1531165987769,1531165987763,105059,0.00000172,6664.00000000,1
1531165990028,1531165990019,105060,0.00000172,57803.00000000,1
1531165991003,1531165990996,105061,0.00000173,1111.00000000,0
1531165991438,1531165991431,105062,0.00000172,1143.00000000,1
1531165991511,1531165991506,105063,0.00000172,100000.00000000,1
1531165993499,1531165993494,105064,0.00000172,100000.00000000,1
1531165993611,1531165993604,105065,0.00000173,28622.00000000,0
1531165993630,1531165993624,105066,0.00000173,2371.00000000,1
1531165993636,1531165993631,105067,0.00000173,34434.00000000,1
1531165993663,1531165993661,105068,0.00000173,714.00000000,1
1531165993729,1531165993722,105069,0.00000173,46541.00000000,1
1531165994230,1531165994224,105070,0.00000173,1825.00000000,0
1531165994358,1531165994353,105071,0.00000172,57803.00000000,1
1531165994650,1531165994646,105072,0.00000173,1732.00000000,0
1531165995026,1531165995019,105073,0.00000173,1155.00000000,0
1531165995052,1531165995048,105074,0.00000173,578.00000000,0
1531165995184,1531165995180,105075,0.00000173,1155.00000000,0
1531165995272,1531165995269,105076,0.00000173,2309.00000000,0
1531165995631,1531165995626,105077,0.00000173,578.00000000,0
1531165995642,1531165995638,105078,0.00000173,578.00000000,0
1531165995708,1531165995704,105079,0.00000173,1.00000000,0
1531165996227,1531165996221,105080,0.00000172,57803.00000000,1
1531165996717,1531165996710,105081,0.00000173,1.00000000,0
1531165996720,1531165996714,105082,0.00000173,1.00000000,0
1531165997930,1531165997924,105083,0.00000172,4193.00000000,1
1531165997967,1531165997960,105084,0.00000173,4848.00000000,0
1531165997986,1531165997980,105085,0.00000173,8939.00000000,1
1531165997986,1531165997980,105086,0.00000172,43178.00000000,1
1531165998095,1531165998090,105087,0.00000172,38618.00000000,1
1531165998682,1531165998677,105088,0.00000172,38618.00000000,1
1531165999300,1531165999295,105089,0.00000173,2523.00000000,1
1531165999300,1531165999295,105090,0.00000172,36095.00000000,1
1531165999344,1531165999343,105091,0.00000172,38618.00000000,1
1531166000368,1531166000362,105092,0.00000172,983.00000000,1
1531166003050,1531166003045,105093,0.00000173,57471.00000000,0
1531166003372,1531166003369,105094,0.00000173,4861.00000000,1
1531166003907,1531166003902,105095,0.00000172,17500.00000000,1
1531166004222,1531166004216,105096,0.00000172,474251.00000000,1
1531166007841,1531166007837,105097,0.00000173,7647.00000000,1
1531166008497,1531166008486,105098,0.00000174,57803.00000000,0
1531166009696,1531166009691,105099,0.00000173,678.00000000,1
1531166009820,1531166009815,105100,0.00000173,9880.00000000,0
1531166010767,1531166010761,105101,0.00000173,57.00000000,0
1531166011484,1531166011478,105102,0.00000172,1669.00000000,1
1531166011664,1531166011658,105103,0.00000172,9026.00000000,1
1531166011855,1531166011850,105104,0.00000172,4947.00000000,1
1531166012545,1531166012539,105105,0.00000172,1170.00000000,1
1531166014430,1531166014423,105106,0.00000173,1157.00000000,0
1531166014718,1531166014714,105107,0.00000172,8982.00000000,1
1531166014839,1531166014833,105108,0.00000173,6773.00000000,0
1531166015565,1531166015559,105109,0.00000172,1170.00000000,1
1531166015582,1531166015577,105110,0.00000172,536.00000000,1
1531166016086,1531166016080,105111,0.00000173,38926.00000000,0
1531166016777,1531166016771,105112,0.00000173,57471.00000000,1
1531166017180,1531166017175,105113,0.00000173,13.00000000,1
1531166017885,1531166017882,105114,0.00000173,3985.00000000,1
1531166019097,1531166019093,105115,0.00000174,1415.00000000,0
1531166020436,1531166020435,105116,0.00000173,22934.00000000,1
1531166021873,1531166021867,105117,0.00000172,11976.00000000,1
1531166026501,1531166026495,105118,0.00000173,30272.00000000,0
1531166027383,1531166027381,105119,0.00000173,1161.00000000,0
1531166028382,1531166028378,105120,0.00000172,4603.00000000,1
1531166031859,1531166031852,105121,0.00000173,18884.00000000,0
1531166033846,1531166033842,105122,0.00000172,1000.00000000,1
1531166036598,1531166036591,105123,0.00000172,25704.00000000,1
1531166039118,1531166039112,105124,0.00000173,8804.00000000,0
1531166039292,1531166039285,105125,0.00000173,57471.00000000,1
1531166042654,1531166042646,105126,0.00000173,100000.00000000,1
1531166043761,1531166043759,105127,0.00000173,57471.00000000,1
1531166044766,1531166044760,105128,0.00000173,100000.00000000,1
1531166045598,1531166045597,105129,0.00000173,57471.00000000,1
1531166047121,1531166047119,105130,0.00000173,1815.00000000,1
1531166048344,1531166048339,105131,0.00000173,16388.00000000,1
1531166049139,1531166049134,105132,0.00000173,1461.00000000,1
1531166050227,1531166050223,105133,0.00000173,57471.00000000,1
1531166050882,1531166050878,105134,0.00000173,4252.00000000,1
1531166052439,1531166052433,105135,0.00000173,57471.00000000,0
1531166052929,1531166052924,105136,0.00000173,100000.00000000,1
1531166054869,1531166054863,105137,0.00000173,5779.00000000,1
1531166055662,1531166055659,105138,0.00000173,15056.00000000,1
1531166058526,1531166058520,105139,0.00000172,67956.00000000,1
1531166058950,1531166058944,105140,0.00000173,75638.00000000,0
1531166059323,1531166059317,105141,0.00000173,3550.00000000,1
1531166064597,1531166064591,105142,0.00000173,600.00000000,0
1531166066999,1531166066994,105143,0.00000173,10434.00000000,0
1531166068323,1531166068316,105144,0.00000172,70478.00000000,1
1531166069035,1531166069030,105145,0.00000172,4736.00000000,1
1531166069675,1531166069669,105146,0.00000173,39903.00000000,0
1531166073463,1531166073454,105147,0.00000172,148525.00000000,1
1531166074005,1531166073998,105148,0.00000173,7967.00000000,0
1531166074534,1531166074528,105149,0.00000172,18894.00000000,1
1531166074559,1531166074552,105150,0.00000173,10010.00000000,0
1531166074730,1531166074724,105151,0.00000173,977.00000000,0
1531166075236,1531166075231,105152,0.00000173,581.00000000,0
1531166075689,1531166075684,105153,0.00000173,16425.00000000,0
1531166077037,1531166077032,105154,0.00000173,579.00000000,0
1531166078712,1531166078706,105155,0.00000173,4106.00000000,0
1531166078885,1531166078878,105156,0.00000172,232558.00000000,1
1531166079081,1531166079074,105157,0.00000173,40707.00000000,0
1531166080913,1531166080908,105158,0.00000173,49498.00000000,1
1531166083115,1531166083110,105159,0.00000172,6172.00000000,1
1531166083817,1531166083813,105160,0.00000172,4242.00000000,1
1531166084204,1531166084199,105161,0.00000172,3012.00000000,1
1531166088114,1531166088108,105162,0.00000173,57471.00000000,0
1531166088471,1531166088466,105163,0.00000173,57471.00000000,1
1531166088673,1531166088670,105164,0.00000173,100000.00000000,1
1531166090114,1531166090107,105165,0.00000173,100000.00000000,1
1531166092214,1531166092207,105166,0.00000173,25701.00000000,1
1531166095648,1531166095643,105167,0.00000173,578.00000000,0
1531166096280,1531166096274,105168,0.00000173,1.00000000,0
1531166096949,1531166096944,105169,0.00000173,56892.00000000,0
1531166099241,1531166099239,105170,0.00000173,579.00000000,1
1531166101299,1531166101293,105171,0.00000173,3415.00000000,0
1531166103920,1531166103914,105172,0.00000173,20349.00000000,0
1531166108039,1531166108033,105173,0.00000172,120347.00000000,1
1531166109134,1531166109128,105174,0.00000173,16.00000000,0
1531166113563,1531166113558,105175,0.00000172,10000.00000000,1
1531166113636,1531166113629,105176,0.00000173,5218.00000000,0
1531166115525,1531166115518,105177,0.00000173,193969.00000000,0
1531166116900,1531166116894,105178,0.00000173,6939.00000000,0
1531166118206,1531166118200,105179,0.00000173,9394.00000000,1
1531166118453,1531166118446,105180,0.00000173,89115.00000000,1
1531166119398,1531166119392,105181,0.00000172,508.00000000,1
1531166123968,1531166123962,105182,0.00000173,6457.00000000,0
1531166125173,1531166125166,105183,0.00000173,52731.00000000,0
1531166126195,1531166126190,105184,0.00000173,57471.00000000,1
1531166126242,1531166126236,105185,0.00000173,95495.00000000,1
1531166127536,1531166127530,105186,0.00000172,25951.00000000,1
1531166128325,1531166128318,105187,0.00000173,36852.00000000,0
1531166129220,1531166129214,105188,0.00000172,1103.00000000,1
1531166129461,1531166129457,105189,0.00000173,5404.00000000,0
1531166130895,1531166130890,105190,0.00000173,58005.00000000,0
1531166131759,1531166131754,105191,0.00000173,705.00000000,0
1531166133069,1531166133062,105192,0.00000173,95756.00000000,0
1531166146688,1531166146685,105193,0.00000172,1502.00000000,1
1531166148081,1531166148075,105194,0.00000173,56378.00000000,0
1531166148129,1531166148123,105195,0.00000173,26032.00000000,1
1531166148540,1531166148533,105196,0.00000173,57471.00000000,1
1531166148587,1531166148581,105197,0.00000173,62076.00000000,1
1531166154546,1531166154540,105198,0.00000173,742.00000000,0
1531166154825,1531166154819,105199,0.00000173,24284.00000000,0
1531166154880,1531166154875,105200,0.00000173,51701.00000000,0
1531166155061,1531166155056,105201,0.00000173,57471.00000000,1
1531166159108,1531166159101,105202,0.00000174,259.00000000,0
1531166160510,1531166160504,105203,0.00000173,7865.00000000,1
1531166161088,1531166161082,105204,0.00000174,84.00000000,0
1531166162229,1531166162223,105205,0.00000173,57471.00000000,1
1531166162683,1531166162678,105206,0.00000173,62000.00000000,1
1531166163675,1531166163667,105207,0.00000173,34730.00000000,1
1531166165544,1531166165538,105208,0.00000173,9615.00000000,0
1531166169910,1531166169904,105209,0.00000173,24688.00000000,0
1531166170484,1531166170479,105210,0.00000172,5000.00000000,1
1531166171239,1531166171233,105211,0.00000173,18545.00000000,0
1531166173069,1531166173065,105212,0.00000173,2983.00000000,0
1531166174675,1531166174669,105213,0.00000173,8233.00000000,0
1531166175242,1531166175236,105214,0.00000173,8615.00000000,0
1531166190480,1531166190478,105215,0.00000173,57471.00000000,1
1531166192104,1531166192098,105216,0.00000173,38906.00000000,1
1531166194858,1531166194851,105217,0.00000173,57471.00000000,1
1531166196189,1531166196182,105218,0.00000173,100000.00000000,1
1531166196720,1531166196714,105219,0.00000173,57471.00000000,1
1531166196745,1531166196739,105220,0.00000174,578.00000000,0
1531166198565,1531166198561,105221,0.00000173,57471.00000000,1
1531166198820,1531166198815,105222,0.00000173,47147.00000000,1
1531166208420,1531166208416,105223,0.00000172,23874.00000000,1
1531166212207,1531166212201,105224,0.00000172,343.00000000,1
1531166213055,1531166213049,105225,0.00000173,7913.00000000,0
1531166213994,1531166213988,105226,0.00000173,2577.00000000,0
1531166216699,1531166216693,105227,0.00000173,19971.00000000,0
1531166219388,1531166219382,105228,0.00000173,924.00000000,0
1531166221813,1531166221806,105229,0.00000173,877.00000000,0
1531166225661,1531166225655,105230,0.00000172,1197.00000000,1
1531166231834,1531166231828,105231,0.00000172,30674.00000000,1
1531166234871,1531166234864,105232,0.00000172,6457.00000000,1
1531166236978,1531166236973,105233,0.00000172,10263.00000000,1
1531166244226,1531166244219,105234,0.00000173,114885.00000000,0
1531166247273,1531166247267,105235,0.00000173,98620.00000000,0
1531166247438,1531166247432,105236,0.00000173,13032.00000000,0
1531166248873,1531166248867,105237,0.00000174,12739.00000000,0
1531166249297,1531166249291,105238,0.00000173,26492.00000000,1
1531166249634,1531166249627,105239,0.00000174,98.00000000,0
1531166252781,1531166252774,105240,0.00000174,16071.00000000,0
1531166253707,1531166253705,105241,0.00000173,680.00000000,1
1531166254181,1531166254177,105242,0.00000172,8850.00000000,1
1531166255125,1531166255119,105243,0.00000173,23900.00000000,0
1531166259303,1531166259298,105244,0.00000173,13086.00000000,0
1531166263150,1531166263148,105245,0.00000173,1724.00000000,0
1531166267474,1531166267472,105246,0.00000173,3421.00000000,0
1531166268678,1531166268672,105247,0.00000173,14660.00000000,0
1531166270592,1531166270588,105248,0.00000173,13272.00000000,1
1531166277003,1531166276996,105249,0.00000173,581.00000000,0
1531166277417,1531166277414,105250,0.00000173,581.00000000,0
1531166277788,1531166277782,105251,0.00000173,581.00000000,0
1531166278709,1531166278703,105252,0.00000173,336.00000000,0
1531166279309,1531166279303,105253,0.00000173,55392.00000000,0
1531166280660,1531166280634,105254,0.00000174,353408.00000000,0
1531166280660,1531166280634,105255,0.00000175,673910.00000000,0
1531166280660,1531166280634,105256,0.00000176,1014528.00000000,0
1531166280679,1531166280673,105257,0.00000176,280124.00000000,1
1531166280696,1531166280692,105258,0.00000176,2267.00000000,1
1531166280752,1531166280747,105259,0.00000176,30000.00000000,1
1531166280830,1531166280824,105260,0.00000176,26569.00000000,1
1531166280982,1531166280976,105261,0.00000177,30000.00000000,0
1531166281467,1531166281464,105262,0.00000176,35325.00000000,1
1531166281501,1531166281495,105263,0.00000176,56497.00000000,1
1531166282294,1531166282289,105264,0.00000177,1088.00000000,0
1531166283135,1531166283131,105265,0.00000176,3433.00000000,1
1531166283904,1531166283898,105266,0.00000177,2820.00000000,0
1531166284104,1531166284099,105267,0.00000176,8595.00000000,1
1531166284219,1531166284214,105268,0.00000176,100000.00000000,1
1531166284631,1531166284624,105269,0.00000176,56497.00000000,1
1531166284654,1531166284648,105270,0.00000176,74915.00000000,1
1531166285817,1531166285811,105271,0.00000176,60495.00000000,1
1531166285817,1531166285811,105272,0.00000175,39505.00000000,1
1531166286045,1531166286038,105273,0.00000175,11808.00000000,1
1531166286448,1531166286439,105274,0.00000175,56818.00000000,1
1531166287290,1531166287277,105275,0.00000175,54457.00000000,1
1531166287290,1531166287277,105276,0.00000174,45543.00000000,1
1531166287484,1531166287482,105277,0.00000175,3146.00000000,0
1531166287660,1531166287659,105278,0.00000175,2833.00000000,0
1531166288078,1531166288072,105279,0.00000175,907.00000000,0
1531166288302,1531166288291,105280,0.00000174,57142.00000000,1
1531166290105,1531166290099,105281,0.00000174,16099.00000000,1
1531166290105,1531166290099,105282,0.00000173,83901.00000000,1
1531166290159,1531166290152,105283,0.00000174,683.00000000,0
1531166290160,1531166290153,105284,0.00000174,16099.00000000,0
1531166290176,1531166290171,105285,0.00000175,683.00000000,0
1531166290573,1531166290572,105286,0.00000174,1720.00000000,1
1531166291032,1531166291026,105287,0.00000174,1094.00000000,1
1531166292059,1531166292052,105288,0.00000174,46100.00000000,1
1531166292059,1531166292052,105289,0.00000173,53900.00000000,1
1531166292508,1531166292507,105290,0.00000173,1088.00000000,1
1531166293796,1531166293792,105291,0.00000173,3370.00000000,1
1531166293807,1531166293802,105292,0.00000173,100000.00000000,1
1531166293894,1531166293887,105293,0.00000173,25642.00000000,1
1531166293924,1531166293917,105294,0.00000173,3411.00000000,1
1531166293956,1531166293950,105295,0.00000174,1256.00000000,0
1531166293987,1531166293980,105296,0.00000173,10865.00000000,1
1531166294371,1531166294365,105297,0.00000173,3411.00000000,1
1531166294565,1531166294560,105298,0.00000173,3280.00000000,1
1531166294777,1531166294772,105299,0.00000173,2325.00000000,1
1531166295030,1531166295025,105300,0.00000173,3164.00000000,1
1531166295081,1531166295079,105301,0.00000173,3164.00000000,1
1531166295330,1531166295324,105302,0.00000173,2860.00000000,1
1531166295344,1531166295339,105303,0.00000173,1347.00000000,1
1531166296164,1531166296160,105304,0.00000174,31986.00000000,0
1531166297232,1531166297227,105305,0.00000173,57471.00000000,1
1531166297500,1531166297495,105306,0.00000174,693.00000000,0
1531166297505,1531166297498,105307,0.00000174,78788.00000000,0
1531166297688,1531166297684,105308,0.00000175,1155.00000000,0
1531166297699,1531166297695,105309,0.00000174,10057.00000000,1
1531166297755,1531166297749,105310,0.00000175,1155.00000000,0
1531166297766,1531166297759,105311,0.00000175,1155.00000000,0
1531166297953,1531166297952,105312,0.00000175,1732.00000000,0
1531166297975,1531166297973,105313,0.00000175,1155.00000000,0
1531166298194,1531166298190,105314,0.00000175,578.00000000,0
1531166298224,1531166298218,105315,0.00000175,2309.00000000,0
1531166298538,1531166298532,105316,0.00000175,578.00000000,0
1531166298709,1531166298706,105317,0.00000174,3146.00000000,1
1531166298746,1531166298740,105318,0.00000174,3146.00000000,1
1531166298836,1531166298829,105319,0.00000174,57142.00000000,1
1531166298855,1531166298850,105320,0.00000174,42014.00000000,1
1531166299060,1531166299054,105321,0.00000174,3146.00000000,1
1531166299522,1531166299516,105322,0.00000174,2860.00000000,1
1531166299568,1531166299563,105323,0.00000174,2006.00000000,1
1531166299824,1531166299823,105324,0.00000174,24700.00000000,1
1531166299903,1531166299897,105325,0.00000174,734.00000000,1
1531166300033,1531166300022,105326,0.00000175,40951.00000000,0
1531166300033,1531166300022,105327,0.00000176,52276.00000000,0
1531166300347,1531166300345,105328,0.00000175,650.00000000,1
1531166300347,1531166300345,105329,0.00000174,2822.00000000,1
1531166300789,1531166300783,105330,0.00000174,3431.00000000,1
1531166301772,1531166301768,105331,0.00000174,56818.00000000,1
1531166302845,1531166302840,105332,0.00000175,55740.00000000,1
1531166302966,1531166302960,105333,0.00000176,22680.00000000,0
1531166303641,1531166303632,105334,0.00000174,56818.00000000,1
1531166303905,1531166303898,105335,0.00000175,659.00000000,0
1531166303905,1531166303898,105336,0.00000176,6557.00000000,0
1531166305517,1531166305510,105337,0.00000174,57142.00000000,1
1531166306137,1531166306131,105338,0.00000174,456.00000000,1
1531166307390,1531166307386,105339,0.00000174,42201.00000000,1
1531166308585,1531166308578,105340,0.00000175,8106.00000000,0
1531166308893,1531166308887,105341,0.00000175,13443.00000000,1
1531166308992,1531166308986,105342,0.00000175,17464.00000000,1
1531166309116,1531166309113,105343,0.00000175,42201.00000000,1
1531166310850,1531166310843,105344,0.00000175,56818.00000000,1
1531166312027,1531166312021,105345,0.00000175,1748.00000000,1
1531166312380,1531166312376,105346,0.00000175,3432.00000000,1
1531166312622,1531166312617,105347,0.00000175,8336.00000000,1
1531166313195,1531166313189,105348,0.00000175,6173.00000000,1
1531166313269,1531166313263,105349,0.00000175,1487.00000000,1
1531166313641,1531166313635,105350,0.00000175,25782.00000000,1
1531166314771,1531166314767,105351,0.00000175,1209.00000000,0
1531166315750,1531166315746,105352,0.00000175,125381.00000000,0
1531166315908,1531166315902,105353,0.00000175,19279.00000000,1
1531166317220,1531166317214,105354,0.00000176,1148.00000000,0
1531166317708,1531166317701,105355,0.00000175,25364.00000000,1
1531166317866,1531166317861,105356,0.00000176,2220.00000000,0
1531166318225,1531166318218,105357,0.00000176,574.00000000,0
1531166319259,1531166319252,105358,0.00000176,84060.00000000,0
1531166319846,1531166319840,105359,0.00000175,939.00000000,1
1531166319935,1531166319928,105360,0.00000176,5000.00000000,0
1531166320235,1531166320228,105361,0.00000176,20997.00000000,0
1531166320567,1531166320561,105362,0.00000175,2339.00000000,1
1531166321250,1531166321248,105363,0.00000176,12058.00000000,0
1531166322112,1531166322105,105364,0.00000175,617.00000000,1
1531166322717,1531166322714,105365,0.00000176,14205.00000000,0
1531166323110,1531166323090,105366,0.00000176,354918.00000000,0
1531166323110,1531166323090,105367,0.00000177,879204.00000000,0
1531166323131,1531166323126,105368,0.00000177,30885.00000000,1
1531166323132,1531166323126,105369,0.00000177,43812.00000000,1
1531166323138,1531166323133,105370,0.00000177,3173.00000000,1
1531166323185,1531166323179,105371,0.00000177,16949.00000000,1
1531166323870,1531166323863,105372,0.00000177,30884.00000000,1
1531166324559,1531166324553,105373,0.00000177,676.00000000,1
1531166324791,1531166324785,105374,0.00000177,300.00000000,1
1531166326499,1531166326492,105375,0.00000177,785136.00000000,1
1531166328146,1531166328140,105376,0.00000176,3004.00000000,1
1531166328484,1531166328479,105377,0.00000177,369.00000000,0
1531166328908,1531166328900,105378,0.00000176,17258.00000000,1
1531166330230,1531166330224,105379,0.00000176,906.00000000,1
1531166331439,1531166331433,105380,0.00000177,14179.00000000,0
1531166332702,1531166332695,105381,0.00000177,7596.00000000,1
1531166333025,1531166333020,105382,0.00000177,32862.00000000,1
1531166333203,1531166333199,105383,0.00000177,1150.00000000,1
1531166333414,1531166333410,105384,0.00000177,3375.00000000,1
1531166333684,1531166333681,105385,0.00000177,579.00000000,1
1531166333692,1531166333684,105386,0.00000178,15477.00000000,0
1531166333713,1531166333705,105387,0.00000177,3404.00000000,1
1531166333761,1531166333755,105388,0.00000177,572.00000000,1
1531166334012,1531166334006,105389,0.00000177,1143.00000000,1
1531166334132,1531166334131,105390,0.00000177,1150.00000000,1
1531166334846,1531166334840,105391,0.00000177,572.00000000,1
1531166336363,1531166336358,105392,0.00000178,3804.00000000,0
1531166337930,1531166337924,105393,0.00000178,1239.00000000,0
1531166338082,1531166338081,105394,0.00000178,1693.00000000,0
1531166338340,1531166338334,105395,0.00000178,565.00000000,0
1531166339320,1531166339314,105396,0.00000177,17258.00000000,1
1531166339485,1531166339478,105397,0.00000178,35291.00000000,0
1531166341896,1531166341893,105398,0.00000178,18924.00000000,0
1531166342686,1531166342678,105399,0.00000178,34806.00000000,0
1531166343684,1531166343677,105400,0.00000178,39960.00000000,0
1531166345430,1531166345423,105401,0.00000178,27296.00000000,0
1531166348251,1531166348245,105402,0.00000178,15640.00000000,0
1531166349239,1531166349232,105403,0.00000178,3000.00000000,0
1531166349261,1531166349258,105404,0.00000177,17058.00000000,1
1531166350361,1531166350355,105405,0.00000178,8432.00000000,0
1531166350702,1531166350694,105406,0.00000178,565.00000000,0
1531166352684,1531166352679,105407,0.00000178,56936.00000000,0
1531166352738,1531166352732,105408,0.00000178,34441.00000000,0
1531166353558,1531166353557,105409,0.00000178,8667.00000000,0
1531166353867,1531166353861,105410,0.00000178,11520.00000000,0
1531166354089,1531166354083,105411,0.00000178,18978.00000000,0
1531166355511,1531166355504,105412,0.00000177,27781.00000000,1
1531166355689,1531166355680,105413,0.00000178,283091.00000000,0
1531166356463,1531166356457,105414,0.00000177,200.00000000,1
1531166356645,1531166356639,105415,0.00000178,5089.00000000,0
1531166357139,1531166357133,105416,0.00000177,977.00000000,1
1531166357429,1531166357424,105417,0.00000178,1129.00000000,0
1531166357472,1531166357466,105418,0.00000178,1129.00000000,0
1531166357499,1531166357495,105419,0.00000178,565.00000000,0
1531166357817,1531166357812,105420,0.00000178,1129.00000000,0
1531166357994,1531166357988,105421,0.00000178,565.00000000,0
1531166358125,1531166358120,105422,0.00000178,565.00000000,0
1531166358255,1531166358248,105423,0.00000178,1129.00000000,0
1531166358354,1531166358347,105424,0.00000178,565.00000000,0
1531166358411,1531166358404,105425,0.00000178,565.00000000,0
1531166358542,1531166358535,105426,0.00000178,565.00000000,0
1531166359013,1531166359006,105427,0.00000177,233599.00000000,1
1531166359098,1531166359091,105428,0.00000177,14395.00000000,1
1531166359098,1531166359091,105429,0.00000176,2663.00000000,1
1531166359099,1531166359091,105430,0.00000176,1176.00000000,1
1531166359247,1531166359242,105431,0.00000177,641.00000000,0
1531166359829,1531166359824,105432,0.00000178,1124.00000000,0
1531166360540,1531166360533,105433,0.00000178,2947.00000000,0
1531166360666,1531166360659,105434,0.00000178,125983.00000000,0
1531166360674,1531166360673,105435,0.00000178,2097.00000000,1
1531166360676,1531166360673,105436,0.00000178,11920.00000000,1
1531166360691,1531166360683,105437,0.00000177,2097.00000000,1
1531166360696,1531166360692,105438,0.00000177,1286.00000000,1
1531166360696,1531166360692,105439,0.00000176,12731.00000000,1
1531166361456,1531166361450,105440,0.00000177,2468.00000000,1
1531166361591,1531166361585,105441,0.00000177,2477.00000000,1
1531166361736,1531166361730,105442,0.00000177,821.00000000,1
1531166362168,1531166362161,105443,0.00000177,151850.00000000,1
1531166362443,1531166362437,105444,0.00000177,565.00000000,0
1531166362967,1531166362961,105445,0.00000176,19626.00000000,1
1531166362979,1531166362972,105446,0.00000176,28908.00000000,0
1531166363005,1531166363000,105447,0.00000176,28908.00000000,0
1531166363006,1531166363001,105448,0.00000176,19626.00000000,0
1531166363210,1531166363204,105449,0.00000177,36524.00000000,0
1531166363650,1531166363644,105450,0.00000177,4776.00000000,0
1531166363790,1531166363784,105451,0.00000177,12920.00000000,0
1531166364244,1531166364237,105452,0.00000177,45919.00000000,0
1531166366065,1531166366060,105453,0.00000176,645.00000000,1
1531166366065,1531166366060,105454,0.00000175,52.00000000,1
1531166366668,1531166366661,105455,0.00000176,2221.00000000,1
1531166368574,1531166368567,105456,0.00000177,12958.00000000,0
1531166368608,1531166368605,105457,0.00000177,23300.00000000,1
1531166368666,1531166368660,105458,0.00000177,3991.00000000,1
1531166370360,1531166370356,105459,0.00000177,17058.00000000,1
1531166371378,1531166371372,105460,0.00000178,16052.00000000,0
1531166371945,1531166371944,105461,0.00000177,244.00000000,1
1531166372796,1531166372791,105462,0.00000177,1992.00000000,1
1531166374409,1531166374402,105463,0.00000178,23610.00000000,0
1531166374918,1531166374912,105464,0.00000177,136894.00000000,1
1531166375809,1531166375802,105465,0.00000177,13462.00000000,1
1531166376313,1531166376308,105466,0.00000177,2221.00000000,1
1531166377495,1531166377488,105467,0.00000178,1200.00000000,0
1531166378093,1531166378087,105468,0.00000178,2257.00000000,0
1531166379060,1531166379053,105469,0.00000177,47304.00000000,1
1531166381122,1531166381116,105470,0.00000177,17258.00000000,1
1531166383214,1531166383207,105471,0.00000177,5986.00000000,1
1531166383737,1531166383731,105472,0.00000178,165.00000000,0
1531166384595,1531166384587,105473,0.00000177,147385.00000000,1
1531166387864,1531166387858,105474,0.00000177,25.00000000,0
1531166389535,1531166389529,105475,0.00000177,5000.00000000,0
1531166390850,1531166390843,105476,0.00000177,12690.00000000,0
1531166390887,1531166390880,105477,0.00000177,160119.00000000,0
1531166391338,1531166391331,105478,0.00000177,565.00000000,0
1531166392334,1531166392331,105479,0.00000176,17157.00000000,1
1531166395461,1531166395455,105480,0.00000176,3415.00000000,1
1531166396087,1531166396084,105481,0.00000177,3300.00000000,0
1531166398458,1531166398453,105482,0.00000177,681.00000000,0
1531166402817,1531166402812,105483,0.00000176,17157.00000000,1
1531166404461,1531166404459,105484,0.00000177,16183.00000000,0
1531166405362,1531166405353,105485,0.00000177,119276.00000000,0
1531166406252,1531166406246,105486,0.00000177,22408.00000000,1
1531166410310,1531166410307,105487,0.00000178,1269.00000000,0
1531166412274,1531166412272,105488,0.00000178,59569.00000000,0
1531166412546,1531166412540,105489,0.00000178,310.00000000,0
1531166413397,1531166413390,105490,0.00000178,104.00000000,0
1531166413912,1531166413905,105491,0.00000177,100000.00000000,1
1531166414184,1531166414181,105492,0.00000177,17157.00000000,1
1531166414703,1531166414697,105493,0.00000178,834.00000000,0
1531166415219,1531166415213,105494,0.00000178,9654.00000000,0
1531166419392,1531166419388,105495,0.00000178,568.00000000,0
1531166419834,1531166419833,105496,0.00000178,568.00000000,0
1531166420341,1531166420338,105497,0.00000178,568.00000000,0
1531166421707,1531166421703,105498,0.00000178,562.00000000,0
1531166422219,1531166422212,105499,0.00000177,2994.00000000,1
1531166423127,1531166423123,105500,0.00000178,97688.00000000,0
1531166425415,1531166425409,105501,0.00000177,17157.00000000,1
1531166427182,1531166427176,105502,0.00000177,5990.00000000,1
1531166432728,1531166432721,105503,0.00000177,10479.00000000,1
1531166433198,1531166433191,105504,0.00000177,148616.00000000,1
1531166434070,1531166434064,105505,0.00000177,10479.00000000,0
1531166435770,1531166435764,105506,0.00000177,17157.00000000,1
1531166436546,1531166436540,105507,0.00000177,200.00000000,1
1531166438580,1531166438575,105508,0.00000178,8173.00000000,0
1531166438932,1531166438926,105509,0.00000177,5928.00000000,1
1531166439552,1531166439548,105510,0.00000177,997.00000000,1
1531166440507,1531166440501,105511,0.00000177,18165.00000000,1
1531166443143,1531166443137,105512,0.00000178,2009.00000000,0
1531166445195,1531166445190,105513,0.00000178,655.00000000,0
1531166446983,1531166446979,105514,0.00000177,17157.00000000,1
1531166447394,1531166447388,105515,0.00000178,11825.00000000,0
1531166448956,1531166448953,105516,0.00000178,650.00000000,0
1531166457118,1531166457115,105517,0.00000178,16276.00000000,0
1531166457811,1531166457804,105518,0.00000177,17157.00000000,1
1531166458135,1531166458131,105519,0.00000178,30711.00000000,0
1531166458544,1531166458541,105520,0.00000178,7865.00000000,0
1531166459629,1531166459622,105521,0.00000178,166921.00000000,0
1531166460643,1531166460637,105522,0.00000178,77508.00000000,0
1531166460880,1531166460875,105523,0.00000178,28529.00000000,0
1531166460922,1531166460916,105524,0.00000177,854.00000000,1
1531166462469,1531166462463,105525,0.00000178,27485.00000000,0
1531166464709,1531166464702,105526,0.00000178,157990.00000000,0
1531166465134,1531166465128,105527,0.00000178,96672.00000000,0
1531166465799,1531166465793,105528,0.00000178,78939.00000000,0
1531166466273,1531166466266,105529,0.00000178,8086.00000000,0
1531166467752,1531166467745,105530,0.00000178,134085.00000000,0
1531166467768,1531166467762,105531,0.00000178,49388.00000000,1
1531166467771,1531166467766,105532,0.00000178,7900.00000000,1
1531166467783,1531166467782,105533,0.00000178,12827.00000000,1
1531166467949,1531166467948,105534,0.00000179,2508.00000000,0
1531166468028,1531166468021,105535,0.00000178,106404.00000000,1
1531166468629,1531166468625,105536,0.00000178,17157.00000000,1
1531166470440,1531166470434,105537,0.00000178,62269.00000000,1
1531166470738,1531166470733,105538,0.00000178,3389.00000000,1
1531166472651,1531166472646,105539,0.00000179,240390.00000000,0
1531166473119,1531166473118,105540,0.00000179,56074.00000000,0
1531166478601,1531166478595,105541,0.00000178,17157.00000000,1
1531166478946,1531166478941,105542,0.00000178,15590.00000000,1
1531166479746,1531166479740,105543,0.00000178,9.00000000,1
1531166480766,1531166480760,105544,0.00000179,5.00000000,0
1531166482081,1531166482076,105545,0.00000178,7981.00000000,1
1531166483016,1531166483010,105546,0.00000179,7004.00000000,0
1531166484031,1531166484025,105547,0.00000179,5287.00000000,0
1531166484291,1531166484285,105548,0.00000179,60244.00000000,0
1531166485068,1531166485062,105549,0.00000179,51577.00000000,0
1531166485759,1531166485757,105550,0.00000179,10344.00000000,0
1531166487310,1531166487303,105551,0.00000179,1076.00000000,0
1531166487982,1531166487977,105552,0.00000179,670.00000000,0
1531166488613,1531166488608,105553,0.00000179,21655.00000000,0
1531166489021,1531166489014,105554,0.00000178,3000.00000000,1
1531166489388,1531166489382,105555,0.00000178,7815.00000000,1
1531166489530,1531166489524,105556,0.00000179,38924.00000000,0
1531166490072,1531166490065,105557,0.00000179,837.00000000,0
1531166490158,1531166490150,105558,0.00000179,837.00000000,0
1531166490218,1531166490212,105559,0.00000178,1200.00000000,1
1531166490326,1531166490320,105560,0.00000179,893.00000000,0
1531166491013,1531166491007,105561,0.00000179,78040.00000000,0
1531166492034,1531166492026,105562,0.00000179,145707.00000000,0
1531166492414,1531166492408,105563,0.00000179,86881.00000000,0
1531166492887,1531166492879,105564,0.00000179,12918.00000000,0
1531166493812,1531166493804,105565,0.00000179,67431.00000000,0
1531166494278,1531166494268,105566,0.00000179,22040.00000000,0
1531166494278,1531166494268,105567,0.00000180,813254.00000000,0
1531166494399,1531166494393,105568,0.00000179,590.00000000,1
1531166494449,1531166494442,105569,0.00000179,590.00000000,1
1531166494449,1531166494444,105570,0.00000179,9194.00000000,1
1531166495258,1531166495254,105571,0.00000179,3389.00000000,1
1531166496117,1531166496113,105572,0.00000180,13398.00000000,0
1531166498756,1531166498749,105573,0.00000180,25123.00000000,0
1531166499239,1531166499230,105574,0.00000180,96075.00000000,0
1531166499242,1531166499236,105575,0.00000180,4294.00000000,0
1531166501043,1531166501035,105576,0.00000180,562.00000000,0
1531166501062,1531166501058,105577,0.00000180,562.00000000,0
1531166501195,1531166501190,105578,0.00000180,8188.00000000,0
1531166501246,1531166501239,105579,0.00000180,1123.00000000,0
1531166501324,1531166501319,105580,0.00000180,562.00000000,0
1531166501530,1531166501526,105581,0.00000180,562.00000000,0
1531166501563,1531166501556,105582,0.00000180,562.00000000,0
1531166501611,1531166501610,105583,0.00000180,1123.00000000,0
1531166501843,1531166501838,105584,0.00000180,562.00000000,0
1531166502108,1531166502101,105585,0.00000180,34145.00000000,0
1531166502145,1531166502138,105586,0.00000179,6434.00000000,1
1531166502318,1531166502317,105587,0.00000180,9575.00000000,0
1531166502621,1531166502615,105588,0.00000180,1123.00000000,0
1531166502649,1531166502640,105589,0.00000180,197096.00000000,0
1531166502665,1531166502658,105590,0.00000180,27188.00000000,1
1531166502755,1531166502743,105591,0.00000180,23744.00000000,1
1531166503003,1531166503000,105592,0.00000180,834.00000000,1
1531166503785,1531166503781,105593,0.00000180,11231.00000000,1
1531166505310,1531166505304,105594,0.00000179,146020.00000000,1
1531166505325,1531166505322,105595,0.00000179,1389.00000000,1
1531166506704,1531166506697,105596,0.00000180,17191.00000000,1
1531166507694,1531166507689,105597,0.00000180,2747.00000000,1
1531166507853,1531166507847,105598,0.00000180,200.00000000,1
1531166509272,1531166509260,105599,0.00000181,251360.00000000,0
1531166509272,1531166509266,105600,0.00000181,251374.00000000,0
1531166509278,1531166509277,105601,0.00000181,220994.00000000,0
1531166509663,1531166509657,105602,0.00000180,123996.00000000,1
1531166509763,1531166509757,105603,0.00000181,8693.00000000,0
1531166509922,1531166509914,105604,0.00000181,12611.00000000,0
1531166509922,1531166509914,105605,0.00000182,428163.00000000,0
1531166511828,1531166511822,105606,0.00000181,36248.00000000,1
1531166512406,1531166512399,105607,0.00000181,132423.00000000,1
1531166512406,1531166512399,105608,0.00000180,88571.00000000,1
1531166513307,1531166513300,105609,0.00000181,3565.00000000,0
1531166513650,1531166513644,105610,0.00000181,702.00000000,0
1531166513862,1531166513855,105611,0.00000180,2.00000000,1
1531166513884,1531166513880,105612,0.00000180,3393.00000000,1
1531166514281,1531166514274,105613,0.00000180,61350.00000000,1
1531166514683,1531166514677,105614,0.00000180,1.00000000,0
1531166514832,1531166514826,105615,0.00000180,154769.00000000,0
1531166515049,1531166515043,105616,0.00000180,1076.00000000,0
1531166515358,1531166515350,105617,0.00000180,1184.00000000,0
1531166515752,1531166515749,105618,0.00000180,2034.00000000,0
1531166515925,1531166515919,105619,0.00000180,7765.00000000,0
1531166516258,1531166516252,105620,0.00000179,115617.00000000,1
1531166516665,1531166516658,105621,0.00000179,647.00000000,1
1531166518403,1531166518397,105622,0.00000180,9800.00000000,0
1531166519339,1531166519332,105623,0.00000180,1.00000000,0
1531166520011,1531166520004,105624,0.00000180,26298.00000000,0
1531166520182,1531166520175,105625,0.00000181,555.00000000,0
1531166520391,1531166520385,105626,0.00000180,870.00000000,1
1531166520743,1531166520736,105627,0.00000181,1665.00000000,0
1531166520968,1531166520950,105628,0.00000181,555.00000000,0
1531166521181,1531166521174,105629,0.00000181,2220.00000000,0
1531166521199,1531166521193,105630,0.00000181,555.00000000,0
1531166521218,1531166521217,105631,0.00000181,555.00000000,0
1531166522089,1531166522086,105632,0.00000181,1110.00000000,0
1531166522640,1531166522637,105633,0.00000181,553.00000000,0
1531166522682,1531166522676,105634,0.00000181,1110.00000000,0
1531166522943,1531166522939,105635,0.00000180,100.00000000,1
1531166523702,1531166523697,105636,0.00000180,51748.00000000,1
1531166525059,1531166525052,105637,0.00000180,29272.00000000,1
1531166527310,1531166527306,105638,0.00000181,18445.00000000,0
1531166527565,1531166527558,105639,0.00000181,188600.00000000,0
1531166528257,1531166528250,105640,0.00000180,7841.00000000,1
1531166528520,1531166528515,105641,0.00000179,3058.00000000,1
1531166528525,1531166528519,105642,0.00000179,3058.00000000,1
1531166528613,1531166528607,105643,0.00000179,3058.00000000,1
1531166528617,1531166528614,105644,0.00000179,3058.00000000,1
1531166530018,1531166530010,105645,0.00000179,3170.00000000,1
1531166530622,1531166530616,105646,0.00000180,8.00000000,0
1531166530980,1531166530974,105647,0.00000180,8570.00000000,0
1531166531232,1531166531225,105648,0.00000181,4559.00000000,0
1531166531550,1531166531544,105649,0.00000180,20199.00000000,1
1531166532155,1531166532148,105650,0.00000180,3058.00000000,1
1531166533696,1531166533694,105651,0.00000180,3058.00000000,1
1531166533716,1531166533710,105652,0.00000180,3058.00000000,1
1531166534044,1531166534039,105653,0.00000180,52500.00000000,1
1531166534502,1531166534496,105654,0.00000181,1096.00000000,0
1531166534535,1531166534530,105655,0.00000180,600.00000000,1
1531166534642,1531166534636,105656,0.00000180,92436.00000000,1
1531166536891,1531166536885,105657,0.00000180,43908.00000000,1
1531166537949,1531166537944,105658,0.00000180,24900.00000000,1
1531166539600,1531166539594,105659,0.00000180,631.00000000,1
1531166540031,1531166540026,105660,0.00000180,2379.00000000,1
1531166540070,1531166540064,105661,0.00000181,269.00000000,0
1531166540539,1531166540533,105662,0.00000180,51748.00000000,1
1531166540872,1531166540866,105663,0.00000181,1110.00000000,0
1531166541040,1531166541035,105664,0.00000181,555.00000000,0
1531166541241,1531166541234,105665,0.00000181,555.00000000,0
1531166542383,1531166542376,105666,0.00000181,555.00000000,0
1531166543374,1531166543368,105667,0.00000181,7222.00000000,0
1531166543424,1531166543418,105668,0.00000180,3058.00000000,1
1531166543692,1531166543686,105669,0.00000181,1105.00000000,0
1531166543785,1531166543779,105670,0.00000181,106112.00000000,0
1531166544064,1531166544058,105671,0.00000180,3992.00000000,1
1531166544472,1531166544466,105672,0.00000181,2762.00000000,0
1531166545090,1531166545084,105673,0.00000181,21493.00000000,0
1531166545285,1531166545279,105674,0.00000181,6589.00000000,0
1531166545822,1531166545816,105675,0.00000181,25942.00000000,0
1531166546101,1531166546096,105676,0.00000180,939.00000000,1
1531166546266,1531166546260,105677,0.00000180,1485.00000000,1
1531166546273,1531166546266,105678,0.00000181,66.00000000,0
1531166546318,1531166546312,105679,0.00000180,1742.00000000,1
1531166547446,1531166547445,105680,0.00000180,3058.00000000,1
1531166547660,1531166547656,105681,0.00000180,39484.00000000,1
1531166547826,1531166547819,105682,0.00000181,16358.00000000,0
1531166547982,1531166547981,105683,0.00000181,46165.00000000,0
1531166548073,1531166548067,105684,0.00000181,22.00000000,0
