event_time,trade_time,trade_id,price,quantity,maker
1531160274403,1531160274400,3497959,0.00003327,5.00000000,1
1531160278092,1531160278090,3497960,0.00003327,483.00000000,1
1531160278110,1531160278108,3497961,0.00003327,1292.00000000,1
1531160289722,1531160289719,3497962,0.00003327,5.00000000,0
1531160289722,1531160289719,3497963,0.00003333,118.00000000,0
1531160289978,1531160289973,3497964,0.00003333,131.00000000,0
1531160296499,1531160296495,3497965,0.00003340,35.00000000,0
1531160298612,1531160298609,3497966,0.00003327,31.00000000,1
1531160299238,1531160299234,3497967,0.00003327,31.00000000,1
1531160299455,1531160299450,3497968,0.00003340,393.00000000,0
1531160299455,1531160299450,3497969,0.00003351,480.00000000,0
1531160299455,1531160299450,3497970,0.00003352,492.00000000,0
1531160299479,1531160299478,3497971,0.00003352,427.00000000,1
1531160299500,1531160299496,3497972,0.00003352,208.00000000,1
1531160306610,1531160306604,3497973,0.00003348,62.00000000,0
1531160306610,1531160306604,3497974,0.00003349,248.00000000,0
1531160306610,1531160306604,3497975,0.00003356,113.00000000,0
1531160306610,1531160306604,3497976,0.00003368,968.00000000,0
1531160306610,1531160306604,3497977,0.00003372,719.00000000,0
1531160306610,1531160306604,3497978,0.00003377,550.00000000,0
1531160306610,1531160306604,3497979,0.00003381,190.00000000,0
1531160306610,1531160306604,3497980,0.00003391,200.00000000,0
1531160306610,1531160306604,3497981,0.00003394,59.00000000,0
1531160306610,1531160306604,3497982,0.00003399,68.00000000,0
1531160306610,1531160306604,3497983,0.00003400,709.00000000,0
1531160306627,1531160306625,3497984,0.00003400,4609.00000000,1
1531160306650,1531160306646,3497985,0.00003400,4609.00000000,1
1531160306657,1531160306654,3497986,0.00003400,30.00000000,1
1531160308808,1531160308805,3497987,0.00003402,1176.00000000,1
1531160309265,1531160309263,3497988,0.00003411,204.00000000,0
1531160310817,1531160310814,3497989,0.00003404,412.00000000,1
1531160311957,1531160311954,3497990,0.00003400,15.00000000,1
1531160312188,1531160312185,3497991,0.00003401,199.00000000,1
1531160312188,1531160312185,3497992,0.00003400,16667.00000000,1
1531160312209,1531160312206,3497993,0.00003400,184.00000000,1
1531160312748,1531160312748,3497994,0.00003399,30.00000000,1
1531160313016,1531160313012,3497995,0.00003399,138.00000000,1
1531160313108,1531160313105,3497996,0.00003399,76.00000000,1
1531160314068,1531160314065,3497997,0.00003368,446.00000000,1
1531160314310,1531160314306,3497998,0.00003368,942.00000000,1
1531160315803,1531160315800,3497999,0.00003368,247.00000000,1
1531160316039,1531160316035,3498000,0.00003407,32.00000000,0
1531160316959,1531160316957,3498001,0.00003381,176.00000000,1
1531160317290,1531160317287,3498002,0.00003368,58.00000000,1
1531160318786,1531160318783,3498003,0.00003368,91.00000000,0
1531160318805,1531160318804,3498004,0.00003360,206.00000000,1
1531160319962,1531160319958,3498005,0.00003357,235.00000000,1
1531160320920,1531160320917,3498006,0.00003356,176.00000000,1
1531160322233,1531160322228,3498007,0.00003367,58.00000000,0
1531160322364,1531160322361,3498008,0.00003353,156.00000000,1
1531160335965,1531160335961,3498009,0.00003349,248.00000000,1
1531160337952,1531160337948,3498010,0.00003350,559.00000000,1
1531160339740,1531160339736,3498011,0.00003346,58.00000000,0
1531160345741,1531160345736,3498012,0.00003349,32.00000000,0
1531160346543,1531160346541,3498013,0.00003353,38.00000000,0
1531160348487,1531160348483,3498014,0.00003353,210.00000000,0
1531160348487,1531160348483,3498015,0.00003367,1380.00000000,0
1531160352554,1531160352551,3498016,0.00003348,31.00000000,1
1531160354131,1531160354129,3498017,0.00003351,61.00000000,1
1531160354209,1531160354206,3498018,0.00003351,91.00000000,1
1531160354523,1531160354519,3498019,0.00003351,96.00000000,1
1531160354523,1531160354519,3498020,0.00003348,166.00000000,1
1531160358355,1531160358351,3498021,0.00003348,296.00000000,1
1531160371750,1531160371746,3498022,0.00003351,94.00000000,0
1531160389024,1531160389021,3498023,0.00003347,896.00000000,1
1531160389040,1531160389036,3498024,0.00003347,931.00000000,0
1531160389052,1531160389049,3498025,0.00003347,896.00000000,1
1531160403979,1531160403975,3498026,0.00003348,35.00000000,0
1531160429327,1531160429324,3498027,0.00003345,30.00000000,1
1531160429981,1531160429977,3498028,0.00003348,35.00000000,0
1531160437883,1531160437879,3498029,0.00003352,301.00000000,0
1531160437883,1531160437879,3498030,0.00003353,806.00000000,0
1531160437883,1531160437879,3498031,0.00003355,248.00000000,0
1531160437883,1531160437879,3498032,0.00003362,117.00000000,0
1531160437883,1531160437879,3498033,0.00003363,31.00000000,0
1531160437883,1531160437879,3498034,0.00003369,119.00000000,0
1531160437883,1531160437879,3498035,0.00003370,161.00000000,0
1531160437883,1531160437879,3498036,0.00003373,6.00000000,0
1531160500976,1531160500974,3498037,0.00003366,559.00000000,0
1531160501835,1531160501832,3498038,0.00003366,87.00000000,1
1531160507657,1531160507654,3498039,0.00003354,1846.00000000,1
1531160507673,1531160507669,3498040,0.00003354,1777.00000000,1
1531160509305,1531160509301,3498041,0.00003365,176.00000000,0
1531160509305,1531160509301,3498042,0.00003366,176.00000000,0
1531160509305,1531160509301,3498043,0.00003367,247.00000000,0
1531160509305,1531160509301,3498044,0.00003373,40.00000000,0
1531160509339,1531160509335,3498045,0.00003373,1939.00000000,1
1531160509827,1531160509825,3498046,0.00003373,1545.00000000,1
1531160531416,1531160531414,3498047,0.00003372,200.00000000,0
1531160537430,1531160537426,3498048,0.00003372,46.00000000,0
1531160541988,1531160541985,3498049,0.00003373,2154.00000000,1
1531160543308,1531160543304,3498050,0.00003374,1479.00000000,0
1531160548044,1531160548041,3498051,0.00003374,350.00000000,0
1531160548553,1531160548549,3498052,0.00003374,35.00000000,1
1531160575766,1531160575759,3498053,0.00003375,59.00000000,0
1531160575766,1531160575759,3498054,0.00003376,110.00000000,0
1531160575766,1531160575759,3498055,0.00003377,182.00000000,0
1531160575766,1531160575759,3498056,0.00003380,206.00000000,0
1531160575766,1531160575759,3498057,0.00003382,30.00000000,0
1531160575766,1531160575759,3498058,0.00003385,30.00000000,0
1531160575766,1531160575759,3498059,0.00003387,126.00000000,0
1531160575766,1531160575759,3498060,0.00003394,30.00000000,0
1531160575766,1531160575759,3498061,0.00003398,41.00000000,0
1531160575766,1531160575759,3498062,0.00003400,92.00000000,0
1531160575766,1531160575759,3498063,0.00003401,58.00000000,0
1531160575766,1531160575759,3498064,0.00003407,132.00000000,0
1531160575766,1531160575759,3498065,0.00003408,70.00000000,0
1531160575766,1531160575759,3498066,0.00003411,1234.00000000,0
1531160575895,1531160575894,3498067,0.00003411,50.00000000,0
1531160602939,1531160602933,3498068,0.00003409,30.00000000,0
1531160605300,1531160605297,3498069,0.00003395,30.00000000,1
1531160628999,1531160628998,3498070,0.00003390,193.00000000,1
1531160639234,1531160639232,3498071,0.00003408,193.00000000,0
1531160639234,1531160639232,3498072,0.00003409,266.00000000,0
1531160646006,1531160646002,3498073,0.00003396,214.00000000,1
1531160647856,1531160647851,3498074,0.00003395,5000.00000000,1
1531160649006,1531160649003,3498075,0.00003390,330.00000000,1
1531160655395,1531160655390,3498076,0.00003407,214.00000000,0
1531160655395,1531160655390,3498077,0.00003408,36.00000000,0
1531160655395,1531160655390,3498078,0.00003409,140.00000000,0
1531160655395,1531160655390,3498079,0.00003410,2855.00000000,0
1531160655789,1531160655785,3498080,0.00003410,1255.00000000,1
1531160701861,1531160701855,3498081,0.00003395,900.00000000,1
1531160702870,1531160702853,3498082,0.00003393,198.00000000,1
1531160702870,1531160702853,3498083,0.00003392,276.00000000,1
1531160704858,1531160704855,3498084,0.00003392,198.00000000,1
1531160704997,1531160704992,3498085,0.00003409,474.00000000,0
1531160704997,1531160704992,3498086,0.00003410,2850.00000000,0
1531160704997,1531160704992,3498087,0.00003411,74.00000000,0
1531160704997,1531160704992,3498088,0.00003412,1002.00000000,0
1531160705091,1531160705088,3498089,0.00003409,30.00000000,0
1531160705195,1531160705190,3498090,0.00003409,50.00000000,0
1531160705344,1531160705340,3498091,0.00003409,465.00000000,0
1531160705344,1531160705340,3498092,0.00003412,1075.00000000,0
1531160707796,1531160707792,3498093,0.00003411,1428.00000000,1
1531160710852,1531160710848,3498094,0.00003397,240.00000000,1
1531160711869,1531160711865,3498095,0.00003398,186.00000000,1
1531160712858,1531160712857,3498096,0.00003395,474.00000000,1
1531160713869,1531160713866,3498097,0.00003394,1662.00000000,1
1531160714451,1531160714446,3498098,0.00003410,660.00000000,0
1531160714451,1531160714446,3498099,0.00003411,435.00000000,0
1531160714451,1531160714446,3498100,0.00003412,2805.00000000,0
1531160724867,1531160724864,3498101,0.00003397,186.00000000,1
1531160733866,1531160733862,3498102,0.00003397,201.00000000,1
1531160735081,1531160735080,3498103,0.00003411,186.00000000,0
1531160735081,1531160735080,3498104,0.00003412,402.00000000,0
1531160735791,1531160735788,3498105,0.00003412,1707.00000000,1
1531160746515,1531160746511,3498106,0.00003413,213.00000000,0
1531160747534,1531160747530,3498107,0.00003413,204.00000000,0
1531160748101,1531160748098,3498108,0.00003398,686.00000000,1
1531160748966,1531160748962,3498109,0.00003412,34.00000000,0
1531160752928,1531160752924,3498110,0.00003412,652.00000000,0
1531160752928,1531160752924,3498111,0.00003413,147.00000000,0
1531160752928,1531160752924,3498112,0.00003414,3221.00000000,0
1531160761205,1531160761200,3498113,0.00003414,77.00000000,0
1531160761205,1531160761200,3498114,0.00003415,206.00000000,0
1531160761205,1531160761200,3498115,0.00003416,2409.00000000,0
1531160761205,1531160761200,3498116,0.00003418,1308.00000000,0
1531160766010,1531160766006,3498117,0.00003415,30.00000000,1
1531160791864,1531160791859,3498118,0.00003407,191.00000000,1
1531160793005,1531160793001,3498119,0.00003406,380.00000000,1
1531160809014,1531160809009,3498120,0.00003402,355.00000000,1
1531160810258,1531160810253,3498121,0.00003401,30.00000000,1
1531160811869,1531160811865,3498122,0.00003396,1178.00000000,1
1531160844282,1531160844278,3498123,0.00003400,1200.00000000,0
1531160852874,1531160852870,3498124,0.00003401,480.00000000,1
1531160855867,1531160855863,3498125,0.00003401,1856.00000000,1
1531160858022,1531160858017,3498126,0.00003400,900.00000000,1
1531160868673,1531160868668,3498127,0.00003402,50.00000000,0
1531160875799,1531160875795,3498128,0.00003401,441.00000000,1
1531160876800,1531160876796,3498129,0.00003401,574.00000000,1
1531160892019,1531160892014,3498130,0.00003396,870.00000000,1
1531160905862,1531160905856,3498131,0.00003390,289.00000000,1
1531160935027,1531160935024,3498132,0.00003390,2000.00000000,1
1531160936017,1531160936014,3498133,0.00003388,372.00000000,1
1531160962196,1531160962191,3498134,0.00003395,900.00000000,0
1531160994542,1531160994538,3498135,0.00003394,479.00000000,0
1531161001934,1531161001930,3498136,0.00003394,1.00000000,0
1531161001934,1531161001930,3498137,0.00003396,191.00000000,0
1531161002872,1531161002868,3498138,0.00003396,1808.00000000,1
1531161007026,1531161007023,3498139,0.00003390,191.00000000,1
1531161014387,1531161014382,3498140,0.00003398,191.00000000,0
1531161014387,1531161014382,3498141,0.00003399,2023.00000000,0
1531161014387,1531161014382,3498142,0.00003400,169.00000000,0
1531161059876,1531161059873,3498143,0.00003396,224.00000000,1
1531161075644,1531161075641,3498144,0.00003400,343.00000000,0
1531161089763,1531161089759,3498145,0.00003396,870.00000000,1
1531161089816,1531161089812,3498146,0.00003396,130.00000000,1
1531161108897,1531161108893,3498147,0.00003398,200.00000000,0
1531161108897,1531161108893,3498148,0.00003400,972.00000000,0
1531161108897,1531161108893,3498149,0.00003402,9.00000000,0
1531161108897,1531161108893,3498150,0.00003404,728.00000000,0
1531161108897,1531161108893,3498151,0.00003405,854.00000000,0
1531161108897,1531161108893,3498152,0.00003407,157.00000000,0
1531161108897,1531161108893,3498153,0.00003412,896.00000000,0
1531161108897,1531161108893,3498154,0.00003418,84.00000000,0
1531161125575,1531161125572,3498155,0.00003398,16.00000000,1
1531161127129,1531161127126,3498156,0.00003401,16.00000000,1
1531161154679,1531161154676,3498157,0.00003404,145.00000000,1
1531161166751,1531161166747,3498158,0.00003409,2018.00000000,0
1531161166758,1531161166754,3498159,0.00003402,870.00000000,1
1531161209186,1531161209182,3498160,0.00003416,145.00000000,0
1531161209186,1531161209182,3498161,0.00003417,105.00000000,0
1531161211312,1531161211307,3498162,0.00003417,314.00000000,0
1531161211312,1531161211307,3498163,0.00003418,1565.00000000,0
1531161233300,1531161233296,3498164,0.00003406,184.00000000,1
1531161233300,1531161233296,3498165,0.00003402,747.00000000,1
1531161236001,1531161235997,3498166,0.00003417,174.00000000,0
1531161246698,1531161246693,3498167,0.00003405,1000.00000000,1
1531161253684,1531161253678,3498168,0.00003417,10.00000000,0
1531161253684,1531161253678,3498169,0.00003418,194.00000000,0
1531161253684,1531161253679,3498170,0.00003418,137.00000000,0
1531161253706,1531161253701,3498171,0.00003418,182.00000000,0
1531161253725,1531161253722,3498172,0.00003418,129.00000000,0
1531161282651,1531161282647,3498173,0.00003408,106.00000000,1
1531161288724,1531161288721,3498174,0.00003407,101.00000000,1
1531161288742,1531161288739,3498175,0.00003407,1020.00000000,1
1531161295145,1531161295143,3498176,0.00003406,163.00000000,1
1531161301327,1531161301323,3498177,0.00003417,106.00000000,0
1531161301883,1531161301879,3498178,0.00003417,186.00000000,1
1531161310907,1531161310903,3498179,0.00003407,31.00000000,1
1531161335029,1531161335028,3498180,0.00003406,200.00000000,1
1531161343717,1531161343707,3498181,0.00003416,31.00000000,0
1531161343717,1531161343707,3498182,0.00003417,43.00000000,0
1531161343717,1531161343707,3498183,0.00003418,353.00000000,0
1531161343717,1531161343707,3498184,0.00003419,269.00000000,0
1531161343717,1531161343707,3498185,0.00003420,65.00000000,0
1531161343717,1531161343707,3498186,0.00003427,30.00000000,0
1531161343717,1531161343707,3498187,0.00003428,139.00000000,0
1531161343717,1531161343707,3498188,0.00003429,699.00000000,0
1531161343717,1531161343707,3498189,0.00003432,36.00000000,0
1531161343717,1531161343707,3498190,0.00003436,143.00000000,0
1531161343717,1531161343707,3498191,0.00003438,269.00000000,0
1531161343717,1531161343707,3498192,0.00003440,452.00000000,0
1531161343717,1531161343707,3498193,0.00003442,70.00000000,0
1531161343717,1531161343707,3498194,0.00003443,40.00000000,0
1531161343717,1531161343707,3498195,0.00003449,29.00000000,0
1531161343717,1531161343707,3498196,0.00003450,1332.00000000,0
1531161345089,1531161345085,3498197,0.00003411,90.00000000,1
1531161349674,1531161349669,3498198,0.00003422,15.00000000,1
1531161351401,1531161351398,3498199,0.00003422,15.00000000,1
1531161352948,1531161352945,3498200,0.00003423,195.00000000,1
1531161352948,1531161352945,3498201,0.00003422,73.00000000,1
1531161356589,1531161356586,3498202,0.00003429,169.00000000,1
1531161357766,1531161357761,3498203,0.00003429,15.00000000,1
1531161362483,1531161362480,3498204,0.00003440,30.00000000,0
1531161373099,1531161373094,3498205,0.00003429,58.00000000,1
1531161373902,1531161373898,3498206,0.00003426,30.00000000,1
1531161393181,1531161393177,3498207,0.00003414,149.00000000,1
1531161395880,1531161395874,3498208,0.00003411,154.00000000,1
1531161407558,1531161407554,3498209,0.00003413,100.00000000,1
1531161413545,1531161413541,3498210,0.00003428,250.00000000,0
1531161416970,1531161416967,3498211,0.00003421,2442.00000000,0
1531161416984,1531161416981,3498212,0.00003415,1720.00000000,1
1531161427051,1531161427048,3498213,0.00003415,301.00000000,1
1531161427059,1531161427055,3498214,0.00003415,1979.00000000,1
1531161480826,1531161480822,3498215,0.00003428,182.00000000,0
1531161481042,1531161481038,3498216,0.00003425,145.00000000,1
1531161481835,1531161481832,3498217,0.00003429,312.00000000,0
1531161483027,1531161483024,3498218,0.00003420,146.00000000,1
1531161490075,1531161490070,3498219,0.00003421,443.00000000,1
1531161563203,1531161563198,3498220,0.00003439,165.00000000,0
1531161563220,1531161563215,3498221,0.00003444,60.00000000,0
1531161563220,1531161563215,3498222,0.00003450,204.00000000,0
1531161563220,1531161563215,3498223,0.00003452,29.00000000,0
1531161563220,1531161563215,3498224,0.00003460,146.00000000,0
1531161563220,1531161563215,3498225,0.00003461,149.00000000,0
1531161563223,1531161563221,3498226,0.00003461,136.00000000,0
1531161563232,1531161563227,3498227,0.00003461,158.00000000,0
1531161563232,1531161563227,3498228,0.00003462,4.00000000,0
1531161563902,1531161563898,3498229,0.00003450,428.00000000,1
1531161564168,1531161564164,3498230,0.00003432,145.00000000,1
1531161564168,1531161564164,3498231,0.00003428,68.00000000,1
1531161574910,1531161574906,3498232,0.00003439,662.00000000,1
1531161583121,1531161583116,3498233,0.00003460,1250.00000000,0
1531161583831,1531161583827,3498234,0.00003460,273.00000000,1
1531161585254,1531161585249,3498235,0.00003436,4.00000000,1
1531161589056,1531161589052,3498236,0.00003439,667.00000000,1
1531161596894,1531161596891,3498237,0.00003439,109.00000000,1
1531161599911,1531161599907,3498238,0.00003438,206.00000000,1
1531161601866,1531161601865,3498239,0.00003458,30.00000000,0
1531161603903,1531161603899,3498240,0.00003457,111.00000000,0
1531161603903,1531161603899,3498241,0.00003460,1262.00000000,0
1531161603903,1531161603899,3498242,0.00003461,145.00000000,0
1531161603903,1531161603899,3498243,0.00003462,100.00000000,0
1531161603903,1531161603899,3498244,0.00003465,380.00000000,0
1531161603903,1531161603899,3498245,0.00003466,163.00000000,0
1531161605936,1531161605930,3498246,0.00003445,163.00000000,1
1531161605936,1531161605930,3498247,0.00003444,30.00000000,1
1531161605936,1531161605930,3498248,0.00003435,175.00000000,1
1531161605936,1531161605930,3498249,0.00003432,2347.00000000,1
1531161605936,1531161605930,3498250,0.00003431,218.00000000,1
1531161610845,1531161610840,3498251,0.00003454,400.00000000,1
1531161615384,1531161615378,3498252,0.00003451,82.00000000,0
1531161615384,1531161615378,3498253,0.00003452,179.00000000,0
1531161615384,1531161615378,3498254,0.00003453,176.00000000,0
1531161615384,1531161615378,3498255,0.00003454,156.00000000,0
1531161615384,1531161615378,3498256,0.00003460,81.00000000,0
1531161615384,1531161615378,3498257,0.00003465,2347.00000000,0
1531161615384,1531161615378,3498258,0.00003466,221.00000000,0
1531161618786,1531161618784,3498259,0.00003440,33.00000000,1
1531161636513,1531161636507,3498260,0.00003446,15.00000000,1
1531161636963,1531161636958,3498261,0.00003461,33.00000000,0
1531161636963,1531161636958,3498262,0.00003462,60.00000000,0
1531161636963,1531161636958,3498263,0.00003465,174.00000000,0
1531161636963,1531161636958,3498264,0.00003466,299.00000000,0
1531161638525,1531161638521,3498265,0.00003444,15.00000000,1
1531161653054,1531161653051,3498266,0.00003449,13.00000000,1
1531161653884,1531161653879,3498267,0.00003449,144.00000000,1
1531161654895,1531161654891,3498268,0.00003445,13.00000000,1
1531161662389,1531161662387,3498269,0.00003465,30.00000000,0
1531161686898,1531161686893,3498270,0.00003451,235.00000000,1
1531161689312,1531161689308,3498271,0.00003445,650.00000000,1
1531161689312,1531161689308,3498272,0.00003437,47.00000000,1
1531161697790,1531161697786,3498273,0.00003465,206.00000000,0
1531161697829,1531161697824,3498274,0.00003465,557.00000000,1
1531161703055,1531161703050,3498275,0.00003465,189.00000000,0
1531161703055,1531161703050,3498276,0.00003466,161.00000000,0
1531161716578,1531161716572,3498277,0.00003448,269.00000000,1
1531161716905,1531161716901,3498278,0.00003449,194.00000000,1
1531161716905,1531161716901,3498279,0.00003448,1878.00000000,1
1531161717897,1531161717892,3498280,0.00003448,194.00000000,1
1531161718911,1531161718907,3498281,0.00003446,511.00000000,1
1531161725436,1531161725431,3498282,0.00003440,79.00000000,1
1531161726902,1531161726899,3498283,0.00003439,101.00000000,1
1531161726932,1531161726928,3498284,0.00003438,63.00000000,1
1531161727063,1531161727060,3498285,0.00003450,2812.00000000,0
1531161727073,1531161727070,3498286,0.00003438,1512.00000000,1
1531161727998,1531161727994,3498287,0.00003438,193.00000000,1
1531161729909,1531161729903,3498288,0.00003442,116.00000000,1
1531161738909,1531161738905,3498289,0.00003439,488.00000000,1
1531161746908,1531161746906,3498290,0.00003436,853.00000000,1
1531161747910,1531161747906,3498291,0.00003434,152.00000000,1
1531161763855,1531161763851,3498292,0.00003447,30.00000000,0
1531161764416,1531161764412,3498293,0.00003430,59.00000000,1
1531161777841,1531161777838,3498294,0.00003430,146.00000000,0
1531161786315,1531161786311,3498295,0.00003432,1126.00000000,1
1531161789533,1531161789528,3498296,0.00003447,618.00000000,0
1531161789835,1531161789831,3498297,0.00003447,819.00000000,1
1531161838884,1531161838879,3498298,0.00003451,194.00000000,0
1531161838884,1531161838879,3498299,0.00003453,356.00000000,0
1531161882370,1531161882366,3498300,0.00003441,34.00000000,1
1531161925632,1531161925628,3498301,0.00003454,147.00000000,0
1531161956330,1531161956325,3498302,0.00003449,326.00000000,1
1531162009695,1531162009691,3498303,0.00003453,668.00000000,0
1531162015016,1531162015012,3498304,0.00003453,18.00000000,1
1531162017730,1531162017724,3498305,0.00003453,125.00000000,1
1531162019038,1531162019032,3498306,0.00003453,18.00000000,1
1531162023878,1531162023873,3498307,0.00003453,270.00000000,1
1531162024124,1531162024121,3498308,0.00003453,18.00000000,1
1531162024127,1531162024126,3498309,0.00003453,147.00000000,1
1531162030376,1531162030371,3498310,0.00003454,239.00000000,0
1531162030376,1531162030371,3498311,0.00003457,86.00000000,0
1531162056174,1531162056168,3498312,0.00003450,57.00000000,1
1531162057730,1531162057725,3498313,0.00003457,30.00000000,0
1531162059716,1531162059710,3498314,0.00003457,20.00000000,1
1531162062904,1531162062899,3498315,0.00003466,147.00000000,0
1531162065343,1531162065338,3498316,0.00003458,123.00000000,1
1531162067360,1531162067358,3498317,0.00003458,140.00000000,1
1531162068534,1531162068533,3498318,0.00003458,777.00000000,1
1531162068646,1531162068641,3498319,0.00003458,493.00000000,1
1531162068883,1531162068879,3498320,0.00003457,450.00000000,1
1531162070890,1531162070886,3498321,0.00003455,240.00000000,1
1531162071593,1531162071587,3498322,0.00003458,1171.00000000,0
1531162071593,1531162071587,3498323,0.00003466,408.00000000,0
1531162071593,1531162071587,3498324,0.00003467,1068.00000000,0
1531162071593,1531162071587,3498325,0.00003469,59.00000000,0
1531162071593,1531162071587,3498326,0.00003473,117.00000000,0
1531162071593,1531162071587,3498327,0.00003474,1090.00000000,0
1531162078213,1531162078209,3498328,0.00003456,90.00000000,1
1531162087021,1531162087016,3498329,0.00003468,30.00000000,0
1531162095523,1531162095518,3498330,0.00003468,146.00000000,0
1531162107719,1531162107714,3498331,0.00003461,58.00000000,1
1531162107719,1531162107714,3498332,0.00003457,110.00000000,1
1531162108811,1531162108806,3498333,0.00003458,148.00000000,1
1531162108911,1531162108907,3498334,0.00003458,37.00000000,1
1531162108911,1531162108907,3498335,0.00003457,1.00000000,1
1531162112794,1531162112788,3498336,0.00003457,394.00000000,1
1531162115455,1531162115450,3498337,0.00003457,309.00000000,1
1531162119444,1531162119441,3498338,0.00003457,18.00000000,1
1531162120635,1531162120633,3498339,0.00003457,180.00000000,1
1531162124465,1531162124459,3498340,0.00003457,18.00000000,1
1531162126947,1531162126942,3498341,0.00003457,180.00000000,1
1531162131209,1531162131203,3498342,0.00003457,180.00000000,1
1531162131893,1531162131889,3498343,0.00003457,1110.00000000,1
1531162136946,1531162136943,3498344,0.00003455,90.00000000,1
1531162137396,1531162137392,3498345,0.00003455,150.00000000,1
1531162137891,1531162137886,3498346,0.00003454,29.00000000,1
1531162139893,1531162139888,3498347,0.00003452,58.00000000,1
1531162142597,1531162142591,3498348,0.00003451,90.00000000,1
1531162145434,1531162145428,3498349,0.00003453,1814.00000000,0
1531162145444,1531162145438,3498350,0.00003451,1448.00000000,1
1531162187418,1531162187414,3498351,0.00003449,4161.00000000,0
1531162187433,1531162187429,3498352,0.00003447,1425.00000000,1
1531162187448,1531162187444,3498353,0.00003451,90.00000000,0
1531162197497,1531162197495,3498354,0.00003455,105.00000000,0
1531162211190,1531162211185,3498355,0.00003451,200.00000000,1
1531162225694,1531162225688,3498356,0.00003452,1336.00000000,1
1531162225709,1531162225703,3498357,0.00003451,1248.00000000,1
1531162237439,1531162237435,3498358,0.00003450,62.00000000,0
1531162241976,1531162241971,3498359,0.00003444,30.00000000,1
1531162269893,1531162269887,3498360,0.00003444,37.00000000,0
1531162271327,1531162271323,3498361,0.00003444,71.00000000,1
1531162371257,1531162371253,3498362,0.00003447,175.00000000,1
1531162380909,1531162380905,3498363,0.00003455,37.00000000,0
1531162391742,1531162391738,3498364,0.00003452,385.00000000,1
1531162394729,1531162394725,3498365,0.00003448,247.00000000,1
1531162443835,1531162443829,3498366,0.00003459,1198.00000000,0
1531162443835,1531162443829,3498367,0.00003460,240.00000000,0
1531162457384,1531162457379,3498368,0.00003461,29.00000000,1
1531162461006,1531162461000,3498369,0.00003466,441.00000000,0
1531162461006,1531162461000,3498370,0.00003467,372.00000000,0
1531162461006,1531162461000,3498371,0.00003468,1773.00000000,0
1531162461927,1531162461925,3498372,0.00003470,239.00000000,0
1531162463024,1531162463019,3498373,0.00003468,360.00000000,1
1531162470092,1531162470088,3498374,0.00003468,360.00000000,1
1531162475804,1531162475799,3498375,0.00003468,90.00000000,1
1531162486289,1531162486284,3498376,0.00003470,90.00000000,1
1531162489468,1531162489463,3498377,0.00003471,4522.00000000,0
1531162489478,1531162489474,3498378,0.00003470,193.00000000,1
1531162489497,1531162489491,3498379,0.00003472,321.00000000,0
1531162489504,1531162489500,3498380,0.00003470,1610.00000000,1
1531162490939,1531162490933,3498381,0.00003470,90.00000000,0
1531162491292,1531162491288,3498382,0.00003469,29.00000000,1
1531162491292,1531162491288,3498383,0.00003468,331.00000000,1
1531162498071,1531162498069,3498384,0.00003468,90.00000000,1
1531162511728,1531162511724,3498385,0.00003468,90.00000000,1
1531162512100,1531162512095,3498386,0.00003475,30.00000000,0
1531162518326,1531162518322,3498387,0.00003468,90.00000000,1
1531162524709,1531162524704,3498388,0.00003468,90.00000000,1
1531162549197,1531162549193,3498389,0.00003469,1974.00000000,1
1531162566088,1531162566083,3498390,0.00003475,78.00000000,0
1531162566102,1531162566095,3498391,0.00003475,191.00000000,0
1531162566102,1531162566095,3498392,0.00003477,313.00000000,0
1531162566102,1531162566095,3498393,0.00003478,923.00000000,0
1531162566108,1531162566105,3498394,0.00003478,77.00000000,0
1531162566108,1531162566105,3498395,0.00003479,30.00000000,0
1531162566108,1531162566105,3498396,0.00003480,283.00000000,0
1531162576272,1531162576265,3498397,0.00003482,1068.00000000,0
1531162576272,1531162576265,3498398,0.00003483,268.00000000,0
1531162576272,1531162576265,3498399,0.00003484,5458.00000000,0
1531162576272,1531162576265,3498400,0.00003486,1128.00000000,0
1531162576272,1531162576265,3498401,0.00003487,2078.00000000,0
1531162585756,1531162585751,3498402,0.00003476,90.00000000,1
1531162588650,1531162588645,3498403,0.00003478,566.00000000,0
1531162588664,1531162588660,3498404,0.00003476,100.00000000,1
1531162588691,1531162588685,3498405,0.00003476,333.00000000,1
1531162588935,1531162588930,3498406,0.00003476,90.00000000,0
1531162592574,1531162592572,3498407,0.00003480,30.00000000,0
1531162605380,1531162605375,3498408,0.00003480,143.00000000,0
1531162605606,1531162605602,3498409,0.00003478,143.00000000,1
1531162609188,1531162609185,3498410,0.00003478,18.00000000,1
1531162609995,1531162609993,3498411,0.00003478,20.00000000,1
1531162613464,1531162613458,3498412,0.00003480,30.00000000,0
1531162613963,1531162613959,3498413,0.00003480,30.00000000,0
1531162614991,1531162614986,3498414,0.00003478,18.00000000,1
1531162624411,1531162624405,3498415,0.00003478,57.00000000,1
1531162625855,1531162625850,3498416,0.00003478,100.00000000,1
1531162631948,1531162631942,3498417,0.00003478,794.00000000,1
1531162635918,1531162635912,3498418,0.00003478,221.00000000,1
1531162635944,1531162635940,3498419,0.00003478,339.00000000,1
1531162640268,1531162640264,3498420,0.00003471,106.00000000,1
1531162647614,1531162647608,3498421,0.00003480,635.00000000,0
1531162647614,1531162647608,3498422,0.00003483,207.00000000,0
1531162647614,1531162647608,3498423,0.00003486,28.00000000,0
1531162650116,1531162650111,3498424,0.00003472,912.00000000,1
1531162650140,1531162650136,3498425,0.00003472,1796.00000000,1
1531162666114,1531162666108,3498426,0.00003478,39.00000000,1
1531162673887,1531162673882,3498427,0.00003485,100.00000000,0
1531162673887,1531162673882,3498428,0.00003486,45.00000000,0
1531162700004,1531162699999,3498429,0.00003486,1956.00000000,0
1531162705843,1531162705839,3498430,0.00003483,4368.00000000,0
1531162705857,1531162705853,3498431,0.00003481,894.00000000,1
1531162705882,1531162705877,3498432,0.00003481,1805.00000000,1
1531162706721,1531162706717,3498433,0.00003486,58.00000000,0
1531162708777,1531162708773,3498434,0.00003486,286.00000000,0
1531162709454,1531162709449,3498435,0.00003486,481.00000000,0
1531162720706,1531162720702,3498436,0.00003481,29.00000000,1
1531162745698,1531162745692,3498437,0.00003482,1623.00000000,1
1531162745728,1531162745724,3498438,0.00003482,1152.00000000,1
1531162779632,1531162779627,3498439,0.00003486,1005.00000000,0
1531162779632,1531162779627,3498440,0.00003487,495.00000000,0
1531162781034,1531162781029,3498441,0.00003482,402.00000000,1
1531162785985,1531162785980,3498442,0.00003487,5216.00000000,0
1531162792602,1531162792597,3498443,0.00003485,823.00000000,0
1531162792614,1531162792609,3498444,0.00003483,807.00000000,1
1531162795604,1531162795600,3498445,0.00003487,13282.00000000,0
1531162796747,1531162796743,3498446,0.00003487,20.00000000,1
1531162796763,1531162796760,3498447,0.00003488,117.00000000,0
1531162796763,1531162796760,3498448,0.00003490,575.00000000,0
1531162797963,1531162797957,3498449,0.00003490,666.00000000,0
1531162799948,1531162799942,3498450,0.00003491,90.00000000,0
1531162802007,1531162802004,3498451,0.00003492,226.00000000,0
1531162803963,1531162803956,3498452,0.00003493,30.00000000,0
1531162805953,1531162805946,3498453,0.00003497,232.00000000,0
1531162805954,1531162805946,3498454,0.00003498,145.00000000,0
1531162805954,1531162805946,3498455,0.00003499,100.00000000,0
1531162807848,1531162807843,3498456,0.00003507,50.00000000,0
1531162807848,1531162807843,3498457,0.00003509,28.00000000,0
1531162809982,1531162809977,3498458,0.00003500,18.00000000,1
1531162815604,1531162815600,3498459,0.00003509,58.00000000,0
1531162815634,1531162815629,3498460,0.00003509,13.00000000,0
1531162816022,1531162816018,3498461,0.00003510,16.00000000,1
1531162816022,1531162816018,3498462,0.00003500,2.00000000,1
1531162816347,1531162816342,3498463,0.00003500,20.00000000,1
1531162817702,1531162817697,3498464,0.00003501,90.00000000,1
1531162819998,1531162819993,3498465,0.00003510,28.00000000,0
1531162821173,1531162821168,3498466,0.00003501,18.00000000,1
1531162823322,1531162823318,3498467,0.00003501,18.00000000,1
1531162828514,1531162828506,3498468,0.00003502,18.00000000,1
1531162830002,1531162829999,3498469,0.00003503,29.00000000,1
1531162830002,1531162829999,3498470,0.00003502,107.00000000,1
1531162834510,1531162834508,3498471,0.00003510,29.00000000,0
1531162834639,1531162834635,3498472,0.00003510,29.00000000,0
1531162834959,1531162834953,3498473,0.00003510,4.00000000,0
1531162834959,1531162834953,3498474,0.00003511,112.00000000,0
1531162854961,1531162854956,3498475,0.00003511,704.00000000,0
1531162855049,1531162855044,3498476,0.00003512,48.00000000,0
1531162860521,1531162860516,3498477,0.00003513,203.00000000,1
1531162867966,1531162867959,3498478,0.00003513,771.00000000,1
1531162867981,1531162867976,3498479,0.00003513,1771.00000000,1
1531162868890,1531162868887,3498480,0.00003512,10.00000000,1
1531162868890,1531162868887,3498481,0.00003511,13.00000000,1
1531162872440,1531162872436,3498482,0.00003511,18.00000000,1
1531162876428,1531162876426,3498483,0.00003513,142.00000000,0
1531162877704,1531162877698,3498484,0.00003513,61.00000000,0
1531162885834,1531162885832,3498485,0.00003513,43.00000000,1
1531162895209,1531162895203,3498486,0.00003518,30.00000000,0
1531162895209,1531162895203,3498487,0.00003519,29.00000000,0
1531162895248,1531162895244,3498488,0.00003519,56.00000000,1
1531162895968,1531162895963,3498489,0.00003520,1150.00000000,0
1531162897958,1531162897952,3498490,0.00003521,29.00000000,0
1531162898776,1531162898772,3498491,0.00003518,417.00000000,1
1531162899957,1531162899950,3498492,0.00003518,651.00000000,0
1531162901355,1531162901345,3498493,0.00003518,2978.00000000,0
1531162901363,1531162901358,3498494,0.00003514,1295.00000000,1
1531162914964,1531162914960,3498495,0.00003522,29.00000000,0
1531162915892,1531162915888,3498496,0.00003522,757.00000000,0
1531162918640,1531162918635,3498497,0.00003522,224.00000000,0
1531162920971,1531162920964,3498498,0.00003526,99.00000000,0
1531162924876,1531162924874,3498499,0.00003523,1862.00000000,1
1531162924897,1531162924890,3498500,0.00003523,1724.00000000,1
1531162928991,1531162928986,3498501,0.00003528,29.00000000,0
1531162929021,1531162929016,3498502,0.00003528,46.00000000,1
1531162929736,1531162929729,3498503,0.00003529,205.00000000,0
1531162929736,1531162929729,3498504,0.00003532,46.00000000,0
1531162929736,1531162929729,3498505,0.00003533,29.00000000,0
1531162929736,1531162929729,3498506,0.00003540,96.00000000,0
1531162930689,1531162930684,3498507,0.00003528,159.00000000,1
1531162930689,1531162930684,3498508,0.00003522,786.00000000,1
1531162934652,1531162934646,3498509,0.00003522,94.00000000,0
1531162934793,1531162934790,3498510,0.00003515,414.00000000,1
1531162935934,1531162935927,3498511,0.00003515,714.00000000,1
1531162935934,1531162935927,3498512,0.00003514,313.00000000,1
1531162935934,1531162935927,3498513,0.00003513,376.00000000,1
1531162944358,1531162944353,3498514,0.00003522,438.00000000,0
1531162949507,1531162949500,3498515,0.00003526,27.00000000,1
1531162956042,1531162956037,3498516,0.00003540,29.00000000,0
1531162956764,1531162956758,3498517,0.00003540,29.00000000,0
1531162957501,1531162957495,3498518,0.00003527,4.00000000,1
1531162958144,1531162958138,3498519,0.00003540,29.00000000,0
1531162959391,1531162959386,3498520,0.00003526,4.00000000,1
1531162961058,1531162961053,3498521,0.00003540,392.00000000,0
1531162961058,1531162961053,3498522,0.00003543,99.00000000,0
1531162961058,1531162961053,3498523,0.00003547,759.00000000,0
1531162961968,1531162961962,3498524,0.00003545,111.00000000,1
1531162971963,1531162971960,3498525,0.00003545,65.00000000,1
1531162997091,1531162997088,3498526,0.00003531,142.00000000,1
1531162997927,1531162997922,3498527,0.00003531,49.00000000,1
1531162997927,1531162997922,3498528,0.00003526,224.00000000,1
1531163008196,1531163008191,3498529,0.00003528,93.00000000,1
1531163026995,1531163026991,3498530,0.00003529,745.00000000,1
1531163028902,1531163028898,3498531,0.00003528,144.00000000,1
1531163035399,1531163035390,3498532,0.00003528,50.00000000,1
1531163035399,1531163035390,3498533,0.00003526,1432.00000000,1
1531163035399,1531163035390,3498534,0.00003525,29.00000000,1
1531163035399,1531163035390,3498535,0.00003513,426.00000000,1
1531163035399,1531163035390,3498536,0.00003510,467.00000000,1
1531163035400,1531163035390,3498537,0.00003509,207.00000000,1
1531163035400,1531163035390,3498538,0.00003508,504.00000000,1
1531163035400,1531163035390,3498539,0.00003505,1618.00000000,1
1531163036150,1531163036144,3498540,0.00003519,442.00000000,0
1531163036594,1531163036588,3498541,0.00003507,1000.00000000,1
1531163036594,1531163036588,3498542,0.00003505,369.00000000,1
1531163036594,1531163036588,3498543,0.00003504,388.00000000,1
1531163041781,1531163041778,3498544,0.00003503,459.00000000,1
1531163041845,1531163041840,3498545,0.00003503,298.00000000,1
1531163042879,1531163042874,3498546,0.00003503,295.00000000,1
1531163043468,1531163043462,3498547,0.00003503,295.00000000,1
1531163043673,1531163043666,3498548,0.00003503,296.00000000,1
1531163043808,1531163043803,3498549,0.00003503,265.00000000,1
1531163043850,1531163043846,3498550,0.00003503,292.00000000,1
1531163043890,1531163043884,3498551,0.00003518,284.00000000,0
1531163043890,1531163043884,3498552,0.00003520,216.00000000,0
1531163044392,1531163044387,3498553,0.00003503,293.00000000,1
1531163044871,1531163044865,3498554,0.00003504,109.00000000,1
1531163044871,1531163044865,3498555,0.00003503,181.00000000,1
1531163047863,1531163047857,3498556,0.00003504,174.00000000,1
1531163047979,1531163047974,3498557,0.00003504,119.00000000,0
1531163057575,1531163057570,3498558,0.00003503,1172.00000000,1
1531163062880,1531163062877,3498559,0.00003513,109.00000000,0
1531163064067,1531163064061,3498560,0.00003502,188.00000000,1
1531163064067,1531163064061,3498561,0.00003501,188.00000000,1
1531163069472,1531163069466,3498562,0.00003513,38.00000000,0
1531163069472,1531163069466,3498563,0.00003519,136.00000000,0
1531163082160,1531163082155,3498564,0.00003504,58.00000000,1
1531163089894,1531163089890,3498565,0.00003511,649.00000000,0
1531163089912,1531163089906,3498566,0.00003504,1595.00000000,1
1531163089927,1531163089923,3498567,0.00003504,311.00000000,1
1531163090037,1531163090032,3498568,0.00003504,58.00000000,0
1531163112124,1531163112122,3498569,0.00003519,38.00000000,0
1531163112124,1531163112122,3498570,0.00003520,20.00000000,0
1531163112576,1531163112570,3498571,0.00003520,29.00000000,0
1531163113025,1531163113022,3498572,0.00003520,29.00000000,0
1531163117279,1531163117274,3498573,0.00003520,2015.00000000,0
1531163120989,1531163120987,3498574,0.00003520,100.00000000,1
1531163124947,1531163124942,3498575,0.00003522,95.00000000,0
1531163124947,1531163124942,3498576,0.00003523,74.00000000,0
1531163138778,1531163138774,3498577,0.00003510,166.00000000,1
1531163138778,1531163138774,3498578,0.00003509,901.00000000,1
1531163138902,1531163138897,3498579,0.00003516,1897.00000000,0
1531163138912,1531163138907,3498580,0.00003509,1163.00000000,1
1531163142303,1531163142297,3498581,0.00003510,121.00000000,1
1531163143825,1531163143816,3498582,0.00003522,166.00000000,0
1531163143825,1531163143816,3498583,0.00003523,1659.00000000,0
1531163143825,1531163143816,3498584,0.00003526,1377.00000000,0
1531163143825,1531163143816,3498585,0.00003528,409.00000000,0
1531163143825,1531163143816,3498586,0.00003529,389.00000000,0
1531163144050,1531163144044,3498587,0.00003510,401.00000000,1
1531163158353,1531163158346,3498588,0.00003529,115.00000000,0
1531163158353,1531163158346,3498589,0.00003531,75.00000000,0
1531163163591,1531163163585,3498590,0.00003515,166.00000000,1
1531163163591,1531163163585,3498591,0.00003512,36.00000000,1
1531163186802,1531163186795,3498592,0.00003523,1984.00000000,0
1531163186818,1531163186814,3498593,0.00003517,1253.00000000,1
1531163186837,1531163186831,3498594,0.00003517,834.00000000,1
1531163198234,1531163198228,3498595,0.00003516,44.00000000,1
1531163224917,1531163224912,3498596,0.00003516,1750.00000000,1
1531163243697,1531163243692,3498597,0.00003523,2317.00000000,0
1531163243715,1531163243710,3498598,0.00003516,722.00000000,1
1531163243731,1531163243724,3498599,0.00003516,1063.00000000,1
1531163249893,1531163249887,3498600,0.00003516,625.00000000,1
1531163264560,1531163264556,3498601,0.00003528,791.00000000,0
1531163264560,1531163264556,3498602,0.00003529,4194.00000000,0
1531163274342,1531163274337,3498603,0.00003529,4299.00000000,0
1531163279033,1531163279027,3498604,0.00003531,141.00000000,0
1531163279033,1531163279027,3498605,0.00003532,73.00000000,0
1531163287550,1531163287542,3498606,0.00003532,77.00000000,0
1531163287550,1531163287542,3498607,0.00003533,165.00000000,0
1531163287550,1531163287542,3498608,0.00003534,116.00000000,0
1531163287550,1531163287542,3498609,0.00003540,129.00000000,0
1531163287550,1531163287542,3498610,0.00003544,342.00000000,0
1531163287550,1531163287542,3498611,0.00003545,165.00000000,0
1531163287550,1531163287542,3498612,0.00003546,256.00000000,0
1531163288683,1531163288677,3498613,0.00003529,1656.00000000,1
1531163296453,1531163296449,3498614,0.00003517,90.00000000,1
1531163307868,1531163307863,3498615,0.00003520,203.00000000,1
1531163307868,1531163307863,3498616,0.00003517,204.00000000,1
1531163307868,1531163307863,3498617,0.00003516,322.00000000,1
1531163307868,1531163307863,3498618,0.00003515,1934.00000000,1
1531163308003,1531163307999,3498619,0.00003515,1459.00000000,0
1531163308426,1531163308421,3498620,0.00003514,1549.00000000,1
1531163308451,1531163308447,3498621,0.00003514,1402.00000000,1
1531163331074,1531163331069,3498622,0.00003522,203.00000000,0
1531163333027,1531163333021,3498623,0.00003523,204.00000000,0
1531163333701,1531163333697,3498624,0.00003519,300.00000000,1
1531163335023,1531163335020,3498625,0.00003524,322.00000000,0
1531163345924,1531163345920,3498626,0.00003529,1428.00000000,0
1531163345941,1531163345936,3498627,0.00003522,1557.00000000,1
1531163345967,1531163345963,3498628,0.00003522,916.00000000,1
1531163346225,1531163346222,3498629,0.00003537,190.00000000,0
1531163346225,1531163346222,3498630,0.00003538,235.00000000,0
1531163352412,1531163352407,3498631,0.00003520,86.00000000,1
1531163356266,1531163356261,3498632,0.00003529,29.00000000,0
1531163374805,1531163374799,3498633,0.00003528,29.00000000,0
1531163375334,1531163375329,3498634,0.00003528,29.00000000,0
1531163376114,1531163376109,3498635,0.00003528,28.00000000,0
1531163376114,1531163376109,3498636,0.00003529,1.00000000,0
1531163383016,1531163383010,3498637,0.00003536,336.00000000,0
1531163383016,1531163383010,3498638,0.00003538,164.00000000,0
1531163388190,1531163388185,3498639,0.00003529,58.00000000,1
1531163405862,1531163405855,3498640,0.00003519,57.00000000,1
1531163426147,1531163426143,3498641,0.00003524,1219.00000000,0
1531163426162,1531163426156,3498642,0.00003520,185.00000000,1
1531163426189,1531163426184,3498643,0.00003520,535.00000000,1
1531163436124,1531163436118,3498644,0.00003519,1465.00000000,1
1531163442297,1531163442294,3498645,0.00003519,70.00000000,1
1531163461830,1531163461824,3498646,0.00003528,213.00000000,0
1531163475296,1531163475289,3498647,0.00003518,1837.00000000,1
1531163475310,1531163475304,3498648,0.00003518,1601.00000000,1
1531163490241,1531163490235,3498649,0.00003528,29.00000000,0
1531163525291,1531163525286,3498650,0.00003522,909.00000000,0
1531163525302,1531163525296,3498651,0.00003518,781.00000000,1
1531163525325,1531163525320,3498652,0.00003518,342.00000000,1
1531163525454,1531163525449,3498653,0.00003527,35.00000000,0
1531163531298,1531163531293,3498654,0.00003527,29.00000000,0
1531163531763,1531163531756,3498655,0.00003527,36.00000000,0
1531163531763,1531163531756,3498656,0.00003528,240.00000000,0
1531163542517,1531163542511,3498657,0.00003523,443.00000000,0
1531163542535,1531163542528,3498658,0.00003518,1654.00000000,1
1531163542551,1531163542547,3498659,0.00003518,179.00000000,1
1531163587202,1531163587198,3498660,0.00003523,2802.00000000,0
1531163587219,1531163587214,3498661,0.00003518,1008.00000000,1
1531163626606,1531163626602,3498662,0.00003518,1698.00000000,1
1531163639561,1531163639554,3498663,0.00003517,200.00000000,1
1531163665042,1531163665036,3498664,0.00003519,2854.00000000,1
1531163665572,1531163665565,3498665,0.00003519,282.00000000,1
1531163697075,1531163697069,3498666,0.00003519,1094.00000000,0
1531163697245,1531163697239,3498667,0.00003516,34.00000000,1
1531163711625,1531163711621,3498668,0.00003517,111.00000000,1
1531163716456,1531163716451,3498669,0.00003516,85.00000000,1
1531163721335,1531163721328,3498670,0.00003516,927.00000000,1
1531163721335,1531163721328,3498671,0.00003515,73.00000000,1
1531163724781,1531163724775,3498672,0.00003516,249.00000000,1
1531163724781,1531163724775,3498673,0.00003515,288.00000000,1
1531163732412,1531163732406,3498674,0.00003523,232.00000000,0
1531163732412,1531163732406,3498675,0.00003524,524.00000000,0
1531163732412,1531163732406,3498676,0.00003529,48.00000000,0
1531163735085,1531163735078,3498677,0.00003532,249.00000000,0
1531163736087,1531163736083,3498678,0.00003533,1724.00000000,0
1531163738192,1531163738186,3498679,0.00003529,90.00000000,1
1531163743771,1531163743766,3498680,0.00003529,90.00000000,1
1531163753078,1531163753073,3498681,0.00003533,29.00000000,0
1531163766409,1531163766407,3498682,0.00003529,13.00000000,1
1531163768781,1531163768774,3498683,0.00003532,431.00000000,0
1531163773050,1531163773045,3498684,0.00003532,425.00000000,0
1531163774611,1531163774606,3498685,0.00003532,978.00000000,0
1531163797299,1531163797294,3498686,0.00003529,140.00000000,1
1531163802769,1531163802763,3498687,0.00003532,230.00000000,0
1531163808215,1531163808209,3498688,0.00003530,1536.00000000,0
1531163808227,1531163808225,3498689,0.00003532,425.00000000,0
1531163811751,1531163811745,3498690,0.00003533,266.00000000,0
1531163811751,1531163811745,3498691,0.00003534,3334.00000000,0
1531163812865,1531163812859,3498692,0.00003534,105.00000000,0
1531163826086,1531163826083,3498693,0.00003532,522.00000000,1
1531163830429,1531163830422,3498694,0.00003532,120.00000000,1
1531163831228,1531163831225,3498695,0.00003532,120.00000000,1
1531163832271,1531163832265,3498696,0.00003532,4802.00000000,1
1531163843898,1531163843891,3498697,0.00003533,671.00000000,1
1531163844883,1531163844876,3498698,0.00003532,90.00000000,1
1531163870632,1531163870630,3498699,0.00003533,121.00000000,0
1531163906079,1531163906073,3498700,0.00003532,1174.00000000,1
1531163906092,1531163906086,3498701,0.00003532,259.00000000,0
1531163906098,1531163906091,3498702,0.00003532,100.00000000,1
1531163906102,1531163906096,3498703,0.00003533,980.00000000,0
1531163906113,1531163906106,3498704,0.00003533,1610.00000000,0
1531163927290,1531163927286,3498705,0.00003525,1885.00000000,1
1531163930455,1531163930449,3498706,0.00003525,600.00000000,0
1531163931098,1531163931090,3498707,0.00003525,100.00000000,0
1531163951235,1531163951229,3498708,0.00003525,7.00000000,0
1531163956932,1531163956927,3498709,0.00003526,180.00000000,1
1531163962439,1531163962435,3498710,0.00003526,180.00000000,1
1531163974648,1531163974641,3498711,0.00003533,79.00000000,0
1531163974648,1531163974641,3498712,0.00003534,704.00000000,0
1531163974648,1531163974641,3498713,0.00003539,29.00000000,0
1531163974648,1531163974641,3498714,0.00003540,58.00000000,0
1531163974648,1531163974641,3498715,0.00003542,29.00000000,0
1531163974648,1531163974641,3498716,0.00003543,58.00000000,0
1531163974648,1531163974641,3498717,0.00003547,79.00000000,0
1531163974648,1531163974641,3498718,0.00003548,2564.00000000,0
1531163990011,1531163990005,3498719,0.00003539,425.00000000,0
1531163990068,1531163990063,3498720,0.00003547,205.00000000,0
1531163990082,1531163990078,3498721,0.00003547,170.00000000,0
1531163997104,1531163997097,3498722,0.00003547,29.00000000,0
1531164004920,1531164004914,3498723,0.00003547,282.00000000,0
1531164006025,1531164006021,3498724,0.00003531,186.00000000,1
1531164016200,1531164016195,3498725,0.00003546,29.00000000,0
1531164016355,1531164016353,3498726,0.00003546,57.00000000,0
1531164016544,1531164016541,3498727,0.00003546,29.00000000,0
1531164016774,1531164016768,3498728,0.00003546,29.00000000,0
1531164023054,1531164023050,3498729,0.00003531,336.00000000,1
1531164023065,1531164023058,3498730,0.00003531,1282.00000000,1
1531164029115,1531164029108,3498731,0.00003531,29.00000000,1
1531164031104,1531164031098,3498732,0.00003530,235.00000000,1
1531164032117,1531164032113,3498733,0.00003529,57.00000000,1
1531164032904,1531164032898,3498734,0.00003526,97.00000000,1
1531164044007,1531164043971,3498735,0.00003526,1536.00000000,1
1531164067203,1531164067198,3498736,0.00003524,2436.00000000,1
1531164067913,1531164067907,3498737,0.00003524,878.00000000,1
1531164068107,1531164068102,3498738,0.00003523,236.00000000,1
1531164075026,1531164075020,3498739,0.00003520,29.00000000,1
1531164075026,1531164075020,3498740,0.00003515,236.00000000,1
1531164075026,1531164075020,3498741,0.00003512,29.00000000,1
1531164075026,1531164075020,3498742,0.00003511,66.00000000,1
1531164080538,1531164080534,3498743,0.00003511,90.00000000,1
1531164091618,1531164091612,3498744,0.00003511,908.00000000,1
1531164127708,1531164127703,3498745,0.00003524,865.00000000,0
1531164127723,1531164127718,3498746,0.00003524,952.00000000,0
1531164137565,1531164137560,3498747,0.00003525,29.00000000,0
1531164175314,1531164175307,3498748,0.00003511,113.00000000,1
1531164177257,1531164177252,3498749,0.00003524,86.00000000,0
1531164192433,1531164192430,3498750,0.00003511,1005.00000000,1
1531164192433,1531164192430,3498751,0.00003510,237.00000000,1
1531164192433,1531164192430,3498752,0.00003508,30.00000000,1
1531164192433,1531164192430,3498753,0.00003507,29.00000000,1
1531164192433,1531164192430,3498754,0.00003504,2010.00000000,1
1531164192433,1531164192430,3498755,0.00003504,444.00000000,1
1531164198079,1531164198073,3498756,0.00003511,90.00000000,1
1531164210562,1531164210558,3498757,0.00003524,322.00000000,0
1531164225438,1531164225432,3498758,0.00003522,42.00000000,0
1531164225438,1531164225432,3498759,0.00003523,488.00000000,0
1531164226646,1531164226641,3498760,0.00003523,577.00000000,0
1531164228387,1531164228382,3498761,0.00003524,177.00000000,0
1531164264085,1531164264080,3498762,0.00003517,1769.00000000,0
1531164264097,1531164264092,3498763,0.00003523,1396.00000000,0
1531164279285,1531164279279,3498764,0.00003524,1067.00000000,0
1531164286944,1531164286940,3498765,0.00003517,644.00000000,0
1531164286953,1531164286949,3498766,0.00003523,1459.00000000,0
1531164286970,1531164286966,3498767,0.00003523,244.00000000,0
1531164323457,1531164323454,3498768,0.00003519,149.00000000,0
1531164325813,1531164325807,3498769,0.00003518,350.00000000,0
1531164329854,1531164329848,3498770,0.00003518,1456.00000000,0
1531164329880,1531164329875,3498771,0.00003518,1361.00000000,0
1531164368828,1531164368823,3498772,0.00003518,350.00000000,1
1531164368847,1531164368841,3498773,0.00003518,312.00000000,0
1531164368858,1531164368853,3498774,0.00003518,350.00000000,1
1531164368882,1531164368877,3498775,0.00003518,56.00000000,0
1531164402365,1531164402362,3498776,0.00003517,407.00000000,0
1531164402382,1531164402380,3498777,0.00003517,1312.00000000,0
1531164402395,1531164402391,3498778,0.00003518,1305.00000000,0
1531164402961,1531164402957,3498779,0.00003518,151.00000000,1
1531164405027,1531164405022,3498780,0.00003518,90.00000000,1
1531164413235,1531164413229,3498781,0.00003518,90.00000000,1
1531164421077,1531164421072,3498782,0.00003518,75.00000000,1
1531164421077,1531164421072,3498783,0.00003511,15.00000000,1
1531164447058,1531164447054,3498784,0.00003523,1592.00000000,0
1531164447069,1531164447063,3498785,0.00003523,1570.00000000,0
1531164459959,1531164459956,3498786,0.00003523,29.00000000,0
1531164464459,1531164464453,3498787,0.00003517,865.00000000,0
1531164464475,1531164464472,3498788,0.00003523,589.00000000,0
1531164484774,1531164484770,3498789,0.00003523,29.00000000,1
1531164500360,1531164500355,3498790,0.00003522,1749.00000000,0
1531164500379,1531164500372,3498791,0.00003522,548.00000000,0
1531164500394,1531164500389,3498792,0.00003523,589.00000000,0
1531164504665,1531164504661,3498793,0.00003523,29.00000000,1
1531164520840,1531164520836,3498794,0.00003516,65.00000000,1
1531164571557,1531164571551,3498795,0.00003516,207.00000000,0
1531164571557,1531164571551,3498796,0.00003521,236.00000000,0
1531164571557,1531164571551,3498797,0.00003524,7.00000000,0
1531164593857,1531164593852,3498798,0.00003517,963.00000000,0
1531164593874,1531164593869,3498799,0.00003523,1734.00000000,0
1531164593896,1531164593891,3498800,0.00003523,467.00000000,0
1531164602547,1531164602546,3498801,0.00003512,192.00000000,1
1531164603192,1531164603186,3498802,0.00003512,286.00000000,0
1531164636789,1531164636782,3498803,0.00003511,65.00000000,1
1531164636789,1531164636782,3498804,0.00003510,1637.00000000,1
1531164636789,1531164636782,3498805,0.00003505,228.00000000,1
1531164636789,1531164636782,3498806,0.00003504,907.00000000,1
1531164643851,1531164643847,3498807,0.00003505,4.00000000,1
1531164646427,1531164646420,3498808,0.00003505,801.00000000,1
1531164646427,1531164646420,3498809,0.00003504,489.00000000,1
1531164646427,1531164646420,3498810,0.00003503,1563.00000000,1
1531164694778,1531164694772,3498811,0.00003503,500.00000000,1
1531164694849,1531164694843,3498812,0.00003508,337.00000000,0
1531164701562,1531164701559,3498813,0.00003503,193.00000000,1
1531164701562,1531164701559,3498814,0.00003502,200.00000000,1
1531164701562,1531164701559,3498815,0.00003501,2814.00000000,1
1531164701562,1531164701559,3498816,0.00003500,765.00000000,1
1531164703541,1531164703534,3498817,0.00003509,29.00000000,0
1531164726863,1531164726856,3498818,0.00003503,100.00000000,1
1531164726863,1531164726856,3498819,0.00003501,530.00000000,1
1531164726863,1531164726856,3498820,0.00003500,76.00000000,1
1531164761208,1531164761204,3498821,0.00003506,201.00000000,0
1531164767818,1531164767812,3498822,0.00003501,4.00000000,1
1531164786361,1531164786356,3498823,0.00003505,620.00000000,0
1531164786371,1531164786366,3498824,0.00003510,211.00000000,0
1531164810944,1531164810940,3498825,0.00003501,111.00000000,1
1531164818062,1531164818056,3498826,0.00003502,1042.00000000,1
1531164836398,1531164836392,3498827,0.00003504,549.00000000,0
1531164836408,1531164836402,3498828,0.00003507,1465.00000000,0
1531164836426,1531164836421,3498829,0.00003507,327.00000000,0
1531164851775,1531164851769,3498830,0.00003501,113.00000000,1
1531164851775,1531164851769,3498831,0.00003500,887.00000000,1
1531164886512,1531164886507,3498832,0.00003505,207.00000000,0
1531164886524,1531164886518,3498833,0.00003510,105.00000000,0
1531164914392,1531164914388,3498834,0.00003501,1142.00000000,1
1531164937675,1531164937670,3498835,0.00003511,220.00000000,0
1531164949031,1531164949027,3498836,0.00003500,55.00000000,1
1531164974113,1531164974106,3498837,0.00003506,126.00000000,0
1531164974123,1531164974118,3498838,0.00003501,51.00000000,1
1531164998224,1531164998218,3498839,0.00003501,39.00000000,0
1531165005953,1531165005947,3498840,0.00003500,2528.00000000,1
1531165028090,1531165028083,3498841,0.00003500,732.00000000,1
1531165057082,1531165057077,3498842,0.00003501,1004.00000000,1
1531165057779,1531165057772,3498843,0.00003511,17.00000000,0
1531165057779,1531165057772,3498844,0.00003522,484.00000000,0
1531165057779,1531165057772,3498845,0.00003523,420.00000000,0
1531165057779,1531165057772,3498846,0.00003524,6492.00000000,0
1531165059242,1531165059235,3498847,0.00003524,987.00000000,0
1531165060239,1531165060234,3498848,0.00003524,81.00000000,1
1531165070030,1531165070023,3498849,0.00003510,177.00000000,1
1531165070030,1531165070023,3498850,0.00003509,237.00000000,1
1531165070030,1531165070023,3498851,0.00003508,211.00000000,1
1531165070030,1531165070023,3498852,0.00003501,485.00000000,1
1531165070030,1531165070023,3498853,0.00003500,197.00000000,1
1531165086335,1531165086330,3498854,0.00003522,29.00000000,0
1531165086360,1531165086353,3498855,0.00003522,58.00000000,0
1531165205895,1531165205889,3498856,0.00003504,99.00000000,1
1531165213773,1531165213768,3498857,0.00003505,606.00000000,1
1531165284250,1531165284245,3498858,0.00003508,340.00000000,0
1531165284259,1531165284255,3498859,0.00003511,327.00000000,0
1531165320849,1531165320846,3498860,0.00003508,1817.00000000,0
1531165368871,1531165368864,3498861,0.00003508,90.00000000,1
1531165374270,1531165374266,3498862,0.00003511,112.00000000,0
1531165378709,1531165378704,3498863,0.00003509,386.00000000,1
1531165378727,1531165378721,3498864,0.00003509,812.00000000,1
1531165380566,1531165380559,3498865,0.00003508,39.00000000,1
1531165402190,1531165402184,3498866,0.00003508,50.00000000,1
1531165430210,1531165430204,3498867,0.00003510,763.00000000,0
1531165430223,1531165430218,3498868,0.00003510,1934.00000000,0
1531165448543,1531165448538,3498869,0.00003509,1922.00000000,0
1531165448567,1531165448561,3498870,0.00003509,932.00000000,0
1531165492124,1531165492117,3498871,0.00003509,373.00000000,0
1531165505536,1531165505531,3498872,0.00003518,1942.00000000,0
1531165545448,1531165545442,3498873,0.00003513,1837.00000000,0
1531165545459,1531165545455,3498874,0.00003518,1012.00000000,0
1531165585008,1531165585003,3498875,0.00003510,29.00000000,1
1531165586065,1531165586059,3498876,0.00003514,1182.00000000,0
1531165586079,1531165586073,3498877,0.00003518,1666.00000000,0
1531165628659,1531165628652,3498878,0.00003523,90.00000000,0
1531165628659,1531165628652,3498879,0.00003524,54.00000000,0
1531165663322,1531165663317,3498880,0.00003524,157.00000000,0
1531165663720,1531165663716,3498881,0.00003524,2.00000000,1
1531165687202,1531165687197,3498882,0.00003517,541.00000000,0
1531165687217,1531165687211,3498883,0.00003523,709.00000000,0
1531165687239,1531165687236,3498884,0.00003523,1594.00000000,0
1531165705894,1531165705890,3498885,0.00003511,160.00000000,1
1531165718381,1531165718374,3498886,0.00003510,240.00000000,1
1531165718381,1531165718374,3498887,0.00003509,1627.00000000,1
1531165747140,1531165747134,3498888,0.00003505,247.00000000,1
1531165868038,1531165868033,3498889,0.00003512,1496.00000000,0
1531165868063,1531165868056,3498890,0.00003512,185.00000000,0
1531165877156,1531165877150,3498891,0.00003505,200.00000000,1
1531165902158,1531165902152,3498892,0.00003513,235.00000000,0
1531165906583,1531165906577,3498893,0.00003512,878.00000000,0
1531165907618,1531165907610,3498894,0.00003512,637.00000000,0
1531165966574,1531165966568,3498895,0.00003511,207.00000000,1
1531165983249,1531165983244,3498896,0.00003511,757.00000000,1
1531165983275,1531165983268,3498897,0.00003511,593.00000000,1
1531165992850,1531165992837,3498898,0.00003510,100.00000000,1
1531166008071,1531166008066,3498899,0.00003517,1323.00000000,0
1531166008081,1531166008075,3498900,0.00003511,882.00000000,1
1531166112978,1531166112972,3498901,0.00003512,437.00000000,1
1531166130667,1531166130657,3498902,0.00003515,160.00000000,0
1531166130667,1531166130657,3498903,0.00003516,1424.00000000,0
1531166130667,1531166130657,3498904,0.00003520,1258.00000000,0
1531166130667,1531166130657,3498905,0.00003523,368.00000000,0
1531166130667,1531166130657,3498906,0.00003525,1452.00000000,0
1531166130667,1531166130657,3498907,0.00003528,105.00000000,0
1531166130667,1531166130657,3498908,0.00003533,125.00000000,0
1531166130667,1531166130657,3498909,0.00003534,29.00000000,0
1531166130667,1531166130657,3498910,0.00003535,29.00000000,0
1531166130667,1531166130657,3498911,0.00003536,150.00000000,0
1531166130667,1531166130657,3498912,0.00003537,146.00000000,0
1531166130667,1531166130657,3498913,0.00003538,29.00000000,0
1531166130667,1531166130657,3498914,0.00003539,140.00000000,0
1531166130667,1531166130657,3498915,0.00003540,245.00000000,0
1531166132741,1531166132734,3498916,0.00003519,236.00000000,1
1531166148041,1531166148037,3498917,0.00003514,215.00000000,1
1531166155934,1531166155926,3498918,0.00003531,29.00000000,0
1531166156287,1531166156281,3498919,0.00003531,29.00000000,0
1531166160580,1531166160579,3498920,0.00003517,101.00000000,1
1531166166354,1531166166352,3498921,0.00003524,3645.00000000,0
1531166166366,1531166166363,3498922,0.00003517,1418.00000000,1
1531166167668,1531166167664,3498923,0.00003517,101.00000000,0
1531166270578,1531166270572,3498924,0.00003522,345.00000000,1
1531166270604,1531166270597,3498925,0.00003522,1991.00000000,1
1531166298440,1531166298434,3498926,0.00003522,101.00000000,1
1531166301862,1531166301856,3498927,0.00003528,628.00000000,0
1531166301876,1531166301872,3498928,0.00003522,161.00000000,1
1531166329676,1531166329672,3498929,0.00003517,658.00000000,1
1531166329691,1531166329685,3498930,0.00003522,101.00000000,0
1531166372650,1531166372645,3498931,0.00003526,405.00000000,0
1531166372664,1531166372662,3498932,0.00003523,398.00000000,1
1531166372690,1531166372683,3498933,0.00003522,161.00000000,1
1531166407696,1531166407690,3498934,0.00003519,1064.00000000,0
1531166407706,1531166407700,3498935,0.00003517,626.00000000,1
1531166418303,1531166418298,3498936,0.00003518,2650.00000000,0
1531166418314,1531166418308,3498937,0.00003520,1069.00000000,0
1531166418332,1531166418327,3498938,0.00003520,1506.00000000,0
1531166449285,1531166449280,3498939,0.00003519,1322.00000000,0
1531166449299,1531166449293,3498940,0.00003517,1231.00000000,1
1531166449320,1531166449315,3498941,0.00003517,711.00000000,1
1531166490130,1531166490123,3498942,0.00003520,2000.00000000,1
1531166495097,1531166495090,3498943,0.00003516,29.00000000,1
1531166495097,1531166495090,3498944,0.00003514,22.00000000,1
1531166510711,1531166510704,3498945,0.00003515,1823.00000000,1
1531166510737,1531166510731,3498946,0.00003515,457.00000000,1
1531166521757,1531166521754,3498947,0.00003521,29.00000000,0
1531166549045,1531166549039,3498948,0.00003515,33.00000000,1
1531166570000,1531166569995,3498949,0.00003515,1147.00000000,1
1531166570015,1531166570010,3498950,0.00003515,155.00000000,1
1531166577870,1531166577862,3498951,0.00003514,344.00000000,1
1531166577870,1531166577862,3498952,0.00003512,381.00000000,1
1531166601427,1531166601421,3498953,0.00003513,200.00000000,1
1531166607780,1531166607774,3498954,0.00003513,1562.00000000,1
1531166607797,1531166607792,3498955,0.00003513,1037.00000000,1
1531166630694,1531166630688,3498956,0.00003513,28.00000000,0
1531166632782,1531166632779,3498957,0.00003513,172.00000000,0
1531166641887,1531166641883,3498958,0.00003515,28.00000000,0
1531166646431,1531166646426,3498959,0.00003514,732.00000000,1
1531166646446,1531166646441,3498960,0.00003514,629.00000000,0
1531166646453,1531166646447,3498961,0.00003514,732.00000000,1
1531166667633,1531166667627,3498962,0.00003513,358.00000000,1
1531166667659,1531166667653,3498963,0.00003514,148.00000000,0
1531166686537,1531166686530,3498964,0.00003514,1564.00000000,1
1531166686557,1531166686550,3498965,0.00003513,358.00000000,1
1531166699182,1531166699177,3498966,0.00003514,39.00000000,1
1531166699204,1531166699200,3498967,0.00003514,49.00000000,0
1531166699216,1531166699210,3498968,0.00003514,39.00000000,1
1531166738483,1531166738476,3498969,0.00003513,1000.00000000,1
1531166748953,1531166748947,3498970,0.00003514,1563.00000000,1
1531166758362,1531166758356,3498971,0.00003513,935.00000000,1
1531166767099,1531166767093,3498972,0.00003514,1538.00000000,1
1531166767113,1531166767110,3498973,0.00003514,2091.00000000,0
1531166767132,1531166767127,3498974,0.00003514,1538.00000000,1
1531166810291,1531166810286,3498975,0.00003514,182.00000000,1
1531166810313,1531166810307,3498976,0.00003514,1606.00000000,1
1531166821793,1531166821789,3498977,0.00003514,539.00000000,1
1531166821813,1531166821808,3498978,0.00003514,456.00000000,1
1531166823951,1531166823946,3498979,0.00003515,470.00000000,0
1531166849871,1531166849865,3498980,0.00003517,1297.00000000,1
1531166849895,1531166849894,3498981,0.00003517,1830.00000000,1
1531166861077,1531166861073,3498982,0.00003531,308.00000000,0
1531166861077,1531166861073,3498983,0.00003532,29.00000000,0
1531166861614,1531166861608,3498984,0.00003532,65.00000000,1
1531166866338,1531166866332,3498985,0.00003532,33.00000000,1
1531166874684,1531166874682,3498986,0.00003533,137.00000000,1
1531166879501,1531166879496,3498987,0.00003533,738.00000000,1
1531166880502,1531166880496,3498988,0.00003532,523.00000000,1
1531166880652,1531166880649,3498989,0.00003526,200.00000000,1
1531166893873,1531166893867,3498990,0.00003526,30.00000000,1
1531166922632,1531166922628,3498991,0.00003527,317.00000000,1
1531166928742,1531166928737,3498992,0.00003527,537.00000000,1
1531166945801,1531166945795,3498993,0.00003517,1557.00000000,1
1531166945826,1531166945820,3498994,0.00003517,1806.00000000,1
1531166945838,1531166945833,3498995,0.00003527,258.00000000,0
1531166969722,1531166969718,3498996,0.00003517,1327.00000000,1
1531167007240,1531167007234,3498997,0.00003517,513.00000000,1
1531167007252,1531167007247,3498998,0.00003517,987.00000000,1
1531167015094,1531167015088,3498999,0.00003516,210.00000000,1
1531167015094,1531167015088,3499000,0.00003515,102.00000000,1
1531167049435,1531167049433,3499001,0.00003516,472.00000000,1
1531167107008,1531167107001,3499002,0.00003519,1630.00000000,0
1531167107027,1531167107021,3499003,0.00003516,1466.00000000,1
1531167107055,1531167107049,3499004,0.00003516,627.00000000,1
1531167134620,1531167134614,3499005,0.00003516,1002.00000000,1
1531167188455,1531167188450,3499006,0.00003519,2953.00000000,0
1531167188474,1531167188469,3499007,0.00003516,1078.00000000,1
1531167197137,1531167197135,3499008,0.00003519,2346.00000000,0
1531167197149,1531167197144,3499009,0.00003516,205.00000000,1
1531167197171,1531167197166,3499010,0.00003516,1504.00000000,1
1531167247032,1531167247030,3499011,0.00003516,167.00000000,1
1531167270277,1531167270272,3499012,0.00003516,408.00000000,1
1531167270298,1531167270292,3499013,0.00003516,228.00000000,1
1531167308736,1531167308730,3499014,0.00003516,114.00000000,1
1531167308757,1531167308752,3499015,0.00003516,1684.00000000,1
1531167327893,1531167327890,3499016,0.00003520,857.00000000,0
1531167327912,1531167327909,3499017,0.00003517,557.00000000,1
1531167365619,1531167365614,3499018,0.00003520,907.00000000,0
1531167365634,1531167365627,3499019,0.00003517,341.00000000,1
1531167386471,1531167386465,3499020,0.00003520,540.00000000,0
1531167386482,1531167386476,3499021,0.00003517,403.00000000,1
1531167482742,1531167482736,3499022,0.00003519,210.00000000,0
1531167482742,1531167482736,3499023,0.00003522,165.00000000,0
1531167506377,1531167506370,3499024,0.00003519,1986.00000000,1
1531167527103,1531167527097,3499025,0.00003522,29.00000000,0
1531167527144,1531167527137,3499026,0.00003522,58.00000000,0
1531167552530,1531167552525,3499027,0.00003519,710.00000000,1
1531167552556,1531167552552,3499028,0.00003518,1250.00000000,1
1531167557582,1531167557577,3499029,0.00003516,3750.00000000,1
1531167563656,1531167563655,3499030,0.00003515,898.00000000,1
1531167566575,1531167566571,3499031,0.00003512,3182.00000000,1
1531167568589,1531167568582,3499032,0.00003507,237.00000000,1
1531167579639,1531167579632,3499033,0.00003506,201.00000000,1
1531167579639,1531167579632,3499034,0.00003505,2511.00000000,1
1531167588015,1531167588010,3499035,0.00003513,227.00000000,0
1531167588028,1531167588027,3499036,0.00003506,1959.00000000,1
1531167588049,1531167588042,3499037,0.00003506,115.00000000,1
1531167600617,1531167600614,3499038,0.00003518,201.00000000,0
1531167600617,1531167600614,3499039,0.00003521,236.00000000,0
1531167600617,1531167600614,3499040,0.00003522,1266.00000000,0
1531167613590,1531167613583,3499041,0.00003506,68.00000000,1
1531167648482,1531167648476,3499042,0.00003514,1075.00000000,0
1531167648489,1531167648485,3499043,0.00003507,1234.00000000,1
1531167648506,1531167648501,3499044,0.00003507,727.00000000,1
1531167681603,1531167681599,3499045,0.00003514,2312.00000000,0
1531167681615,1531167681611,3499046,0.00003507,776.00000000,1
1531167706827,1531167706822,3499047,0.00003507,1984.00000000,1
1531167706852,1531167706846,3499048,0.00003507,1544.00000000,1
1531167736554,1531167736549,3499049,0.00003507,1869.00000000,0
1531167744586,1531167744580,3499050,0.00003507,236.00000000,0
1531167767524,1531167767518,3499051,0.00003510,123.00000000,0
1531167767544,1531167767538,3499052,0.00003507,1059.00000000,1
1531167767565,1531167767559,3499053,0.00003507,59.00000000,1
1531167801999,1531167801993,3499054,0.00003510,1818.00000000,0
1531167802007,1531167802002,3499055,0.00003507,1298.00000000,1
1531167802036,1531167802030,3499056,0.00003507,1716.00000000,1
1531167848152,1531167848147,3499057,0.00003513,29.00000000,0
1531167864016,1531167864009,3499058,0.00003511,68.00000000,0
1531167864016,1531167864009,3499059,0.00003512,47.00000000,0
1531167867937,1531167867932,3499060,0.00003512,305.00000000,0
1531167867955,1531167867949,3499061,0.00003512,765.00000000,0
1531167880327,1531167880325,3499062,0.00003507,892.00000000,1
1531167880346,1531167880341,3499063,0.00003507,227.00000000,1
1531167901322,1531167901317,3499064,0.00003507,204.00000000,1
1531167908994,1531167908988,3499065,0.00003510,464.00000000,0
1531167909014,1531167909008,3499066,0.00003507,60.00000000,1
1531167922829,1531167922824,3499067,0.00003506,1217.00000000,1
1531167922852,1531167922848,3499068,0.00003507,204.00000000,0
1531167946941,1531167946936,3499069,0.00003508,1779.00000000,1
1531167946959,1531167946953,3499070,0.00003507,60.00000000,1
1531167973180,1531167973175,3499071,0.00003506,33.00000000,1
1531167973190,1531167973184,3499072,0.00003506,2946.00000000,0
1531167973204,1531167973199,3499073,0.00003507,204.00000000,0
1531167987248,1531167987242,3499074,0.00003514,236.00000000,0
1531167987248,1531167987242,3499075,0.00003521,180.00000000,0
1531168028462,1531168028456,3499076,0.00003514,1657.00000000,0
1531168028469,1531168028465,3499077,0.00003509,992.00000000,1
1531168028487,1531168028482,3499078,0.00003509,1480.00000000,1
1531168028505,1531168028499,3499079,0.00003507,60.00000000,1
1531168045645,1531168045642,3499080,0.00003507,204.00000000,0
1531168054843,1531168054838,3499081,0.00003510,2613.00000000,0
1531168054857,1531168054851,3499082,0.00003506,1675.00000000,1
1531168086058,1531168086053,3499083,0.00003506,1820.00000000,1
1531168086082,1531168086077,3499084,0.00003506,1308.00000000,1
1531168104460,1531168104454,3499085,0.00003506,208.00000000,1
1531168134252,1531168134246,3499086,0.00003520,227.00000000,0
1531168134252,1531168134246,3499087,0.00003521,189.00000000,0
1531168139067,1531168139061,3499088,0.00003521,242.00000000,0
1531168139067,1531168139061,3499089,0.00003522,178.00000000,0
1531168179677,1531168179672,3499090,0.00003521,3471.00000000,0
1531168185142,1531168185136,3499091,0.00003521,1000.00000000,0
1531168226827,1531168226821,3499092,0.00003520,428.00000000,0
1531168236821,1531168236815,3499093,0.00003520,29.00000000,0
1531168268414,1531168268409,3499094,0.00003508,1434.00000000,1
1531168268428,1531168268424,3499095,0.00003508,1060.00000000,1
1531168298076,1531168298070,3499096,0.00003513,864.00000000,0
1531168298090,1531168298085,3499097,0.00003509,914.00000000,1
1531168298112,1531168298107,3499098,0.00003509,527.00000000,1
1531168324922,1531168324916,3499099,0.00003509,945.00000000,1
1531168351185,1531168351182,3499100,0.00003509,309.00000000,1
1531168351207,1531168351201,3499101,0.00003509,29.00000000,1
1531168352957,1531168352950,3499102,0.00003508,1268.00000000,1
1531168352957,1531168352950,3499103,0.00003507,227.00000000,1
1531168352957,1531168352950,3499104,0.00003505,5219.00000000,1
1531168370719,1531168370713,3499105,0.00003501,1378.00000000,1
1531168370737,1531168370732,3499106,0.00003501,1995.00000000,1
1531168387824,1531168387818,3499107,0.00003500,2595.00000000,1
1531168389511,1531168389506,3499108,0.00003500,344.00000000,1
1531168399004,1531168398999,3499109,0.00003500,30.00000000,1
1531168405083,1531168405078,3499110,0.00003500,29.00000000,1
1531168411339,1531168411333,3499111,0.00003501,1990.00000000,1
1531168411347,1531168411342,3499112,0.00003501,1445.00000000,1
1531168416969,1531168416967,3499113,0.00003511,144.00000000,0
1531168463538,1531168463532,3499114,0.00003509,112.00000000,1
1531168466051,1531168466046,3499115,0.00003509,847.00000000,1
1531168466074,1531168466068,3499116,0.00003509,854.00000000,1
1531168472789,1531168472784,3499117,0.00003509,112.00000000,0
1531168506478,1531168506473,3499118,0.00003509,854.00000000,1
1531168506492,1531168506486,3499119,0.00003509,613.00000000,0
1531168506508,1531168506503,3499120,0.00003509,854.00000000,1
1531168526721,1531168526715,3499121,0.00003509,112.00000000,0
1531168537411,1531168537405,3499122,0.00003510,642.00000000,0
1531168564665,1531168564659,3499123,0.00003509,854.00000000,1
1531168574867,1531168574863,3499124,0.00003508,123.00000000,1
1531168574870,1531168574865,3499125,0.00003508,20.00000000,1
1531168574870,1531168574865,3499126,0.00003501,103.00000000,1
1531168574887,1531168574885,3499127,0.00003501,140.00000000,1
1531168585762,1531168585756,3499128,0.00003505,2828.00000000,0
1531168585776,1531168585771,3499129,0.00003501,962.00000000,1
1531168585798,1531168585793,3499130,0.00003509,112.00000000,0
1531168594786,1531168594782,3499131,0.00003510,858.00000000,0
1531168629192,1531168629186,3499132,0.00003518,685.00000000,0
1531168629206,1531168629201,3499133,0.00003513,1623.00000000,1
1531168629233,1531168629228,3499134,0.00003513,423.00000000,1
1531168650889,1531168650885,3499135,0.00003523,29.00000000,0
1531168661661,1531168661657,3499136,0.00003518,1538.00000000,0
1531168661684,1531168661677,3499137,0.00003513,1352.00000000,1
1531168661742,1531168661737,3499138,0.00003513,1538.00000000,1
1531168737943,1531168737936,3499139,0.00003512,500.00000000,1
1531168744078,1531168744072,3499140,0.00003512,191.00000000,1
1531168801687,1531168801682,3499141,0.00003512,500.00000000,0
1531168801687,1531168801682,3499142,0.00003523,197.00000000,0
1531168801687,1531168801682,3499143,0.00003524,123.00000000,0
1531168801687,1531168801682,3499144,0.00003526,50.00000000,0
1531168869098,1531168869092,3499145,0.00003520,311.00000000,0
1531168869106,1531168869104,3499146,0.00003515,1872.00000000,1
1531168869126,1531168869124,3499147,0.00003515,175.00000000,1
1531168884753,1531168884747,3499148,0.00003518,44.00000000,0
1531168884765,1531168884760,3499149,0.00003512,787.00000000,1
1531168884783,1531168884777,3499150,0.00003512,38.00000000,1
1531168929275,1531168929269,3499151,0.00003514,200.00000000,1
1531168970244,1531168970240,3499152,0.00003511,899.00000000,1
1531168970259,1531168970254,3499153,0.00003511,485.00000000,0
1531168970270,1531168970268,3499154,0.00003511,899.00000000,1
1531168980111,1531168980106,3499155,0.00003511,1628.00000000,1
1531168980131,1531168980125,3499156,0.00003511,999.00000000,1
1531168981796,1531168981791,3499157,0.00003510,600.00000000,1
1531168988069,1531168988062,3499158,0.00003510,42.00000000,1
1531168988069,1531168988062,3499159,0.00003502,228.00000000,1
1531168988069,1531168988062,3499160,0.00003500,3600.00000000,1
1531169026997,1531169026992,3499161,0.00003501,187.00000000,1
1531169027013,1531169027007,3499162,0.00003501,811.00000000,1
1531169035360,1531169035353,3499163,0.00003501,1260.00000000,1
1531169047250,1531169047244,3499164,0.00003512,100.00000000,0
1531169068128,1531169068122,3499165,0.00003515,249.00000000,1
1531169103439,1531169103433,3499166,0.00003515,424.00000000,1
1531169103494,1531169103489,3499167,0.00003514,384.00000000,1
1531169140060,1531169140054,3499168,0.00003514,624.00000000,1
1531169147678,1531169147673,3499169,0.00003507,1698.00000000,1
1531169181498,1531169181493,3499170,0.00003513,2187.00000000,0
1531169181514,1531169181510,3499171,0.00003507,1473.00000000,1
1531169181539,1531169181533,3499172,0.00003507,1989.00000000,1
1531169227336,1531169227332,3499173,0.00003514,317.00000000,0
1531169227348,1531169227343,3499174,0.00003508,1324.00000000,1
1531169227354,1531169227349,3499175,0.00003508,137.00000000,1
1531169254413,1531169254407,3499176,0.00003508,118.00000000,1
1531169257878,1531169257874,3499177,0.00003514,2621.00000000,0
1531169257890,1531169257883,3499178,0.00003508,905.00000000,1
1531169257910,1531169257905,3499179,0.00003508,805.00000000,1
1531169289053,1531169289048,3499180,0.00003507,1500.00000000,1
1531169289066,1531169289061,3499181,0.00003507,2045.00000000,0
1531169289081,1531169289074,3499182,0.00003508,118.00000000,0
1531169307490,1531169307484,3499183,0.00003509,1100.00000000,1
1531169307511,1531169307506,3499184,0.00003508,805.00000000,1
1531169307533,1531169307527,3499185,0.00003507,1500.00000000,1
1531169326589,1531169326584,3499186,0.00003507,2045.00000000,0
1531169363263,1531169363257,3499187,0.00003508,159.00000000,1
1531169363275,1531169363271,3499188,0.00003508,842.00000000,1
1531169363302,1531169363296,3499189,0.00003507,1500.00000000,1
1531169378518,1531169378513,3499190,0.00003507,1000.00000000,0
1531169386655,1531169386650,3499191,0.00003507,1045.00000000,0
1531169434483,1531169434478,3499192,0.00003514,1880.00000000,0
1531169434497,1531169434491,3499193,0.00003508,653.00000000,1
1531169434524,1531169434519,3499194,0.00003507,2500.00000000,1
1531169449160,1531169449154,3499195,0.00003507,1045.00000000,0
1531169467797,1531169467791,3499196,0.00003507,2500.00000000,1
1531169467797,1531169467791,3499197,0.00003506,659.00000000,1
1531169477115,1531169477108,3499198,0.00003507,469.00000000,1
1531169477115,1531169477108,3499199,0.00003506,316.00000000,1
1531169477115,1531169477108,3499200,0.00003505,228.00000000,1
1531169477115,1531169477108,3499201,0.00003500,1002.00000000,1
1531169477144,1531169477139,3499202,0.00003500,459.00000000,0
1531169477204,1531169477198,3499203,0.00003498,87.00000000,1
1531169477204,1531169477198,3499204,0.00003497,29.00000000,1
1531169477204,1531169477198,3499205,0.00003496,58.00000000,1
1531169477204,1531169477198,3499206,0.00003495,285.00000000,1
1531169483628,1531169483621,3499207,0.00003495,2.00000000,1
1531169483628,1531169483621,3499208,0.00003494,176.00000000,1
1531169483628,1531169483621,3499209,0.00003493,117.00000000,1
1531169483629,1531169483621,3499210,0.00003493,90.00000000,1
1531169483629,1531169483621,3499211,0.00003492,116.00000000,1
1531169508025,1531169508019,3499212,0.00003500,684.00000000,0
1531169508025,1531169508019,3499213,0.00003506,228.00000000,0
1531169508025,1531169508019,3499214,0.00003509,128.00000000,0
1531169514281,1531169514275,3499215,0.00003494,289.00000000,1
1531169528192,1531169528187,3499216,0.00003502,1510.00000000,0
1531169528207,1531169528201,3499217,0.00003495,613.00000000,1
1531169528226,1531169528221,3499218,0.00003495,609.00000000,1
1531169564429,1531169564424,3499219,0.00003502,3687.00000000,0
1531169564443,1531169564438,3499220,0.00003496,233.00000000,1
1531169564468,1531169564462,3499221,0.00003496,1773.00000000,1
1531169605875,1531169605869,3499222,0.00003502,770.00000000,0
1531169605882,1531169605878,3499223,0.00003495,231.00000000,1
1531169605905,1531169605901,3499224,0.00003495,385.00000000,1
1531169624242,1531169624214,3499225,0.00003496,550.00000000,1
1531169628974,1531169628968,3499226,0.00003509,28.00000000,0
1531169629724,1531169629718,3499227,0.00003494,300.00000000,1
1531169670970,1531169670965,3499228,0.00003493,79.00000000,1
1531169731680,1531169731673,3499229,0.00003509,29.00000000,0
1531169788325,1531169788319,3499230,0.00003495,1111.00000000,1
1531169788350,1531169788345,3499231,0.00003495,1549.00000000,1
1531169834533,1531169834527,3499232,0.00003494,1447.00000000,1
1531169834559,1531169834555,3499233,0.00003494,165.00000000,1
1531169870328,1531169870322,3499234,0.00003494,1859.00000000,1
1531169881837,1531169881832,3499235,0.00003500,1770.00000000,0
1531169881851,1531169881845,3499236,0.00003494,1758.00000000,1
1531169881875,1531169881870,3499237,0.00003494,952.00000000,1
1531169927768,1531169927763,3499238,0.00003499,1042.00000000,0
1531169927778,1531169927772,3499239,0.00003494,386.00000000,1
1531169932505,1531169932500,3499240,0.00003493,101.00000000,1
1531169932505,1531169932500,3499241,0.00003492,82.00000000,1
1531169950477,1531169950474,3499242,0.00003496,149.00000000,1
1531169956476,1531169956472,3499243,0.00003496,26.00000000,1
1531169956864,1531169956858,3499244,0.00003496,149.00000000,0
1531169989689,1531169989683,3499245,0.00003500,398.00000000,0
1531169989705,1531169989698,3499246,0.00003496,186.00000000,1
1531169989722,1531169989717,3499247,0.00003496,157.00000000,1
1531170008108,1531170008103,3499248,0.00003496,1278.00000000,1
1531170008132,1531170008125,3499249,0.00003496,1929.00000000,1
1531170084083,1531170084077,3499250,0.00003495,689.00000000,1
1531170110265,1531170110261,3499251,0.00003496,29.00000000,0
1531170110292,1531170110288,3499252,0.00003495,149.00000000,1
1531170133611,1531170133606,3499253,0.00003495,12.00000000,1
1531170145798,1531170145792,3499254,0.00003495,582.00000000,0
1531170163673,1531170163667,3499255,0.00003495,32.00000000,1
1531170244334,1531170244328,3499256,0.00003495,500.00000000,1
1531170272663,1531170272658,3499257,0.00003495,32.00000000,1
1531170296598,1531170296593,3499258,0.00003502,121.00000000,0
1531170296618,1531170296613,3499259,0.00003496,76.00000000,1
1531170328539,1531170328534,3499260,0.00003495,83.00000000,1
1531170328539,1531170328534,3499261,0.00003494,228.00000000,1
1531170328539,1531170328534,3499262,0.00003492,1209.00000000,1
1531170328556,1531170328552,3499263,0.00003492,1759.00000000,0
1531170328573,1531170328569,3499264,0.00003492,2074.00000000,0
1531170329569,1531170329563,3499265,0.00003492,317.00000000,0
1531170329896,1531170329890,3499266,0.00003492,5087.00000000,0
1531170330902,1531170330897,3499267,0.00003498,228.00000000,0
1531170586138,1531170586132,3499268,0.00003491,118.00000000,1
1531170588468,1531170588463,3499269,0.00003502,1.00000000,0
1531170646153,1531170646148,3499270,0.00003497,879.00000000,0
1531170646163,1531170646159,3499271,0.00003492,314.00000000,1
1531170659749,1531170659744,3499272,0.00003502,29.00000000,0
1531170665352,1531170665346,3499273,0.00003497,617.00000000,0
1531170665363,1531170665357,3499274,0.00003493,860.00000000,1
1531170665380,1531170665374,3499275,0.00003493,454.00000000,1
1531170680844,1531170680839,3499276,0.00003502,29.00000000,0
1531170703938,1531170703933,3499277,0.00003502,169.00000000,0
1531170748140,1531170748135,3499278,0.00003500,409.00000000,0
1531170748148,1531170748143,3499279,0.00003492,297.00000000,1
1531170767828,1531170767824,3499280,0.00003493,214.00000000,1
1531170874943,1531170874936,3499281,0.00003493,1557.00000000,0
1531170876075,1531170876070,3499282,0.00003492,171.00000000,1
1531170879564,1531170879559,3499283,0.00003492,545.00000000,1
1531170879948,1531170879943,3499284,0.00003492,171.00000000,0
1531170937251,1531170937248,3499285,0.00003493,57.00000000,1
1531171020375,1531171020370,3499286,0.00003492,666.00000000,1
1531171046802,1531171046797,3499287,0.00003492,606.00000000,1
1531171073562,1531171073557,3499288,0.00003500,837.00000000,0
1531171073572,1531171073566,3499289,0.00003492,654.00000000,1
1531171142352,1531171142347,3499290,0.00003500,1081.00000000,0
1531171142367,1531171142361,3499291,0.00003492,807.00000000,1
1531171168013,1531171168008,3499292,0.00003492,702.00000000,1
1531171205566,1531171205561,3499293,0.00003494,1361.00000000,1
1531171205582,1531171205576,3499294,0.00003494,29.00000000,1
1531171209704,1531171209697,3499295,0.00003508,318.00000000,0
1531171209704,1531171209697,3499296,0.00003509,358.00000000,0
1531171209704,1531171209697,3499297,0.00003513,29.00000000,0
1531171209704,1531171209697,3499298,0.00003520,29.00000000,0
1531171209704,1531171209697,3499299,0.00003522,146.00000000,0
1531171209704,1531171209697,3499300,0.00003524,670.00000000,0
1531171209704,1531171209697,3499301,0.00003525,1450.00000000,0
1531171221907,1531171221901,3499302,0.00003518,227.00000000,0
1531171221907,1531171221901,3499303,0.00003524,57.00000000,0
1531171221907,1531171221901,3499304,0.00003525,1938.00000000,0
1531171223691,1531171223686,3499305,0.00003523,206.00000000,0
1531171223691,1531171223686,3499306,0.00003525,83.00000000,0
1531171223691,1531171223686,3499307,0.00003526,197.00000000,0
1531171223691,1531171223686,3499308,0.00003528,3454.00000000,0
1531171227083,1531171227077,3499309,0.00003519,29.00000000,1
1531171227327,1531171227321,3499310,0.00003519,9.00000000,1
1531171227337,1531171227332,3499311,0.00003519,20.00000000,1
1531171227419,1531171227414,3499312,0.00003516,29.00000000,0
1531171379617,1531171379612,3499313,0.00003518,109.00000000,0
1531171379617,1531171379612,3499314,0.00003523,108.00000000,0
1531171379617,1531171379612,3499315,0.00003528,283.00000000,0
1531171448745,1531171448740,3499316,0.00003524,29.00000000,0
1531171483077,1531171483073,3499317,0.00003513,190.00000000,1
1531171490508,1531171490503,3499318,0.00003512,105.00000000,1
1531171494373,1531171494367,3499319,0.00003523,190.00000000,0
1531171494373,1531171494367,3499320,0.00003524,226.00000000,0
1531171498287,1531171498282,3499321,0.00003524,326.00000000,0
1531171520391,1531171520387,3499322,0.00003511,28.00000000,1
1531171523657,1531171523651,3499323,0.00003511,28.00000000,1
1531171542635,1531171542631,3499324,0.00003514,174.00000000,1
1531171548558,1531171548554,3499325,0.00003513,1125.00000000,1
1531171548584,1531171548580,3499326,0.00003513,1416.00000000,1
1531171565064,1531171565059,3499327,0.00003513,144.00000000,1
1531171572962,1531171572958,3499328,0.00003513,921.00000000,1
1531171627905,1531171627902,3499329,0.00003514,1612.00000000,1
1531171651045,1531171651040,3499330,0.00003514,678.00000000,1
1531171667089,1531171667085,3499331,0.00003514,533.00000000,1
1531171679766,1531171679761,3499332,0.00003517,1609.00000000,0
1531171679781,1531171679776,3499333,0.00003514,559.00000000,1
1531171709378,1531171709372,3499334,0.00003517,3038.00000000,0
1531171709394,1531171709390,3499335,0.00003514,1187.00000000,1
1531171730093,1531171730089,3499336,0.00003514,53.00000000,1
1531171730109,1531171730105,3499337,0.00003514,261.00000000,1
1531171768568,1531171768565,3499338,0.00003514,1690.00000000,1
1531171768584,1531171768580,3499339,0.00003514,1365.00000000,1
1531171786251,1531171786246,3499340,0.00003517,3852.00000000,0
1531171786267,1531171786262,3499341,0.00003514,380.00000000,1
1531171786287,1531171786283,3499342,0.00003514,1592.00000000,1
1531171827898,1531171827894,3499343,0.00003514,1660.00000000,1
1531171827920,1531171827915,3499344,0.00003514,772.00000000,1
1531171852078,1531171852075,3499345,0.00003514,2085.00000000,1
1531171857016,1531171857011,3499346,0.00003517,3184.00000000,0
1531171857026,1531171857021,3499347,0.00003514,181.00000000,1
1531171886831,1531171886827,3499348,0.00003513,472.00000000,1
1531171886841,1531171886836,3499349,0.00003513,311.00000000,0
1531171886857,1531171886854,3499350,0.00003514,1124.00000000,0
1531171896062,1531171896059,3499351,0.00003514,181.00000000,1
1531171915258,1531171915255,3499352,0.00003514,29.00000000,0
1531171924445,1531171924442,3499353,0.00003510,1459.00000000,0
1531171924455,1531171924450,3499354,0.00003506,1377.00000000,1
1531171924477,1531171924472,3499355,0.00003514,1095.00000000,0
1531171935847,1531171935843,3499356,0.00003515,71.00000000,1
1531171935870,1531171935865,3499357,0.00003514,210.00000000,1
1531171939783,1531171939777,3499358,0.00003514,1095.00000000,0
1531171939783,1531171939777,3499359,0.00003519,454.00000000,0
1531171939783,1531171939777,3499360,0.00003524,534.00000000,0
1531171960844,1531171960839,3499361,0.00003524,170.00000000,0
1531172090089,1531172090085,3499362,0.00003519,324.00000000,0
1531172090100,1531172090096,3499363,0.00003514,219.00000000,1
1531172107079,1531172107075,3499364,0.00003514,192.00000000,1
1531172123294,1531172123290,3499365,0.00003518,2985.00000000,0
1531172123314,1531172123309,3499366,0.00003514,846.00000000,1
1531172123329,1531172123324,3499367,0.00003514,1382.00000000,1
1531172193248,1531172193245,3499368,0.00003514,1071.00000000,1
1531172193268,1531172193263,3499369,0.00003514,984.00000000,1
1531172226936,1531172226932,3499370,0.00003516,168.00000000,0
1531172226955,1531172226951,3499371,0.00003514,87.00000000,1
1531172228836,1531172228832,3499372,0.00003513,154.00000000,1
1531172250995,1531172250992,3499373,0.00003514,1004.00000000,0
1531172251018,1531172251013,3499374,0.00003514,1804.00000000,0
1531172268498,1531172268495,3499375,0.00003513,230.00000000,1
1531172304755,1531172304751,3499376,0.00003513,100.00000000,1
1531172331849,1531172331845,3499377,0.00003513,100.00000000,1
1531172362876,1531172362871,3499378,0.00003513,302.00000000,1
1531172405520,1531172405517,3499379,0.00003505,769.00000000,1
1531172405531,1531172405526,3499380,0.00003505,1822.00000000,1
1531172429511,1531172429507,3499381,0.00003505,100.00000000,1
1531172449901,1531172449898,3499382,0.00003513,200.00000000,0
1531172467612,1531172467608,3499383,0.00003513,5.00000000,0
1531172492691,1531172492688,3499384,0.00003513,192.00000000,1
1531172499704,1531172499700,3499385,0.00003513,182.00000000,1
1531172507422,1531172507419,3499386,0.00003509,1269.00000000,0
1531172507441,1531172507438,3499387,0.00003505,835.00000000,1
1531172520176,1531172520172,3499388,0.00003513,29.00000000,0
1531172546416,1531172546412,3499389,0.00003512,220.00000000,0
1531172546808,1531172546804,3499390,0.00003505,1857.00000000,1
1531172546823,1531172546820,3499391,0.00003505,823.00000000,1
1531172588012,1531172588008,3499392,0.00003504,29.00000000,1
1531172588012,1531172588008,3499393,0.00003502,29.00000000,1
1531172588012,1531172588008,3499394,0.00003500,79.00000000,1
1531172606723,1531172606720,3499395,0.00003498,1835.00000000,1
1531172613249,1531172613246,3499396,0.00003505,28.00000000,0
1531172646743,1531172646739,3499397,0.00003498,536.00000000,1
1531172661805,1531172661802,3499398,0.00003498,1105.00000000,1
1531172661823,1531172661820,3499399,0.00003498,936.00000000,1
1531172704636,1531172704632,3499400,0.00003503,1417.00000000,0
1531172704654,1531172704650,3499401,0.00003501,1289.00000000,1
1531172730052,1531172730049,3499402,0.00003501,1539.00000000,1
1531172730063,1531172730060,3499403,0.00003501,1364.00000000,1
1531172747845,1531172747842,3499404,0.00003502,2243.00000000,0
1531172747860,1531172747856,3499405,0.00003501,1839.00000000,1
1531172759805,1531172759802,3499406,0.00003501,943.00000000,1
1531172759821,1531172759817,3499407,0.00003501,1960.00000000,1
1531172789659,1531172789655,3499408,0.00003503,566.00000000,0
1531172789679,1531172789676,3499409,0.00003503,280.00000000,0
1531172865922,1531172865918,3499410,0.00003504,269.00000000,0
1531172865922,1531172865918,3499411,0.00003505,18.00000000,0
1531172868963,1531172868961,3499412,0.00003501,731.00000000,1
1531172906174,1531172906170,3499413,0.00003502,711.00000000,1
1531172906189,1531172906185,3499414,0.00003502,62.00000000,1
1531172945333,1531172945329,3499415,0.00003504,1572.00000000,1
1531172945353,1531172945350,3499416,0.00003504,355.00000000,1
1531172964979,1531172964977,3499417,0.00003505,124.00000000,0
1531172982124,1531172982121,3499418,0.00003510,1173.00000000,0
1531172982131,1531172982128,3499419,0.00003509,900.00000000,1
1531172982144,1531172982141,3499420,0.00003509,581.00000000,1
1531173002128,1531173002124,3499421,0.00003509,303.00000000,1
1531173002128,1531173002124,3499422,0.00003504,391.00000000,1
1531173002128,1531173002124,3499423,0.00003503,521.00000000,1
1531173002128,1531173002124,3499424,0.00003501,228.00000000,1
1531173002128,1531173002124,3499425,0.00003500,535.00000000,1
1531173003176,1531173003172,3499426,0.00003500,144.00000000,1
1531173004513,1531173004509,3499427,0.00003501,181.00000000,1
1531173006089,1531173006084,3499428,0.00003500,68.00000000,1
1531173012158,1531173012153,3499429,0.00003500,138.00000000,1
1531173012158,1531173012153,3499430,0.00003497,29.00000000,1
1531173012158,1531173012153,3499431,0.00003494,10.00000000,1
1531173014702,1531173014697,3499432,0.00003494,354.00000000,1
1531173015140,1531173015137,3499433,0.00003494,220.00000000,1
1531173016631,1531173016629,3499434,0.00003495,65.00000000,1
1531173016631,1531173016629,3499435,0.00003494,8.00000000,1
1531173016631,1531173016629,3499436,0.00003493,155.00000000,1
1531173018451,1531173018448,3499437,0.00003493,130.00000000,1
1531173018746,1531173018742,3499438,0.00003490,29.00000000,1
1531173018746,1531173018742,3499439,0.00003487,59.00000000,1
1531173021144,1531173021139,3499440,0.00003494,71.00000000,1
1531173021144,1531173021139,3499441,0.00003488,73.00000000,1
1531173021144,1531173021139,3499442,0.00003487,28.00000000,1
1531173021144,1531173021139,3499443,0.00003486,4.00000000,1
1531173023467,1531173023464,3499444,0.00003486,90.00000000,1
1531173023784,1531173023780,3499445,0.00003486,144.00000000,1
1531173024740,1531173024737,3499446,0.00003486,99.00000000,1
1531173025666,1531173025663,3499447,0.00003486,40.00000000,1
1531173025666,1531173025663,3499448,0.00003484,99.00000000,1
1531173027587,1531173027584,3499449,0.00003483,534.00000000,1
1531173029396,1531173029392,3499450,0.00003482,954.00000000,1
1531173029992,1531173029989,3499451,0.00003482,292.00000000,0
1531173031984,1531173031980,3499452,0.00003481,440.00000000,1
1531173032254,1531173032250,3499453,0.00003481,28.00000000,1
1531173034975,1531173034970,3499454,0.00003482,180.00000000,1
1531173045055,1531173045052,3499455,0.00003482,107.00000000,1
1531173045251,1531173045248,3499456,0.00003481,90.00000000,1
1531173046702,1531173046665,3499457,0.00003488,40.00000000,0
1531173048334,1531173048330,3499458,0.00003486,73.00000000,0
1531173048334,1531173048330,3499459,0.00003487,375.00000000,0
1531173050318,1531173050313,3499460,0.00003487,73.00000000,0
1531173064448,1531173064443,3499461,0.00003482,773.00000000,1
1531173087063,1531173087059,3499462,0.00003484,586.00000000,1
1531173134172,1531173134169,3499463,0.00003493,603.00000000,0
1531173134194,1531173134191,3499464,0.00003493,1937.00000000,0
1531173137480,1531173137476,3499465,0.00003494,228.00000000,0
1531173147373,1531173147369,3499466,0.00003492,1336.00000000,0
1531173147390,1531173147386,3499467,0.00003484,461.00000000,1
1531173193436,1531173193433,3499468,0.00003498,154.00000000,0
1531173222486,1531173222483,3499469,0.00003497,284.00000000,0
1531173240080,1531173240077,3499470,0.00003488,1966.00000000,1
1531173240100,1531173240097,3499471,0.00003488,1311.00000000,1
1531173287210,1531173287207,3499472,0.00003494,734.00000000,0
1531173287227,1531173287224,3499473,0.00003490,706.00000000,1
1531173308604,1531173308601,3499474,0.00003494,299.00000000,0
1531173308623,1531173308621,3499475,0.00003490,1922.00000000,1
1531173308651,1531173308646,3499476,0.00003490,192.00000000,1
1531173365228,1531173365224,3499477,0.00003494,1101.00000000,0
1531173365235,1531173365231,3499478,0.00003490,427.00000000,1
1531173413752,1531173413750,3499479,0.00003493,1561.00000000,1
1531173453599,1531173453596,3499480,0.00003497,248.00000000,0
1531173453617,1531173453614,3499481,0.00003496,1776.00000000,1
1531173453637,1531173453633,3499482,0.00003496,111.00000000,1
1531173599627,1531173599623,3499483,0.00003498,27.00000000,0
1531173599627,1531173599623,3499484,0.00003502,104.00000000,0
1531173601532,1531173601529,3499485,0.00003504,71.00000000,0
1531173603534,1531173603531,3499486,0.00003510,290.00000000,0
1531173604538,1531173604536,3499487,0.00003511,58.00000000,0
1531173607182,1531173607178,3499488,0.00003509,3779.00000000,0
1531173607192,1531173607189,3499489,0.00003503,1549.00000000,1
1531173607213,1531173607209,3499490,0.00003515,227.00000000,0
1531173631487,1531173631484,3499491,0.00003516,29.00000000,0
1531173654857,1531173654854,3499492,0.00003505,100.00000000,1
1531173672271,1531173672268,3499493,0.00003503,338.00000000,1
1531173672294,1531173672290,3499494,0.00003503,1140.00000000,1
1531173692378,1531173692375,3499495,0.00003515,100.00000000,0
1531173692378,1531173692375,3499496,0.00003516,29.00000000,0
1531173692427,1531173692424,3499497,0.00003516,74.00000000,1
1531173726045,1531173726043,3499498,0.00003509,149.00000000,0
1531173726056,1531173726053,3499499,0.00003504,83.00000000,1
1531173760050,1531173760047,3499500,0.00003504,180.00000000,1
1531173770685,1531173770681,3499501,0.00003504,255.00000000,1
1531173770702,1531173770700,3499502,0.00003504,413.00000000,1
1531173865497,1531173865496,3499503,0.00003509,644.00000000,0
1531173865516,1531173865514,3499504,0.00003506,1636.00000000,1
1531173865539,1531173865535,3499505,0.00003506,362.00000000,1
1531173874156,1531173874154,3499506,0.00003505,100.00000000,1
1531173908264,1531173908262,3499507,0.00003508,2446.00000000,0
1531173908284,1531173908281,3499508,0.00003503,963.00000000,1
1531173933254,1531173933251,3499509,0.00003508,3790.00000000,0
1531173933264,1531173933262,3499510,0.00003503,1648.00000000,1
1531173995840,1531173995837,3499511,0.00003503,1137.00000000,1
1531173996777,1531173996774,3499512,0.00003508,3339.00000000,0
1531173996791,1531173996789,3499513,0.00003503,1190.00000000,1
1531173997540,1531173997538,3499514,0.00003503,75.00000000,0
1531174046338,1531174046335,3499515,0.00003503,311.00000000,1
1531174046362,1531174046359,3499516,0.00003503,236.00000000,1
1531174086580,1531174086578,3499517,0.00003510,74.00000000,0
1531174087366,1531174087362,3499518,0.00003511,1875.00000000,0
1531174087378,1531174087376,3499519,0.00003506,1259.00000000,1
1531174087396,1531174087394,3499520,0.00003506,1875.00000000,1
1531174129871,1531174129868,3499521,0.00003510,46.00000000,0
1531174129878,1531174129876,3499522,0.00003506,33.00000000,1
1531174189353,1531174189350,3499523,0.00003503,1197.00000000,1
1531174204482,1531174204480,3499524,0.00003504,1917.00000000,0
1531174204493,1531174204491,3499525,0.00003503,1498.00000000,1
1531174225290,1531174225288,3499526,0.00003504,816.00000000,0
1531174225307,1531174225303,3499527,0.00003503,384.00000000,1
1531174225329,1531174225328,3499528,0.00003503,756.00000000,1
1531174225386,1531174225384,3499529,0.00003506,2000.00000000,0
1531174244859,1531174244857,3499530,0.00003502,70.00000000,1
1531174261794,1531174261792,3499531,0.00003502,1.00000000,1
1531174261794,1531174261792,3499532,0.00003501,29.00000000,1
1531174272286,1531174272282,3499533,0.00003500,518.00000000,1
1531174279979,1531174279973,3499534,0.00003499,255.00000000,1
1531174280421,1531174280419,3499535,0.00003499,264.00000000,0
1531174286442,1531174286441,3499536,0.00003507,623.00000000,0
1531174286459,1531174286457,3499537,0.00003499,410.00000000,1
1531174316806,1531174316803,3499538,0.00003499,706.00000000,1
1531174316829,1531174316827,3499539,0.00003499,198.00000000,1
1531174367913,1531174367912,3499540,0.00003506,1728.00000000,0
1531174367922,1531174367920,3499541,0.00003499,592.00000000,1
1531174410575,1531174410573,3499542,0.00003511,669.00000000,0
1531174411518,1531174411514,3499543,0.00003513,391.00000000,0
1531174413444,1531174413442,3499544,0.00003514,287.00000000,0
1531174416437,1531174416435,3499545,0.00003516,227.00000000,0
1531174474396,1531174474394,3499546,0.00003513,354.00000000,0
1531174474405,1531174474403,3499547,0.00003506,181.00000000,1
1531174516587,1531174516584,3499548,0.00003520,94.00000000,0
1531174518760,1531174518758,3499549,0.00003509,1484.00000000,1
1531174518782,1531174518778,3499550,0.00003509,1880.00000000,1
1531174567792,1531174567790,3499551,0.00003511,801.00000000,1
1531174567819,1531174567817,3499552,0.00003511,430.00000000,1
1531174592120,1531174592117,3499553,0.00003520,250.00000000,0
1531174633662,1531174633659,3499554,0.00003514,1618.00000000,0
1531174633677,1531174633675,3499555,0.00003509,166.00000000,1
1531174633699,1531174633697,3499556,0.00003509,680.00000000,1
1531174653950,1531174653947,3499557,0.00003506,4.00000000,1
1531174656171,1531174656169,3499558,0.00003505,4.00000000,1
1531174696591,1531174696590,3499559,0.00003514,3416.00000000,0
1531174696607,1531174696603,3499560,0.00003509,1460.00000000,1
1531174757421,1531174757420,3499561,0.00003509,1190.00000000,1
1531174826737,1531174826735,3499562,0.00003511,1539.00000000,1
1531174843299,1531174843297,3499563,0.00003521,58.00000000,0
1531174861940,1531174861939,3499564,0.00003521,56.00000000,0
1531174866645,1531174866643,3499565,0.00003521,87.00000000,0
1531174868650,1531174868647,3499566,0.00003521,87.00000000,0
1531174871688,1531174871686,3499567,0.00003517,1375.00000000,0
1531174871701,1531174871697,3499568,0.00003514,1122.00000000,1
1531174871715,1531174871712,3499569,0.00003521,87.00000000,0
1531174871717,1531174871715,3499570,0.00003514,756.00000000,1
1531174902661,1531174902658,3499571,0.00003521,87.00000000,0
