event_time,trade_time,trade_id,price,quantity,maker
1531160270932,1531160270929,2877745,0.00125750,46.35000000,1
1531160312427,1531160312422,2877746,0.00125860,55.00000000,0
1531160312434,1531160312432,2877747,0.00125990,99.23000000,0
1531160312452,1531160312449,2877748,0.00125990,25.00000000,0
1531160330196,1531160330192,2877749,0.00125870,221.52000000,0
1531160330207,1531160330205,2877750,0.00125750,77.62000000,1
1531160330225,1531160330221,2877751,0.00125750,91.54000000,1
1531160336953,1531160336949,2877752,0.00125740,6.60000000,1
1531160340861,1531160340858,2877753,0.00125550,252.42000000,0
1531160340875,1531160340872,2877754,0.00125990,99.37000000,0
1531160382547,1531160382543,2877755,0.00125200,1.32000000,1
1531160442415,1531160442411,2877756,0.00125420,28.64000000,0
1531160442422,1531160442419,2877757,0.00125100,12.25000000,1
1531160516788,1531160516785,2877758,0.00125130,30.51000000,1
1531160523651,1531160523648,2877759,0.00125390,44.14000000,0
1531160523665,1531160523661,2877760,0.00125140,35.60000000,1
1531160587309,1531160587305,2877761,0.00125080,97.98000000,1
1531160611805,1531160611800,2877762,0.00125080,22.39000000,1
1531160689579,1531160689575,2877763,0.00125140,8.21000000,1
1531160700694,1531160700691,2877764,0.00125150,24.10000000,1
1531160706991,1531160706988,2877765,0.00125140,107.14000000,1
1531160713913,1531160713908,2877766,0.00125140,1.32000000,1
1531160713913,1531160713908,2877767,0.00125080,559.49000000,1
1531160720111,1531160720106,2877768,0.00125340,76.72000000,0
1531160720125,1531160720122,2877769,0.00125090,30.69000000,1
1531160759473,1531160759468,2877770,0.00125090,35.50000000,1
1531160765831,1531160765828,2877771,0.00125550,0.79000000,0
1531160771382,1531160771380,2877772,0.00125080,0.53000000,1
1531160846900,1531160846895,2877773,0.00125580,0.79000000,0
1531160964879,1531160964874,2877774,0.00125580,8.74000000,0
1531160975873,1531160975869,2877775,0.00125600,6.61000000,0
1531160999917,1531160999914,2877776,0.00125880,68.54000000,0
1531161004661,1531161004659,2877777,0.00125390,3.00000000,1
1531161031822,1531161031819,2877778,0.00125630,155.14000000,0
1531161031836,1531161031833,2877779,0.00125390,51.89000000,1
1531161031858,1531161031853,2877780,0.00125390,64.09000000,1
1531161152701,1531161152698,2877781,0.00125400,88.51000000,1
1531161272408,1531161272405,2877782,0.00125550,36.13000000,0
1531161272423,1531161272418,2877783,0.00125400,20.67000000,1
1531161272441,1531161272439,2877784,0.00125400,15.83000000,1
1531161296436,1531161296432,2877785,0.00125400,30.03000000,1
1531161296453,1531161296449,2877786,0.00125400,74.93000000,1
1531161331858,1531161331854,2877787,0.00125400,24.23000000,1
1531161331871,1531161331867,2877788,0.00125400,0.80000000,1
1531161340234,1531161340230,2877789,0.00125540,9.34000000,0
1531161340244,1531161340239,2877790,0.00125400,74.00000000,1
1531161340261,1531161340257,2877791,0.00125400,3.68000000,1
1531161362851,1531161362850,2877792,0.00125400,64.00000000,1
1531161364586,1531161364582,2877793,0.00125540,225.00000000,0
1531161364596,1531161364591,2877794,0.00125400,65.31000000,1
1531161364622,1531161364616,2877795,0.00125400,21.23000000,1
1531161365040,1531161365037,2877796,0.00125400,64.00000000,0
1531161388524,1531161388521,2877797,0.00125520,237.98000000,0
1531161388538,1531161388534,2877798,0.00125660,56.75000000,0
1531161388553,1531161388548,2877799,0.00125660,98.34000000,0
1531161388894,1531161388889,2877800,0.00125670,2.00000000,0
1531161391554,1531161391549,2877801,0.00125390,5.00000000,1
1531161398257,1531161398254,2877802,0.00125650,2.00000000,0
1531161420662,1531161420657,2877803,0.00125400,50.71000000,1
1531161434345,1531161434341,2877804,0.00125400,17.50000000,1
1531161434358,1531161434353,2877805,0.00125400,54.17000000,1
1531161450789,1531161450784,2877806,0.00125880,0.79000000,0
1531161480205,1531161480200,2877807,0.00125400,4.45000000,1
1531161485894,1531161485892,2877808,0.00125400,2.04000000,0
1531161497368,1531161497363,2877809,0.00125640,59.86000000,0
1531161497388,1531161497384,2877810,0.00125400,53.53000000,1
1531161497406,1531161497402,2877811,0.00125400,46.03000000,1
1531161529640,1531161529636,2877812,0.00125400,77.75000000,1
1531161558680,1531161558678,2877813,0.00125390,4.61000000,1
1531161558909,1531161558908,2877814,0.00125390,31.16000000,0
1531161571458,1531161571455,2877815,0.00125300,43.39000000,1
1531161571471,1531161571468,2877816,0.00125300,58.82000000,1
1531161582201,1531161582197,2877817,0.00125540,106.29000000,0
1531161582217,1531161582212,2877818,0.00125300,68.15000000,1
1531161734596,1531161734590,2877819,0.00125400,7.97000000,1
1531161734596,1531161734590,2877820,0.00125300,7.98000000,1
1531161734596,1531161734590,2877821,0.00125290,2.08000000,1
1531161758154,1531161758151,2877822,0.00125460,137.60000000,0
1531161758172,1531161758167,2877823,0.00125300,76.40000000,1
1531161758185,1531161758182,2877824,0.00125300,64.29000000,1
1531161758247,1531161758243,2877825,0.00125620,2.21000000,0
1531161780011,1531161780007,2877826,0.00125450,70.07000000,0
1531161780021,1531161780016,2877827,0.00125300,60.39000000,1
1531161812599,1531161812594,2877828,0.00125310,45.42000000,1
1531161812623,1531161812619,2877829,0.00125310,45.71000000,1
1531161827116,1531161827110,2877830,0.00125470,50.93000000,0
1531161827129,1531161827125,2877831,0.00125310,39.78000000,1
1531161865974,1531161865969,2877832,0.00125650,0.79000000,0
1531161903606,1531161903602,2877833,0.00125470,8.33000000,0
1531161903622,1531161903618,2877834,0.00125640,51.46000000,0
1531161903641,1531161903637,2877835,0.00125640,3.10000000,0
1531161915054,1531161915049,2877836,0.00125460,9.50000000,0
1531161915064,1531161915060,2877837,0.00125300,66.73000000,1
1531161915087,1531161915081,2877838,0.00125300,3.47000000,1
1531161932734,1531161932729,2877839,0.00125480,185.67000000,0
1531161932741,1531161932737,2877840,0.00125310,95.70000000,1
1531161959981,1531161959976,2877841,0.00125330,49.82000000,1
1531161960010,1531161960004,2877842,0.00125330,84.15000000,1
1531161992142,1531161992138,2877843,0.00125480,21.63000000,0
1531161992152,1531161992147,2877844,0.00125310,10.41000000,1
1531162009036,1531162009031,2877845,0.00125480,124.08000000,0
1531162009054,1531162009049,2877846,0.00125320,96.93000000,1
1531162019923,1531162019917,2877847,0.00125480,109.90000000,0
1531162019936,1531162019932,2877848,0.00125320,37.42000000,1
1531162019962,1531162019958,2877849,0.00125320,40.10000000,1
1531162069959,1531162069955,2877850,0.00125470,48.39000000,0
1531162069970,1531162069965,2877851,0.00125310,29.51000000,1
1531162084970,1531162084966,2877852,0.00125480,107.71000000,0
1531162084977,1531162084972,2877853,0.00125310,61.46000000,1
1531162084994,1531162084990,2877854,0.00125310,94.48000000,1
1531162110491,1531162110488,2877855,0.00125460,99.51000000,0
1531162110503,1531162110499,2877856,0.00125310,57.85000000,1
1531162139219,1531162139215,2877857,0.00125480,7.40000000,0
1531162139234,1531162139229,2877858,0.00125310,53.60000000,1
1531162139252,1531162139247,2877859,0.00125310,2.58000000,1
1531162171335,1531162171330,2877860,0.00125480,129.02000000,0
1531162171345,1531162171341,2877861,0.00125310,86.23000000,1
1531162171369,1531162171365,2877862,0.00125310,66.51000000,1
1531162178882,1531162178881,2877863,0.00125310,32.10000000,1
1531162178905,1531162178901,2877864,0.00125310,1.75000000,1
1531162199993,1531162199988,2877865,0.00125460,138.55000000,0
1531162200007,1531162200003,2877866,0.00125300,14.66000000,1
1531162200025,1531162200019,2877867,0.00125300,53.28000000,1
1531162231365,1531162231361,2877868,0.00125470,173.43000000,0
1531162231377,1531162231373,2877869,0.00125310,18.21000000,1
1531162231389,1531162231387,2877870,0.00125310,76.73000000,1
1531162239674,1531162239670,2877871,0.00125480,80.09000000,0
1531162239689,1531162239684,2877872,0.00125320,45.50000000,1
1531162260700,1531162260693,2877873,0.00125560,104.28000000,0
1531162260719,1531162260714,2877874,0.00125480,68.59000000,1
1531162292521,1531162292516,2877875,0.00125550,219.68000000,0
1531162292534,1531162292529,2877876,0.00125630,71.65000000,0
1531162292550,1531162292546,2877877,0.00125630,85.15000000,0
1531162309755,1531162309751,2877878,0.00125480,59.21000000,1
1531162319267,1531162319261,2877879,0.00125480,29.64000000,1
1531162352705,1531162352701,2877880,0.00125560,74.57000000,0
1531162352720,1531162352716,2877881,0.00125480,38.10000000,1
1531162352742,1531162352740,2877882,0.00125480,65.43000000,1
1531162362555,1531162362551,2877883,0.00125560,73.92000000,0
1531162362571,1531162362566,2877884,0.00125480,36.64000000,1
1531162362586,1531162362582,2877885,0.00125480,46.21000000,1
1531162383913,1531162383909,2877886,0.00125550,70.35000000,0
1531162383927,1531162383923,2877887,0.00125630,72.79000000,0
1531162383946,1531162383941,2877888,0.00125630,27.05000000,0
1531162393954,1531162393949,2877889,0.00125480,86.68000000,1
1531162412157,1531162412152,2877890,0.00125480,73.68000000,1
1531162440532,1531162440527,2877891,0.00125480,20.82000000,1
1531162440548,1531162440542,2877892,0.00125480,18.32000000,1
1531162472129,1531162472125,2877893,0.00125490,16.32000000,1
1531162495825,1531162495821,2877894,0.00125560,25.84000000,0
1531162495841,1531162495837,2877895,0.00125490,9.08000000,1
1531162501983,1531162501980,2877896,0.00125480,6.48000000,1
1531162532102,1531162532097,2877897,0.00125630,93.26000000,0
1531162554014,1531162554008,2877898,0.00125570,70.41000000,0
1531162554027,1531162554023,2877899,0.00125500,58.67000000,1
1531162591107,1531162591103,2877900,0.00125570,121.62000000,0
1531162591117,1531162591111,2877901,0.00125500,93.56000000,1
1531162608597,1531162608591,2877902,0.00125560,59.73000000,0
1531162608609,1531162608605,2877903,0.00125630,42.07000000,0
1531162620058,1531162620054,2877904,0.00125500,20.64000000,1
1531162652872,1531162652866,2877905,0.00125500,93.87000000,1
1531162669805,1531162669801,2877906,0.00125500,31.30000000,1
1531162711712,1531162711707,2877907,0.00125570,75.41000000,0
1531162711723,1531162711720,2877908,0.00125500,29.23000000,1
1531162755035,1531162755029,2877909,0.00125500,1.00000000,1
1531162755035,1531162755029,2877910,0.00125490,6.79000000,1
1531162755035,1531162755029,2877911,0.00125480,3.52000000,1
1531162755035,1531162755029,2877912,0.00125470,1.00000000,1
1531162755035,1531162755029,2877913,0.00125290,4.55000000,1
1531162755035,1531162755029,2877914,0.00125080,22.72000000,1
1531162755104,1531162755102,2877915,0.00125080,6.05000000,1
1531162831192,1531162831187,2877916,0.00125380,207.92000000,0
1531162831204,1531162831199,2877917,0.00125630,95.37000000,0
1531162895652,1531162895647,2877918,0.00125420,148.75000000,0
1531162895669,1531162895664,2877919,0.00125630,50.60000000,0
1531162895692,1531162895687,2877920,0.00125630,59.50000000,0
1531162919869,1531162919864,2877921,0.00125410,16.16000000,0
1531162919882,1531162919875,2877922,0.00125630,9.41000000,0
1531162985104,1531162985101,2877923,0.00125260,78.90000000,1
1531162985120,1531162985115,2877924,0.00125260,91.95000000,1
1531163020141,1531163020136,2877925,0.00125640,13.00000000,0
1531163020141,1531163020136,2877926,0.00125650,33.35000000,0
1531163064397,1531163064392,2877927,0.00125480,83.61000000,0
1531163064408,1531163064404,2877928,0.00125320,49.78000000,1
1531163083406,1531163083403,2877929,0.00125650,7.95000000,0
1531163100003,1531163099998,2877930,0.00125640,47.28000000,0
1531163100025,1531163100020,2877931,0.00125640,81.87000000,0
1531163113684,1531163113680,2877932,0.00125480,75.02000000,0
1531163113695,1531163113690,2877933,0.00125320,34.50000000,1
1531163113715,1531163113709,2877934,0.00125320,65.81000000,1
1531163182054,1531163182049,2877935,0.00125470,53.75000000,0
1531163182072,1531163182066,2877936,0.00125300,49.78000000,1
1531163306441,1531163306435,2877937,0.00125460,70.67000000,0
1531163306461,1531163306455,2877938,0.00125640,26.57000000,0
1531163340655,1531163340650,2877939,0.00125470,112.37000000,0
1531163340664,1531163340660,2877940,0.00125300,41.92000000,1
1531163361510,1531163361505,2877941,0.00125640,91.95000000,0
1531163473735,1531163473728,2877942,0.00125650,10.00000000,0
1531163496220,1531163496215,2877943,0.00125650,4.00000000,0
1531163501300,1531163501294,2877944,0.00125650,0.50000000,0
1531163537186,1531163537180,2877945,0.00125650,0.80000000,0
1531163552449,1531163552444,2877946,0.00125320,6.29000000,1
1531163563394,1531163563389,2877947,0.00125480,194.84000000,0
1531163563407,1531163563401,2877948,0.00125320,73.40000000,1
1531163563429,1531163563424,2877949,0.00125320,87.76000000,1
1531163612029,1531163612024,2877950,0.00125320,29.35000000,1
1531163618095,1531163618091,2877951,0.00125270,5.62000000,1
1531163618095,1531163618091,2877952,0.00125260,1.00000000,1
1531163618095,1531163618091,2877953,0.00125090,7.29000000,1
1531163618104,1531163618098,2877954,0.00125090,0.95000000,1
1531163618104,1531163618098,2877955,0.00125080,12.96000000,1
1531163618105,1531163618102,2877956,0.00125080,13.91000000,1
1531163639081,1531163639075,2877957,0.00125340,11.35000000,0
1531163639090,1531163639084,2877958,0.00125090,95.20000000,1
1531163639111,1531163639107,2877959,0.00125090,8.00000000,1
1531163672211,1531163672206,2877960,0.00125320,149.52000000,0
1531163672223,1531163672217,2877961,0.00125090,23.67000000,1
1531163672236,1531163672231,2877962,0.00125090,77.87000000,1
1531163695450,1531163695445,2877963,0.00125310,148.15000000,0
1531163695457,1531163695454,2877964,0.00125090,61.71000000,1
1531163732641,1531163732635,2877965,0.00125300,206.14000000,0
1531163732651,1531163732646,2877966,0.00125090,59.53000000,1
1531163732674,1531163732667,2877967,0.00125090,89.62000000,1
1531163759786,1531163759780,2877968,0.00125090,55.67000000,1
1531163759800,1531163759794,2877969,0.00125090,46.39000000,1
1531163817287,1531163817281,2877970,0.00125340,94.66000000,0
1531163817297,1531163817291,2877971,0.00125090,77.65000000,1
1531163817317,1531163817312,2877972,0.00125090,37.28000000,1
1531163852198,1531163852193,2877973,0.00125340,180.65000000,0
1531163852213,1531163852209,2877974,0.00125090,67.40000000,1
1531163871380,1531163871378,2877975,0.00125600,3.97000000,0
1531163911767,1531163911762,2877976,0.00125090,87.09000000,1
1531163930858,1531163930855,2877977,0.00125090,97.04000000,1
1531163944187,1531163944183,2877978,0.00125090,34.67000000,1
1531163944202,1531163944197,2877979,0.00125090,15.00000000,1
1531163952803,1531163952798,2877980,0.00125090,10.66000000,1
1531163952816,1531163952810,2877981,0.00125090,78.09000000,1
1531163965973,1531163965967,2877982,0.00125430,1.65000000,0
1531163965973,1531163965967,2877983,0.00125440,1.35000000,0
1531163970079,1531163970073,2877984,0.00125610,0.90000000,0
1531163972777,1531163972774,2877985,0.00125260,103.94000000,0
1531163972793,1531163972789,2877986,0.00125100,61.85000000,1
1531164076661,1531164076654,2877987,0.00125380,1.69000000,0
1531164077184,1531164077181,2877988,0.00125380,3.02000000,0
1531164091184,1531164091179,2877989,0.00125170,13.15000000,1
1531164091205,1531164091201,2877990,0.00125170,2.31000000,1
1531164107823,1531164107816,2877991,0.00125470,1.33000000,0
1531164152367,1531164152360,2877992,0.00125100,21.98000000,1
1531164152385,1531164152380,2877993,0.00125100,63.32000000,1
1531164176273,1531164176268,2877994,0.00125090,46.82000000,1
1531164182724,1531164182717,2877995,0.00125370,0.54000000,0
1531164210306,1531164210302,2877996,0.00125090,0.46000000,1
1531164211729,1531164211723,2877997,0.00125350,101.19000000,0
1531164211748,1531164211741,2877998,0.00125090,58.28000000,1
1531164211770,1531164211765,2877999,0.00125090,77.39000000,1
1531164225872,1531164225865,2878000,0.00125080,105.12000000,1
1531164225886,1531164225880,2878001,0.00125080,20.94000000,0
1531164225907,1531164225904,2878002,0.00125090,0.45000000,0
1531164228466,1531164228462,2878003,0.00125340,6.38000000,0
1531164271547,1531164271542,2878004,0.00125220,111.93000000,0
1531164271561,1531164271558,2878005,0.00125100,39.10000000,1
1531164271579,1531164271572,2878006,0.00125100,44.42000000,1
1531164271608,1531164271603,2878007,0.00125090,77.39000000,1
1531164287591,1531164287585,2878008,0.00125080,96.00000000,1
1531164288236,1531164288229,2878009,0.00125080,16.50000000,0
1531164289062,1531164289059,2878010,0.00125080,38.33000000,0
1531164289072,1531164289065,2878011,0.00125090,0.45000000,0
1531164297399,1531164297393,2878012,0.00125090,77.39000000,1
1531164298251,1531164298246,2878013,0.00125090,2.61000000,0
1531164325209,1531164325203,2878014,0.00125340,0.25000000,0
1531164325209,1531164325203,2878015,0.00125610,8.24000000,0
1531164325209,1531164325203,2878016,0.00125650,34.09000000,0
1531164331866,1531164331860,2878017,0.00125610,19.96000000,0
1531164392315,1531164392310,2878018,0.00125350,63.16000000,0
1531164392330,1531164392325,2878019,0.00125610,48.21000000,0
1531164392352,1531164392346,2878020,0.00125610,22.39000000,0
1531164403066,1531164403061,2878021,0.00125610,46.85000000,0
1531164403086,1531164403080,2878022,0.00125610,28.57000000,0
1531164469427,1531164469421,2878023,0.00125610,88.34000000,0
1531164469453,1531164469447,2878024,0.00125610,92.25000000,0
1531164480578,1531164480572,2878025,0.00125620,6.37000000,0
1531164573715,1531164573709,2878026,0.00125620,0.24000000,0
1531164573715,1531164573709,2878027,0.00125650,14.74000000,0
1531164600641,1531164600636,2878028,0.00125430,197.61000000,0
1531164600655,1531164600649,2878029,0.00125640,85.18000000,0
1531164632558,1531164632552,2878030,0.00125640,77.93000000,0
1531164691708,1531164691702,2878031,0.00125440,85.82000000,0
1531164691730,1531164691725,2878032,0.00125630,55.71000000,0
1531164718941,1531164718934,2878033,0.00125460,35.21000000,0
1531164718951,1531164718946,2878034,0.00125630,72.01000000,0
1531164718973,1531164718967,2878035,0.00125630,23.48000000,0
1531164751718,1531164751712,2878036,0.00125320,87.90000000,1
1531164766051,1531164766046,2878037,0.00125460,143.88000000,0
1531164766068,1531164766064,2878038,0.00125310,79.06000000,1
1531164811314,1531164811307,2878039,0.00125460,61.98000000,0
1531164811333,1531164811328,2878040,0.00125320,23.48000000,1
1531164817958,1531164817957,2878041,0.00125470,6.35000000,0
1531164817975,1531164817969,2878042,0.00125320,3.50000000,1
1531164829904,1531164829898,2878043,0.00125320,2.00000000,1
1531164829904,1531164829898,2878044,0.00125310,23.87000000,1
1531164829904,1531164829898,2878045,0.00125300,24.79000000,1
1531164831413,1531164831409,2878046,0.00125300,15.11000000,1
1531164839928,1531164839923,2878047,0.00125610,54.96000000,0
1531164862682,1531164862678,2878048,0.00125150,5.86000000,1
1531164862682,1531164862678,2878049,0.00125140,6.64000000,1
1531164862682,1531164862678,2878050,0.00125070,1.81000000,1
1531164862682,1531164862678,2878051,0.00125050,32.42000000,1
1531164862682,1531164862678,2878052,0.00125010,3.27000000,1
1531164940209,1531164940201,2878053,0.00125010,2.73000000,1
1531164940209,1531164940201,2878054,0.00125000,15.00000000,1
1531164940209,1531164940201,2878055,0.00124820,18.39000000,1
1531164940209,1531164940201,2878056,0.00124730,4.77000000,1
1531164940209,1531164940201,2878057,0.00124710,10.00000000,1
1531164940209,1531164940201,2878058,0.00124670,49.33000000,1
1531164992671,1531164992669,2878059,0.00124990,86.09000000,1
1531164992689,1531164992684,2878060,0.00124990,95.45000000,1
1531165005976,1531165005973,2878061,0.00125070,182.91000000,0
1531165005988,1531165005984,2878062,0.00124970,23.75000000,1
1531165006003,1531165006002,2878063,0.00124970,78.18000000,1
1531165019534,1531165019529,2878064,0.00124970,60.25000000,1
1531165045858,1531165045852,2878065,0.00124960,1.00000000,1
1531165045879,1531165045873,2878066,0.00124960,2.02000000,0
1531165045887,1531165045886,2878067,0.00124960,2.02000000,0
1531165045889,1531165045886,2878068,0.00124960,1.13000000,0
1531165052479,1531165052473,2878069,0.00125060,195.63000000,0
1531165052487,1531165052483,2878070,0.00124950,76.43000000,1
1531165067092,1531165067087,2878071,0.00124950,0.93000000,1
1531165112692,1531165112686,2878072,0.00124950,93.18000000,1
1531165137744,1531165137742,2878073,0.00125030,67.09000000,0
1531165137754,1531165137752,2878074,0.00124960,31.94000000,1
1531165172892,1531165172886,2878075,0.00124960,60.32000000,1
1531165194133,1531165194128,2878076,0.00125090,92.65000000,0
1531165194160,1531165194154,2878077,0.00125090,87.79000000,0
1531165194322,1531165194319,2878078,0.00125100,4.77000000,0
1531165198464,1531165198461,2878079,0.00125210,4.71000000,0
1531165238760,1531165238755,2878080,0.00124960,82.09000000,1
1531165238780,1531165238775,2878081,0.00124960,7.62000000,1
1531165259489,1531165259484,2878082,0.00125080,65.68000000,0
1531165259497,1531165259491,2878083,0.00124970,22.64000000,1
1531165291440,1531165291435,2878084,0.00125180,20.35000000,0
1531165295051,1531165295045,2878085,0.00125180,78.65000000,0
1531165320223,1531165320217,2878086,0.00125080,223.48000000,0
1531165320234,1531165320228,2878087,0.00124970,85.29000000,1
1531165352151,1531165352146,2878088,0.00125080,94.54000000,0
1531165352170,1531165352163,2878089,0.00124970,8.57000000,1
1531165352192,1531165352186,2878090,0.00124970,69.51000000,1
1531165356458,1531165356453,2878091,0.00125180,72.50000000,0
1531165356476,1531165356471,2878092,0.00125180,40.50000000,0
1531165359436,1531165359430,2878093,0.00125190,1.15000000,0
1531165399417,1531165399410,2878094,0.00125350,2.11000000,0
1531165411111,1531165411104,2878095,0.00125160,115.71000000,0
1531165411125,1531165411119,2878096,0.00125340,68.87000000,0
1531165440335,1531165440330,2878097,0.00125180,71.56000000,0
1531165440348,1531165440342,2878098,0.00125020,31.39000000,1
1531165471560,1531165471556,2878099,0.00125170,33.04000000,0
1531165471569,1531165471564,2878100,0.00125340,15.17000000,0
1531165471591,1531165471586,2878101,0.00125340,11.08000000,0
1531165493384,1531165493380,2878102,0.00125180,124.63000000,0
1531165493402,1531165493396,2878103,0.00125020,13.66000000,1
1531165493426,1531165493419,2878104,0.00125020,78.87000000,1
1531165559725,1531165559720,2878105,0.00125340,33.14000000,0
1531165559739,1531165559733,2878106,0.00125340,62.67000000,0
1531165591836,1531165591831,2878107,0.00125150,43.05000000,0
1531165591851,1531165591844,2878108,0.00125340,45.89000000,0
1531165591865,1531165591860,2878109,0.00125340,20.89000000,0
1531165616680,1531165616675,2878110,0.00125140,160.12000000,0
1531165616690,1531165616684,2878111,0.00125320,92.06000000,0
1531165616718,1531165616712,2878112,0.00125320,77.73000000,0
1531165655978,1531165655971,2878113,0.00125150,124.87000000,0
1531165655994,1531165655988,2878114,0.00125330,3.70000000,0
1531165656007,1531165656002,2878115,0.00125330,96.06000000,0
1531165685014,1531165685009,2878116,0.00125340,22.48000000,0
1531165685032,1531165685028,2878117,0.00125340,96.65000000,0
1531165695373,1531165695368,2878118,0.00125340,7.97000000,1
1531165703377,1531165703370,2878119,0.00125370,2.00000000,0
1531165703377,1531165703370,2878120,0.00125440,0.33000000,0
1531165708135,1531165708128,2878121,0.00125430,46.85000000,0
1531165799293,1531165799286,2878122,0.00125230,23.99000000,0
1531165799307,1531165799302,2878123,0.00125430,13.49000000,0
1531165920867,1531165920862,2878124,0.00125200,124.65000000,0
1531165920879,1531165920873,2878125,0.00125420,47.57000000,0
1531165996221,1531165996214,2878126,0.00125200,12.81000000,0
1531165996242,1531165996237,2878127,0.00125390,10.66000000,0
1531166097529,1531166097523,2878128,0.00125250,59.62000000,0
1531166097546,1531166097539,2878129,0.00125080,27.35000000,1
1531166209712,1531166209706,2878130,0.00125080,37.64000000,1
1531166209726,1531166209720,2878131,0.00125080,94.84000000,1
1531166259062,1531166259056,2878132,0.00125390,81.45000000,0
1531166324563,1531166324558,2878133,0.00125230,8.68000000,0
1531166324583,1531166324578,2878134,0.00125420,3.08000000,0
1531166352920,1531166352914,2878135,0.00125240,28.96000000,0
1531166352932,1531166352927,2878136,0.00125420,5.37000000,0
1531166352945,1531166352938,2878137,0.00125420,10.18000000,0
1531166372617,1531166372612,2878138,0.00125260,35.47000000,0
1531166372627,1531166372622,2878139,0.00125090,44.57000000,1
1531166372644,1531166372638,2878140,0.00125090,21.62000000,1
1531166463044,1531166463039,2878141,0.00125050,5.04000000,1
1531166503537,1531166503533,2878142,0.00125230,127.48000000,0
1531166503549,1531166503545,2878143,0.00125100,55.57000000,1
1531166503569,1531166503564,2878144,0.00125100,86.15000000,1
1531166512735,1531166512729,2878145,0.00125090,1.00000000,1
1531166513448,1531166513446,2878146,0.00125040,2.83000000,1
1531166552852,1531166552847,2878147,0.00125030,56.57000000,0
1531166552869,1531166552864,2878148,0.00125080,29.17000000,0
1531166571574,1531166571569,2878149,0.00125070,1.17000000,0
1531166576624,1531166576618,2878150,0.00124990,75.34000000,1
1531166576641,1531166576638,2878151,0.00124990,4.66000000,1
1531166640473,1531166640469,2878152,0.00125110,126.83000000,0
1531166640484,1531166640483,2878153,0.00124990,46.28000000,1
1531166671999,1531166671994,2878154,0.00125110,130.24000000,0
1531166672015,1531166672010,2878155,0.00124990,89.20000000,1
1531166682190,1531166682184,2878156,0.00125110,106.61000000,0
1531166682209,1531166682202,2878157,0.00124990,47.39000000,1
1531166682224,1531166682219,2878158,0.00124990,50.78000000,1
1531166731407,1531166731401,2878159,0.00125110,252.80000000,0
1531166731423,1531166731417,2878160,0.00124990,41.78000000,1
1531166731446,1531166731441,2878161,0.00124990,99.54000000,1
1531166801609,1531166801604,2878162,0.00125090,53.54000000,0
1531166801627,1531166801620,2878163,0.00124990,12.52000000,1
1531166801650,1531166801646,2878164,0.00124990,19.39000000,1
1531166852893,1531166852887,2878165,0.00125090,85.71000000,0
1531166852907,1531166852904,2878166,0.00124990,80.31000000,1
1531166852930,1531166852928,2878167,0.00124990,53.57000000,1
1531166874812,1531166874806,2878168,0.00125090,263.72000000,0
1531166874826,1531166874820,2878169,0.00124990,27.17000000,1
1531166874846,1531166874841,2878170,0.00124990,90.93000000,1
1531166911886,1531166911884,2878171,0.00125090,166.91000000,0
1531166911897,1531166911893,2878172,0.00124990,35.46000000,1
1531166911921,1531166911916,2878173,0.00124990,81.81000000,1
1531166971527,1531166971520,2878174,0.00125080,201.15000000,0
1531166971541,1531166971536,2878175,0.00124990,87.45000000,1
1531166971612,1531166971606,2878176,0.00125170,5.04000000,0
1531166989019,1531166989015,2878177,0.00125140,1.82000000,0
1531166989029,1531166989024,2878178,0.00125310,1.21000000,0
1531166995835,1531166995829,2878179,0.00125320,3.98000000,0
1531167005180,1531167005173,2878180,0.00124990,88.12000000,1
1531167005190,1531167005186,2878181,0.00124990,3.83000000,1
1531167010862,1531167010856,2878182,0.00125150,181.31000000,0
1531167010869,1531167010863,2878183,0.00124990,83.04000000,1
1531167010885,1531167010879,2878184,0.00124990,90.65000000,1
1531167059776,1531167059771,2878185,0.00125140,242.19000000,0
1531167059788,1531167059783,2878186,0.00125300,86.50000000,0
1531167075632,1531167075627,2878187,0.00125000,2.52000000,1
1531167075655,1531167075649,2878188,0.00125000,75.93000000,1
1531167091528,1531167091526,2878189,0.00125310,4.54000000,0
1531167091554,1531167091548,2878190,0.00125310,59.46000000,0
1531167114043,1531167114036,2878191,0.00125160,97.49000000,0
1531167114060,1531167114054,2878192,0.00125000,33.60000000,1
1531167152141,1531167152136,2878193,0.00124990,78.90000000,1
1531167212369,1531167212363,2878194,0.00125150,94.14000000,0
1531167212378,1531167212374,2878195,0.00125000,32.67000000,1
1531167227631,1531167227626,2878196,0.00125140,24.78000000,0
1531167227644,1531167227638,2878197,0.00125000,15.00000000,1
1531167227664,1531167227658,2878198,0.00125000,12.50000000,1
1531167272277,1531167272271,2878199,0.00125000,12.75000000,1
1531167289691,1531167289685,2878200,0.00125000,98.18000000,1
1531167289709,1531167289709,2878201,0.00125000,43.60000000,1
1531167327263,1531167327256,2878202,0.00125000,26.94000000,1
1531167327263,1531167327256,2878203,0.00124980,2.00000000,1
1531167327263,1531167327256,2878204,0.00124950,2.00000000,1
1531167327263,1531167327256,2878205,0.00124940,1.36000000,1
1531167331883,1531167331878,2878206,0.00125120,175.03000000,0
1531167331889,1531167331885,2878207,0.00125290,62.07000000,0
1531167353539,1531167353533,2878208,0.00125110,44.21000000,0
1531167353548,1531167353542,2878209,0.00124950,43.35000000,1
1531167392747,1531167392740,2878210,0.00125110,162.31000000,0
1531167392768,1531167392763,2878211,0.00125280,72.45000000,0
1531167407143,1531167407137,2878212,0.00124950,25.69000000,1
1531167423755,1531167423750,2878213,0.00125110,63.52000000,0
1531167423772,1531167423766,2878214,0.00124950,37.35000000,1
1531167428507,1531167428501,2878215,0.00124950,24.37000000,1
1531167428525,1531167428524,2878216,0.00124950,42.39000000,1
1531167451580,1531167451575,2878217,0.00125120,275.18000000,0
1531167451593,1531167451586,2878218,0.00124960,51.67000000,1
1531167451611,1531167451611,2878219,0.00124960,96.20000000,1
1531167480505,1531167480499,2878220,0.00125280,82.59000000,0
1531167480527,1531167480522,2878221,0.00125280,87.15000000,0
1531167512818,1531167512815,2878222,0.00125110,53.02000000,0
1531167512839,1531167512834,2878223,0.00125280,24.10000000,0
1531167517225,1531167517221,2878224,0.00124960,88.29000000,1
1531167517244,1531167517239,2878225,0.00124960,17.26000000,1
1531167539666,1531167539661,2878226,0.00125110,240.38000000,0
1531167539683,1531167539677,2878227,0.00125280,56.89000000,0
1531167539707,1531167539704,2878228,0.00125280,82.90000000,0
1531167572574,1531167572569,2878229,0.00125100,176.31000000,0
1531167572583,1531167572577,2878230,0.00125270,57.75000000,0
1531167572600,1531167572595,2878231,0.00125270,61.64000000,0
1531167583819,1531167583814,2878232,0.00125280,0.89000000,0
1531167598381,1531167598376,2878233,0.00125100,167.96000000,0
1531167598400,1531167598395,2878234,0.00125260,68.29000000,0
1531167631502,1531167631497,2878235,0.00124950,37.82000000,1
1531167631514,1531167631507,2878236,0.00124950,12.00000000,1
1531167634116,1531167634110,2878237,0.00125250,2.00000000,0
1531167634116,1531167634110,2878238,0.00125280,4.66000000,0
1531167644813,1531167644806,2878239,0.00125110,113.60000000,0
1531167644824,1531167644817,2878240,0.00125270,71.90000000,0
1531167663922,1531167663919,2878241,0.00125110,141.47000000,0
1531167663936,1531167663931,2878242,0.00125270,28.55000000,0
1531167663958,1531167663954,2878243,0.00125270,60.46000000,0
1531167669258,1531167669252,2878244,0.00125270,28.32000000,0
1531167682259,1531167682255,2878245,0.00125280,7.98000000,0
1531167691199,1531167691195,2878246,0.00125120,129.71000000,0
1531167691209,1531167691203,2878247,0.00124960,62.96000000,1
1531167720279,1531167720274,2878248,0.00125120,135.57000000,0
1531167720291,1531167720290,2878249,0.00124960,75.04000000,1
1531167720306,1531167720300,2878250,0.00124960,55.10000000,1
1531167751624,1531167751619,2878251,0.00124970,42.03000000,1
1531167758338,1531167758333,2878252,0.00125120,189.25000000,0
1531167758353,1531167758346,2878253,0.00124970,95.81000000,1
1531167758371,1531167758365,2878254,0.00124970,85.25000000,1
1531167780693,1531167780688,2878255,0.00125100,163.39000000,0
1531167780702,1531167780700,2878256,0.00125260,88.79000000,0
1531167811153,1531167811148,2878257,0.00125270,78.90000000,0
1531167837066,1531167837061,2878258,0.00125120,33.48000000,0
1531167837079,1531167837073,2878259,0.00124960,26.17000000,1
1531167871828,1531167871825,2878260,0.00124960,72.81000000,1
1531167871843,1531167871840,2878261,0.00124960,68.31000000,1
1531167897883,1531167897877,2878262,0.00125270,72.12000000,0
1531167897902,1531167897896,2878263,0.00125270,89.18000000,0
1531167915685,1531167915679,2878264,0.00124960,12.27000000,0
1531167931416,1531167931411,2878265,0.00125120,87.72000000,0
1531167931433,1531167931427,2878266,0.00124960,73.06000000,1
1531167931449,1531167931447,2878267,0.00124960,48.21000000,1
1531167941052,1531167941048,2878268,0.00125110,139.57000000,0
1531167941059,1531167941054,2878269,0.00125270,15.51000000,0
1531167941077,1531167941077,2878270,0.00125270,86.15000000,0
1531167959444,1531167959441,2878271,0.00124960,15.27000000,1
1531167992337,1531167992336,2878272,0.00124960,45.46000000,1
1531167992366,1531167992364,2878273,0.00124960,23.78000000,1
1531168007591,1531168007589,2878274,0.00125120,103.99000000,0
1531168007604,1531168007600,2878275,0.00124960,77.59000000,1
1531168019576,1531168019572,2878276,0.00125120,41.04000000,0
1531168019587,1531168019583,2878277,0.00124960,24.42000000,1
1531168051988,1531168051982,2878278,0.00125120,73.58000000,0
1531168052001,1531168051997,2878279,0.00124980,46.57000000,1
1531168056927,1531168056921,2878280,0.00125260,16.39000000,0
1531168056953,1531168056948,2878281,0.00125260,68.01000000,0
1531168079330,1531168079325,2878282,0.00125120,127.26000000,0
1531168079347,1531168079342,2878283,0.00124980,45.14000000,1
1531168088260,1531168088253,2878284,0.00125000,0.66000000,0
1531168107392,1531168107390,2878285,0.00125000,100.00000000,0
1531168108738,1531168108732,2878286,0.00125000,16.34000000,0
1531168111333,1531168111327,2878287,0.00125120,43.56000000,0
1531168111345,1531168111341,2878288,0.00124980,62.50000000,1
1531168111360,1531168111355,2878289,0.00124980,14.60000000,1
1531168120821,1531168120818,2878290,0.00125100,66.06000000,0
1531168120830,1531168120829,2878291,0.00124950,38.39000000,1
1531168171617,1531168171613,2878292,0.00125280,88.09000000,0
1531168193631,1531168193626,2878293,0.00125010,69.95000000,1
1531168193654,1531168193649,2878294,0.00125010,79.54000000,1
1531168232142,1531168232137,2878295,0.00125170,63.81000000,0
1531168232156,1531168232151,2878296,0.00125250,25.73000000,0
1531168246893,1531168246887,2878297,0.00125260,29.11000000,0
1531168246893,1531168246887,2878298,0.00125280,70.81000000,0
1531168249210,1531168249205,2878299,0.00125110,152.61000000,0
1531168249221,1531168249216,2878300,0.00124950,68.12000000,1
1531168291711,1531168291710,2878301,0.00125080,6.73000000,0
1531168291724,1531168291722,2878302,0.00125230,2.75000000,0
1531168305071,1531168305065,2878303,0.00125070,29.35000000,0
1531168305092,1531168305087,2878304,0.00125210,45.96000000,0
1531168305113,1531168305107,2878305,0.00125210,25.75000000,0
1531168319909,1531168319902,2878306,0.00125080,203.55000000,0
1531168319921,1531168319915,2878307,0.00124950,17.92000000,1
1531168319939,1531168319934,2878308,0.00124950,96.93000000,1
1531168351459,1531168351452,2878309,0.00125070,262.72000000,0
1531168351469,1531168351464,2878310,0.00124950,43.10000000,1
1531168351489,1531168351486,2878311,0.00124950,92.51000000,1
1531168358283,1531168358279,2878312,0.00125070,54.74000000,0
1531168358297,1531168358293,2878313,0.00124950,13.41000000,1
1531168358319,1531168358317,2878314,0.00124950,24.01000000,1
1531168380343,1531168380337,2878315,0.00125110,23.24000000,0
1531168380357,1531168380352,2878316,0.00124950,67.04000000,1
1531168380375,1531168380375,2878317,0.00124950,22.35000000,1
1531168408940,1531168408935,2878318,0.00125000,16.53000000,0
1531168411228,1531168411222,2878319,0.00125120,102.39000000,0
1531168411237,1531168411232,2878320,0.00124950,68.26000000,1
1531168411248,1531168411242,2878321,0.00124950,49.21000000,1
1531168435935,1531168435929,2878322,0.00124960,4.45000000,1
1531168471640,1531168471635,2878323,0.00124960,43.67000000,1
1531168471655,1531168471651,2878324,0.00124960,22.37000000,1
1531168484128,1531168484122,2878325,0.00125110,88.56000000,0
1531168484140,1531168484135,2878326,0.00125280,5.91000000,0
1531168484164,1531168484158,2878327,0.00125280,79.06000000,0
1531168499306,1531168499300,2878328,0.00125280,2.10000000,0
1531168511497,1531168511491,2878329,0.00124950,2.73000000,1
1531168548204,1531168548200,2878330,0.00125100,148.38000000,0
1531168548221,1531168548215,2878331,0.00124950,89.34000000,1
1531168548243,1531168548239,2878332,0.00124950,78.93000000,1
1531168591383,1531168591378,2878333,0.00124950,84.34000000,1
1531168591399,1531168591393,2878334,0.00124950,34.89000000,1
1531168601666,1531168601659,2878335,0.00125200,2.73000000,0
1531168651828,1531168651823,2878336,0.00125250,144.90000000,0
1531168651840,1531168651835,2878337,0.00125210,75.23000000,1
1531168651858,1531168651855,2878338,0.00125210,51.75000000,1
1531168667224,1531168667220,2878339,0.00125210,45.32000000,1
1531168667246,1531168667241,2878340,0.00125210,47.50000000,1
1531168685035,1531168685029,2878341,0.00125280,6.99000000,0
1531168693615,1531168693609,2878342,0.00125290,1.00000000,0
1531168693615,1531168693609,2878343,0.00125370,2.49000000,0
1531168703210,1531168703205,2878344,0.00125210,5.54000000,1
1531168739759,1531168739737,2878345,0.00125290,76.14000000,0
1531168739762,1531168739757,2878346,0.00125210,85.45000000,1
1531168739785,1531168739780,2878347,0.00125210,42.78000000,1
1531168745209,1531168745204,2878348,0.00125210,31.64000000,1
1531168772249,1531168772245,2878349,0.00125290,31.43000000,0
1531168772261,1531168772256,2878350,0.00125210,19.17000000,1
1531168784208,1531168784203,2878351,0.00125290,131.24000000,0
1531168784221,1531168784216,2878352,0.00125210,11.31000000,1
1531168784243,1531168784238,2878353,0.00125210,44.64000000,1
1531168831186,1531168831181,2878354,0.00125210,1.50000000,1
1531168831198,1531168831194,2878355,0.00125210,2.20000000,1
1531168837707,1531168837702,2878356,0.00125290,95.72000000,0
1531168837714,1531168837711,2878357,0.00125210,35.21000000,1
1531168837734,1531168837727,2878358,0.00125210,43.89000000,1
1531168859530,1531168859525,2878359,0.00125290,43.92000000,0
1531168859540,1531168859535,2878360,0.00125210,43.92000000,1
1531168891787,1531168891782,2878361,0.00125210,12.27000000,1
1531168903940,1531168903933,2878362,0.00125290,48.13000000,0
1531168903953,1531168903949,2878363,0.00125210,25.07000000,1
1531168919319,1531168919313,2878364,0.00125360,92.51000000,0
1531168919340,1531168919333,2878365,0.00125360,58.14000000,0
1531168929602,1531168929597,2878366,0.00125200,47.27000000,1
1531168930015,1531168930010,2878367,0.00125000,12.73000000,0
1531168943977,1531168943972,2878368,0.00125250,1.40000000,1
1531168952724,1531168952720,2878369,0.00125150,104.98000000,0
1531168952737,1531168952732,2878370,0.00125100,60.78000000,1
1531168952754,1531168952753,2878371,0.00125100,62.50000000,1
1531168965846,1531168965839,2878372,0.00125200,7.98000000,0
1531168976432,1531168976426,2878373,0.00124940,0.20000000,1
1531168979982,1531168979976,2878374,0.00125190,60.57000000,0
1531169011447,1531169011442,2878375,0.00125170,102.92000000,0
1531169011466,1531169011461,2878376,0.00125390,35.50000000,0
1531169147724,1531169147719,2878377,0.00125230,103.32000000,0
1531169147743,1531169147738,2878378,0.00125070,74.87000000,1
1531169181991,1531169181985,2878379,0.00125070,5.55000000,1
1531169185261,1531169185255,2878380,0.00125070,4.45000000,0
1531169224894,1531169224888,2878381,0.00125180,74.31000000,0
1531169232648,1531169232644,2878382,0.00125070,173.55000000,0
1531169232659,1531169232654,2878383,0.00124950,62.71000000,1
1531169232675,1531169232670,2878384,0.00124950,63.35000000,1
1531169251346,1531169251341,2878385,0.00125060,126.23000000,0
1531169251356,1531169251351,2878386,0.00125180,70.93000000,0
1531169280626,1531169280621,2878387,0.00124950,73.06000000,1
1531169280651,1531169280646,2878388,0.00124950,58.89000000,1
1531169312531,1531169312526,2878389,0.00125180,46.50000000,0
1531169312553,1531169312547,2878390,0.00125180,26.30000000,0
1531169312882,1531169312874,2878391,0.00125190,1.92000000,0
1531169333504,1531169333498,2878392,0.00125390,5.55000000,0
1531169333504,1531169333498,2878393,0.00125400,2.42000000,0
1531169335145,1531169335140,2878394,0.00124960,41.21000000,1
1531169351273,1531169351268,2878395,0.00124960,10.40000000,1
1531169372488,1531169372483,2878396,0.00124970,75.62000000,1
1531169431244,1531169431239,2878397,0.00124970,75.68000000,1
1531169431264,1531169431259,2878398,0.00124970,96.40000000,1
1531169510841,1531169510836,2878399,0.00125220,47.85000000,0
1531169510869,1531169510863,2878400,0.00125220,52.78000000,0
1531169512321,1531169512316,2878401,0.00125230,5.30000000,0
1531169512321,1531169512316,2878402,0.00125400,2.68000000,0
1531169623751,1531169623746,2878403,0.00125070,76.09000000,1
1531169671987,1531169671982,2878404,0.00125220,155.53000000,0
1531169671996,1531169671991,2878405,0.00125390,29.57000000,0
1531169672012,1531169672007,2878406,0.00125390,81.01000000,0
1531169689771,1531169689765,2878407,0.00125230,108.72000000,0
1531169689781,1531169689775,2878408,0.00125390,65.70000000,0
1531169689799,1531169689795,2878409,0.00125390,76.56000000,0
1531169732676,1531169732671,2878410,0.00125210,40.60000000,0
1531169732693,1531169732688,2878411,0.00125040,36.25000000,1
1531169810380,1531169810375,2878412,0.00125060,70.48000000,1
1531169810400,1531169810394,2878413,0.00125060,43.46000000,1
1531169824265,1531169824260,2878414,0.00125380,29.55000000,0
1531169824281,1531169824274,2878415,0.00125380,87.73000000,0
1531169852038,1531169852032,2878416,0.00125220,104.40000000,0
1531169852056,1531169852050,2878417,0.00125390,56.25000000,0
1531169852081,1531169852076,2878418,0.00125390,66.06000000,0
1531169879835,1531169879831,2878419,0.00125060,28.30000000,1
1531169971921,1531169971916,2878420,0.00125070,22.80000000,1
1531169978231,1531169978226,2878421,0.00125390,48.17000000,0
1531169999297,1531169999292,2878422,0.00125390,36.96000000,0
1531170036897,1531170036891,2878423,0.00125220,34.12000000,0
1531170036914,1531170036909,2878424,0.00125050,23.37000000,1
1531170043182,1531170043176,2878425,0.00125060,5.30000000,1
1531170043182,1531170043176,2878426,0.00125010,6.72000000,1
1531170043182,1531170043176,2878427,0.00124960,1.34000000,1
1531170060026,1531170060019,2878428,0.00125070,9.59000000,1
1531170091495,1531170091490,2878429,0.00125080,97.68000000,1
1531170091511,1531170091504,2878430,0.00125080,49.60000000,1
1531170115882,1531170115877,2878431,0.00124970,5.00000000,1
1531170116205,1531170116199,2878432,0.00124970,20.12000000,1
1531170116221,1531170116216,2878433,0.00124970,21.17000000,1
1531170117025,1531170117020,2878434,0.00124970,5.00000000,0
1531170124043,1531170124037,2878435,0.00124970,98.90000000,1
1531170124062,1531170124056,2878436,0.00124970,62.60000000,1
1531170155406,1531170155400,2878437,0.00125190,5.30000000,0
1531170155406,1531170155400,2878438,0.00125200,2.68000000,0
1531170180690,1531170180686,2878439,0.00125080,113.40000000,0
1531170180699,1531170180695,2878440,0.00124970,95.01000000,1
1531170180712,1531170180708,2878441,0.00124970,70.00000000,1
1531170204819,1531170204814,2878442,0.00124970,63.42000000,1
1531170204844,1531170204838,2878443,0.00124970,63.39000000,1
1531170240208,1531170240202,2878444,0.00125070,61.72000000,0
1531170240220,1531170240215,2878445,0.00125190,40.60000000,0
1531170244249,1531170244246,2878446,0.00125190,7.98000000,0
1531170247061,1531170247058,2878447,0.00125190,7.98000000,0
1531170247194,1531170247190,2878448,0.00125070,22.55000000,0
1531170247209,1531170247203,2878449,0.00125190,0.14000000,0
1531170247942,1531170247936,2878450,0.00125200,82.36000000,0
1531170271923,1531170271918,2878451,0.00125300,73.39000000,0
1531170271937,1531170271933,2878452,0.00125410,51.67000000,0
1531170271951,1531170271946,2878453,0.00125190,15.96000000,1
1531170294887,1531170294881,2878454,0.00125070,118.46000000,0
1531170294901,1531170294897,2878455,0.00125180,64.50000000,0
1531170294925,1531170294919,2878456,0.00125180,53.85000000,0
1531170294945,1531170294940,2878457,0.00125190,0.14000000,0
1531170332312,1531170332307,2878458,0.00125200,14.33000000,1
1531170332326,1531170332321,2878459,0.00125200,12.72000000,1
1531170452740,1531170452735,2878460,0.00125260,157.63000000,0
1531170452761,1531170452758,2878461,0.00125110,84.75000000,1
1531170464215,1531170464209,2878462,0.00125250,38.43000000,0
1531170464227,1531170464222,2878463,0.00125410,73.43000000,0
1531170464241,1531170464236,2878464,0.00125410,24.01000000,0
1531170480536,1531170480531,2878465,0.00125260,85.54000000,0
1531170480543,1531170480537,2878466,0.00125110,19.05000000,1
1531170480551,1531170480547,2878467,0.00125110,65.79000000,1
1531170512773,1531170512767,2878468,0.00125260,99.07000000,0
1531170512787,1531170512781,2878469,0.00125110,30.67000000,1
1531170512819,1531170512813,2878470,0.00125110,83.95000000,1
1531170522030,1531170522025,2878471,0.00125410,11.41000000,0
1531170522059,1531170522052,2878472,0.00125410,7.41000000,0
1531170527129,1531170527125,2878473,0.00125100,0.01000000,1
1531170571371,1531170571366,2878474,0.00125260,254.86000000,0
1531170571383,1531170571378,2878475,0.00125110,80.62000000,1
1531170571396,1531170571391,2878476,0.00125110,93.70000000,1
1531170591886,1531170591881,2878477,0.00125400,14.75000000,0
1531170591906,1531170591901,2878478,0.00125400,98.65000000,0
1531170600397,1531170600390,2878479,0.00125110,83.73000000,1
1531170631321,1531170631315,2878480,0.00125110,86.95000000,1
1531170631338,1531170631334,2878481,0.00125110,43.67000000,1
1531170650687,1531170650682,2878482,0.00125260,203.26000000,0
1531170650698,1531170650691,2878483,0.00125110,63.46000000,1
1531170650717,1531170650713,2878484,0.00125110,80.65000000,1
1531170691519,1531170691515,2878485,0.00125270,73.67000000,0
1531170691536,1531170691530,2878486,0.00125120,36.21000000,1
1531170691556,1531170691551,2878487,0.00125120,42.35000000,1
1531170703723,1531170703717,2878488,0.00125290,83.44000000,0
1531170703730,1531170703725,2878489,0.00125160,77.26000000,1
1531170703741,1531170703736,2878490,0.00125160,50.28000000,1
1531170751978,1531170751972,2878491,0.00125390,77.88000000,0
1531170751989,1531170751983,2878492,0.00125430,76.34000000,0
1531170753107,1531170753102,2878493,0.00125440,18.05000000,0
1531170757107,1531170757101,2878494,0.00125400,13.93000000,0
1531170757118,1531170757114,2878495,0.00125360,9.16000000,1
1531170779979,1531170779974,2878496,0.00125360,30.82000000,1
1531170812771,1531170812765,2878497,0.00125400,33.97000000,0
1531170812781,1531170812775,2878498,0.00125360,81.04000000,1
1531170812798,1531170812794,2878499,0.00125360,16.98000000,1
1531170832076,1531170832071,2878500,0.00125430,66.40000000,0
1531170832090,1531170832084,2878501,0.00125430,20.48000000,0
1531170871207,1531170871202,2878502,0.00125360,81.12000000,1
1531170871229,1531170871223,2878503,0.00125360,89.34000000,1
1531170875801,1531170875797,2878504,0.00125430,89.20000000,0
1531170900500,1531170900497,2878505,0.00125390,52.00000000,0
1531170900511,1531170900508,2878506,0.00125430,39.39000000,0
1531170931288,1531170931282,2878507,0.00125400,54.77000000,0
1531170931300,1531170931294,2878508,0.00125360,88.65000000,1
1531170931323,1531170931318,2878509,0.00125360,29.44000000,1
1531170942837,1531170942833,2878510,0.00125400,82.12000000,0
1531170942845,1531170942840,2878511,0.00125360,59.50000000,1
1531170992017,1531170992012,2878512,0.00125400,30.56000000,0
1531170992029,1531170992025,2878513,0.00125360,16.98000000,1
1531171010797,1531171010794,2878514,0.00125430,39.00000000,0
1531171024177,1531171024172,2878515,0.00125360,44.71000000,1
1531171024200,1531171024195,2878516,0.00125360,10.65000000,1
1531171042895,1531171042890,2878517,0.00125360,7.61000000,1
1531171052388,1531171052384,2878518,0.00125360,7.61000000,0
1531171072156,1531171072152,2878519,0.00125360,7.60000000,0
1531171076585,1531171076580,2878520,0.00125360,7.59000000,0
1531171085310,1531171085305,2878521,0.00125360,4.73000000,0
1531171095241,1531171095236,2878522,0.00125370,8.16000000,1
1531171140555,1531171140551,2878523,0.00125410,42.61000000,0
1531171140572,1531171140567,2878524,0.00125380,10.09000000,1
1531171140584,1531171140579,2878525,0.00125380,22.67000000,1
1531171151091,1531171151087,2878526,0.00125400,31.21000000,0
1531171151106,1531171151101,2878527,0.00125430,13.82000000,0
1531171159455,1531171159449,2878528,0.00125370,2.91000000,1
1531171172593,1531171172588,2878529,0.00125400,96.68000000,0
1531171172603,1531171172599,2878530,0.00125430,77.95000000,0
1531171185603,1531171185598,2878531,0.00125370,4.67000000,1
1531171189419,1531171189414,2878532,0.00125350,24.99000000,1
1531171189434,1531171189429,2878533,0.00125350,82.13000000,0
1531171189449,1531171189444,2878534,0.00125360,38.25000000,0
1531171200069,1531171200064,2878535,0.00125360,15.07000000,0
1531171217058,1531171217054,2878536,0.00125150,1.33000000,1
1531171231593,1531171231588,2878537,0.00125300,234.95000000,0
1531171231606,1531171231600,2878538,0.00125160,82.73000000,1
1531171242996,1531171242990,2878539,0.00125300,37.89000000,0
1531171243026,1531171243011,2878540,0.00125160,12.42000000,1
1531171243039,1531171243037,2878541,0.00125160,24.28000000,1
1531171259862,1531171259859,2878542,0.00125430,18.76000000,0
1531171292469,1531171292464,2878543,0.00125430,23.17000000,0
1531171292482,1531171292478,2878544,0.00125430,8.48000000,0
1531171313107,1531171313103,2878545,0.00125160,34.78000000,1
1531171351383,1531171351379,2878546,0.00125160,86.87000000,1
1531171351396,1531171351393,2878547,0.00125160,37.53000000,1
1531171357223,1531171357218,2878548,0.00125300,165.23000000,0
1531171357238,1531171357232,2878549,0.00125160,19.98000000,1
1531171357251,1531171357247,2878550,0.00125160,67.18000000,1
1531171379533,1531171379527,2878551,0.00125160,35.32000000,1
1531171379555,1531171379551,2878552,0.00125160,52.46000000,1
1531171393040,1531171393034,2878553,0.00125440,0.01000000,0
1531171393040,1531171393034,2878554,0.00125590,0.78000000,0
1531171471858,1531171471853,2878555,0.00125580,84.59000000,0
1531171523042,1531171523037,2878556,0.00125250,1.27000000,1
1531171560855,1531171560851,2878557,0.00125420,66.78000000,0
1531171560862,1531171560858,2878558,0.00125260,36.39000000,1
1531171560882,1531171560876,2878559,0.00125260,37.10000000,1
1531171620837,1531171620832,2878560,0.00125570,8.99000000,0
1531171676421,1531171676415,2878561,0.00125370,60.44000000,0
1531171676435,1531171676432,2878562,0.00125550,31.48000000,0
1531171740308,1531171740305,2878563,0.00125340,151.69000000,0
1531171740320,1531171740316,2878564,0.00125170,1.58000000,1
1531171740330,1531171740326,2878565,0.00125170,80.68000000,1
1531171785249,1531171785245,2878566,0.00125350,113.38000000,0
1531171785265,1531171785260,2878567,0.00125190,48.25000000,1
1531171785286,1531171785283,2878568,0.00125190,87.20000000,1
1531171805061,1531171805058,2878569,0.00125500,10.66000000,0
1531171805076,1531171805072,2878570,0.00125500,27.07000000,0
1531171861436,1531171861430,2878571,0.00125200,5.54000000,1
1531171861436,1531171861430,2878572,0.00125180,2.00000000,1
1531171862080,1531171862076,2878573,0.00125180,42.41000000,0
1531171868140,1531171868136,2878574,0.00125150,1.06000000,1
1531171869068,1531171869064,2878575,0.00125150,1.94000000,0
1531171896566,1531171896561,2878576,0.00125390,7.54000000,0
1531171896566,1531171896561,2878577,0.00125420,0.43000000,0
1531171950695,1531171950691,2878578,0.00125230,75.67000000,0
1531171950712,1531171950707,2878579,0.00125410,79.37000000,0
1531171950728,1531171950723,2878580,0.00125410,40.25000000,0
1531172072118,1531172072115,2878581,0.00125400,36.17000000,0
1531172158846,1531172158842,2878582,0.00125250,58.81000000,0
1531172158859,1531172158855,2878583,0.00125080,39.21000000,1
1531172182431,1531172182427,2878584,0.00125420,5.93000000,0
1531172182431,1531172182427,2878585,0.00125530,2.00000000,0
1531172182431,1531172182427,2878586,0.00125540,0.04000000,0
1531172312709,1531172312705,2878587,0.00125530,0.80000000,0
1531172312729,1531172312726,2878588,0.00125530,74.18000000,0
1531172321237,1531172321233,2878589,0.00125530,16.62000000,0
1531172321253,1531172321252,2878590,0.00125530,52.89000000,0
1531172372645,1531172372641,2878591,0.00125210,87.59000000,1
1531172391253,1531172391248,2878592,0.00125220,63.92000000,1
1531172391275,1531172391270,2878593,0.00125220,35.89000000,1
1531172411092,1531172411087,2878594,0.00125540,4.96000000,0
1531172411092,1531172411087,2878595,0.00125590,5.04000000,0
1531172442896,1531172442890,2878596,0.00125570,2.00000000,0
1531172442896,1531172442890,2878597,0.00125590,2.15000000,0
1531172442896,1531172442890,2878598,0.00125600,5.11000000,0
1531172442896,1531172442890,2878599,0.00125620,2.00000000,0
1531172442896,1531172442890,2878600,0.00125630,11.00000000,0
1531172442896,1531172442890,2878601,0.00125650,16.08000000,0
1531172442896,1531172442890,2878602,0.00126000,4.24000000,0
1531172442896,1531172442890,2878603,0.00126040,1.66000000,0
1531172442896,1531172442890,2878604,0.00126150,0.45000000,0
1531172442896,1531172442890,2878605,0.00126250,392.62000000,0
1531172442896,1531172442890,2878606,0.00126260,244.06000000,0
1531172442907,1531172442905,2878607,0.00126300,100.78000000,1
1531172442935,1531172442930,2878608,0.00126300,7.85000000,1
1531172446037,1531172446032,2878609,0.00125450,2.67000000,1
1531172446037,1531172446032,2878610,0.00125440,5.22000000,1
1531172446037,1531172446032,2878611,0.00125430,6.36000000,1
1531172446037,1531172446032,2878612,0.00125350,4.75000000,1
1531172446037,1531172446032,2878613,0.00125140,29.43000000,1
1531172447795,1531172447790,2878614,0.00126200,5.22000000,0
1531172447840,1531172447834,2878615,0.00126200,5.78000000,1
1531172449588,1531172449584,2878616,0.00125990,1.30000000,0
1531172460060,1531172460055,2878617,0.00125970,7.85000000,0
1531172460060,1531172460055,2878618,0.00125980,1.91000000,0
1531172464080,1531172464076,2878619,0.00125980,0.76000000,0
1531172497296,1531172497291,2878620,0.00126100,81.27000000,1
1531172497492,1531172497488,2878621,0.00126100,10.51000000,1
1531172501346,1531172501341,2878622,0.00126230,4.75000000,0
1531172503239,1531172503235,2878623,0.00126260,3.86000000,0
1531172507248,1531172507245,2878624,0.00126460,2.00000000,0
1531172513108,1531172513107,2878625,0.00126230,3.00000000,1
1531172528266,1531172528261,2878626,0.00126460,7.66000000,0
1531172528323,1531172528319,2878627,0.00126460,0.80000000,1
1531172528334,1531172528330,2878628,0.00126460,6.98000000,1
1531172528334,1531172528330,2878629,0.00126290,0.80000000,1
1531172550252,1531172550247,2878630,0.00126290,15.71000000,1
1531172560687,1531172560684,2878631,0.00126280,8.25000000,1
1531172560687,1531172560684,2878632,0.00126230,2.00000000,1
1531172560687,1531172560684,2878633,0.00126090,6.33000000,1
1531172560687,1531172560684,2878634,0.00125540,49.83000000,1
1531172560773,1531172560768,2878635,0.00125560,5.88000000,1
1531172583861,1531172583858,2878636,0.00126160,31.92000000,0
1531172583876,1531172583871,2878637,0.00126380,67.06000000,0
1531172583897,1531172583897,2878638,0.00126380,16.28000000,0
1531172731351,1531172731347,2878639,0.00126050,62.57000000,1
1531172751220,1531172751217,2878640,0.00126210,78.22000000,0
1531172751232,1531172751229,2878641,0.00126050,69.84000000,1
1531172793997,1531172793992,2878642,0.00126380,7.93000000,0
1531172818197,1531172818193,2878643,0.00126220,105.34000000,0
1531172818213,1531172818210,2878644,0.00126060,51.64000000,1
1531172866931,1531172866928,2878645,0.00126150,50.46000000,0
1531172866940,1531172866937,2878646,0.00126370,48.35000000,0
1531172866960,1531172866957,2878647,0.00126370,24.50000000,0
1531172939764,1531172939759,2878648,0.00126050,32.46000000,1
1531172966473,1531172966470,2878649,0.00126130,13.08000000,0
1531172966489,1531172966485,2878650,0.00126360,43.57000000,0
1531172966508,1531172966505,2878651,0.00126360,6.62000000,0
1531173100051,1531173100047,2878652,0.00126020,1.68000000,1
1531173120300,1531173120296,2878653,0.00126030,35.92000000,1
1531173147645,1531173147641,2878654,0.00125900,37.25000000,1
1531173147664,1531173147661,2878655,0.00125900,81.65000000,1
1531173179625,1531173179621,2878656,0.00126090,118.68000000,0
1531173179644,1531173179640,2878657,0.00125900,45.28000000,1
1531173189159,1531173189155,2878658,0.00125900,44.60000000,1
1531173189179,1531173189175,2878659,0.00125900,10.83000000,1
1531173220458,1531173220456,2878660,0.00125900,28.96000000,1
1531173224395,1531173224392,2878661,0.00125890,6.34000000,1
1531173224395,1531173224392,2878662,0.00125600,8.23000000,1
1531173224395,1531173224392,2878663,0.00125590,5.43000000,1
1531173239515,1531173239512,2878664,0.00125680,25.92000000,1
1531173239529,1531173239526,2878665,0.00125680,67.93000000,1
1531173288878,1531173288875,2878666,0.00125680,52.39000000,1
1531173288906,1531173288903,2878667,0.00125680,9.22000000,1
1531173331740,1531173331737,2878668,0.00125880,37.29000000,0
1531173331749,1531173331746,2878669,0.00125680,35.85000000,1
1531173343849,1531173343845,2878670,0.00125880,113.72000000,0
1531173343862,1531173343858,2878671,0.00125680,42.10000000,1
1531173353492,1531173353490,2878672,0.00125680,13.28000000,0
1531173400987,1531173400984,2878673,0.00125590,26.42000000,1
1531173430898,1531173430894,2878674,0.00125700,86.90000000,0
1531173430917,1531173430915,2878675,0.00125520,25.48000000,1
1531173430933,1531173430928,2878676,0.00125520,80.45000000,1
1531173451173,1531173451169,2878677,0.00125690,142.01000000,0
1531173451192,1531173451188,2878678,0.00125520,54.60000000,1
1531173534446,1531173534443,2878679,0.00125860,8.23000000,0
1531173536496,1531173536493,2878680,0.00125930,6.33000000,0
1531173562424,1531173562420,2878681,0.00126190,1.68000000,0
1531173562424,1531173562420,2878682,0.00126210,6.24000000,0
1531173606920,1531173606919,2878683,0.00125920,41.35000000,1
1531173606943,1531173606940,2878684,0.00125920,73.04000000,1
1531173632071,1531173632069,2878685,0.00125950,62.78000000,1
1531173632082,1531173632078,2878686,0.00125950,15.67000000,1
1531173650322,1531173650319,2878687,0.00125980,21.81000000,1
1531173835043,1531173835041,2878688,0.00126210,7.92000000,0
1531173839738,1531173839736,2878689,0.00126040,40.50000000,0
1531173839757,1531173839754,2878690,0.00125870,38.39000000,1
1531173839784,1531173839781,2878691,0.00125870,18.57000000,1
1531173872153,1531173872151,2878692,0.00126050,147.12000000,0
1531173872163,1531173872160,2878693,0.00125880,98.06000000,1
1531173892487,1531173892485,2878694,0.00125890,98.15000000,1
1531174019585,1531174019583,2878695,0.00125890,34.60000000,1
1531174051285,1531174051281,2878696,0.00125890,34.60000000,1
1531174135958,1531174135955,2878697,0.00126220,5.43000000,0
1531174135958,1531174135955,2878698,0.00126360,4.57000000,0
1531174228649,1531174228647,2878699,0.00125990,11.00000000,1
1531174232298,1531174232295,2878700,0.00126170,101.70000000,0
1531174232315,1531174232311,2878701,0.00125990,29.35000000,1
1531174232384,1531174232382,2878702,0.00125990,11.00000000,0
1531174232384,1531174232382,2878703,0.00126360,132.18000000,0
1531174233943,1531174233941,2878704,0.00126360,11.00000000,0
1531174235044,1531174235041,2878705,0.00126380,41.88000000,0
1531174236699,1531174236698,2878706,0.00126490,2.00000000,0
1531174238671,1531174238668,2878707,0.00126520,1.53000000,0
1531174240455,1531174240452,2878708,0.00126570,7.00000000,0
1531174243272,1531174243270,2878709,0.00126370,5.70000000,1
1531174243304,1531174243302,2878710,0.00126370,0.61000000,1
1531174278851,1531174278849,2878711,0.00126870,6.29000000,0
1531174291610,1531174291608,2878712,0.00127080,5.69000000,0
1531174293425,1531174293422,2878713,0.00127000,88.55000000,0
1531174295012,1531174295011,2878714,0.00127100,6.43000000,0
1531174308324,1531174308322,2878715,0.00126830,3.05000000,1
1531174308332,1531174308330,2878716,0.00126830,3.24000000,1
1531174331007,1531174331005,2878717,0.00127440,6.26000000,0
1531174331007,1531174331005,2878718,0.00127570,1.58000000,0
1531174334530,1531174334528,2878719,0.00127570,0.99000000,0
1531174345533,1531174345532,2878720,0.00127590,2.46000000,0
1531174348627,1531174348626,2878721,0.00127130,9.33000000,1
1531174423799,1531174423797,2878722,0.00127590,1.71000000,0
1531174423799,1531174423797,2878723,0.00127600,6.12000000,0
1531174443027,1531174443024,2878724,0.00127230,5.15000000,1
1531174443027,1531174443024,2878725,0.00127220,2.00000000,1
1531174449386,1531174449383,2878726,0.00127220,0.78000000,0
1531174472450,1531174472447,2878727,0.00127230,30.78000000,1
1531174472470,1531174472467,2878728,0.00127230,17.55000000,1
1531174487446,1531174487443,2878729,0.00127580,2.00000000,0
1531174522912,1531174522910,2878730,0.00127310,88.55000000,1
1531174531475,1531174531473,2878731,0.00127450,75.97000000,0
1531174531480,1531174531478,2878732,0.00127320,68.68000000,1
1531174531495,1531174531493,2878733,0.00127320,71.68000000,1
1531174531542,1531174531537,2878734,0.00127310,2.00000000,1
1531174531542,1531174531537,2878735,0.00126520,3.15000000,1
1531174531542,1531174531537,2878736,0.00126470,6.43000000,1
1531174531542,1531174531537,2878737,0.00126460,18.16000000,1
1531174531542,1531174531537,2878738,0.00126440,7.89000000,1
1531174531542,1531174531537,2878739,0.00126330,4.62000000,1
1531174531542,1531174531537,2878740,0.00126310,4.50000000,1
1531174531542,1531174531537,2878741,0.00126300,4.11000000,1
1531174531542,1531174531537,2878742,0.00126180,15.55000000,1
1531174560595,1531174560593,2878743,0.00126620,99.93000000,0
1531174560610,1531174560606,2878744,0.00126240,64.90000000,1
1531174573838,1531174573835,2878745,0.00126240,3.97000000,0
1531174579869,1531174579866,2878746,0.00126230,3.98000000,1
1531174595198,1531174595195,2878747,0.00126280,121.29000000,1
1531174595198,1531174595195,2878748,0.00126270,95.85000000,1
1531174619873,1531174619869,2878749,0.00126230,57.92000000,1
1531174619891,1531174619889,2878750,0.00126240,24.30000000,1
1531174668130,1531174668128,2878751,0.00126260,84.00000000,1
1531174668148,1531174668146,2878752,0.00126260,73.23000000,1
1531174713850,1531174713848,2878753,0.00126600,15.00000000,0
1531174775149,1531174775147,2878754,0.00126270,5.48000000,1
1531174793211,1531174793209,2878755,0.00126270,44.52000000,1
1531174793710,1531174793708,2878756,0.00126270,5.29000000,0
1531174812461,1531174812459,2878757,0.00126470,4.38000000,1
1531174817692,1531174817689,2878758,0.00126470,2.01000000,1
1531174832467,1531174832464,2878759,0.00126530,21.98000000,0
1531174832478,1531174832475,2878760,0.00126270,13.58000000,1
1531174850105,1531174850103,2878761,0.00126530,34.90000000,0
1531174850115,1531174850113,2878762,0.00126280,27.87000000,1
1531174850137,1531174850133,2878763,0.00126280,29.57000000,1
1531174859410,1531174859407,2878764,0.00126270,42.50000000,1
1531174876390,1531174876388,2878765,0.00126270,2.00000000,1
1531174876390,1531174876388,2878766,0.00126260,7.04000000,1
1531174876390,1531174876388,2878767,0.00125800,20.96000000,1
1531174903472,1531174903470,2878768,0.00125840,3.15000000,0
1531174914701,1531174914700,2878769,0.00126010,8.89000000,0
1531174914715,1531174914714,2878770,0.00125810,5.12000000,1
1531175071551,1531175071550,2878771,0.00125880,46.75000000,1
1531175071573,1531175071570,2878772,0.00125880,37.67000000,1
1531175080488,1531175080487,2878773,0.00126330,133.70000000,0
1531175080503,1531175080502,2878774,0.00126080,48.96000000,1
1531175080525,1531175080523,2878775,0.00126080,65.54000000,1
1531175099639,1531175099637,2878776,0.00126080,13.06000000,0
1531175157386,1531175157385,2878777,0.00125940,1.35000000,0
1531175157401,1531175157399,2878778,0.00126070,1.31000000,0
1531175186676,1531175186674,2878779,0.00125820,6.34000000,1
1531175188828,1531175188826,2878780,0.00125810,51.06000000,1
1531175190659,1531175190657,2878781,0.00125800,59.16000000,1
1531175196846,1531175196844,2878782,0.00125550,1.60000000,1
1531175198485,1531175198483,2878783,0.00125530,6.36000000,1
1531175199496,1531175199494,2878784,0.00125510,11.02000000,1
1531175213482,1531175213479,2878785,0.00125370,25.09000000,1
1531175215130,1531175215129,2878786,0.00125870,2.00000000,0
1531175215130,1531175215129,2878787,0.00125880,1.24000000,0
1531175215160,1531175215159,2878788,0.00125880,5.04000000,0
1531175215167,1531175215165,2878789,0.00125880,0.06000000,0
1531175215754,1531175215752,2878790,0.00125880,5.00000000,1
1531175372735,1531175372734,2878791,0.00125530,46.35000000,1
1531175389083,1531175389082,2878792,0.00125540,14.50000000,1
1531175389101,1531175389099,2878793,0.00125540,81.90000000,1
1531175403053,1531175403051,2878794,0.00125500,6.36000000,1
1531175411669,1531175411668,2878795,0.00125500,3.98000000,0
1531175460170,1531175460169,2878796,0.00125390,48.67000000,0
1531175460182,1531175460180,2878797,0.00125300,21.76000000,1
1531175460203,1531175460201,2878798,0.00125300,19.94000000,1
1531175492233,1531175492230,2878799,0.00125280,0.80000000,1
1531175492256,1531175492254,2878800,0.00125280,47.28000000,1
1531175580547,1531175580544,2878801,0.00125400,7.13000000,0
1531175582677,1531175582676,2878802,0.00125500,14.66000000,0
1531175629993,1531175629992,2878803,0.00125460,233.42000000,0
1531175630007,1531175630004,2878804,0.00125640,4.16000000,0
1531175630071,1531175630070,2878805,0.00125640,91.90000000,0
1531175631542,1531175631541,2878806,0.00125650,6.35000000,0
1531175631542,1531175631541,2878807,0.00126080,5.55000000,0
1531175632373,1531175632370,2878808,0.00125280,2.00000000,1
1531175636184,1531175636182,2878809,0.00126080,0.03000000,0
1531175700040,1531175700039,2878810,0.00125700,89.03000000,0
1531175700059,1531175700057,2878811,0.00125930,45.28000000,0
1531175700080,1531175700078,2878812,0.00125930,46.85000000,0
1531175732626,1531175732625,2878813,0.00125920,4.16000000,0
1531175732646,1531175732643,2878814,0.00125920,30.07000000,0
1531175749862,1531175749861,2878815,0.00125910,84.31000000,0
1531175749878,1531175749874,2878816,0.00125910,79.81000000,0
1531175820436,1531175820434,2878817,0.00125690,40.78000000,0
1531175820454,1531175820452,2878818,0.00125900,86.87000000,0
1531175820471,1531175820469,2878819,0.00125900,17.57000000,0
1531175879541,1531175879540,2878820,0.00125890,99.95000000,0
1531175879563,1531175879561,2878821,0.00125890,74.09000000,0
1531175911251,1531175911250,2878822,0.00125720,76.28000000,0
1531175911261,1531175911260,2878823,0.00125550,40.78000000,1
1531175911278,1531175911276,2878824,0.00125550,53.71000000,1
1531175927396,1531175927393,2878825,0.00125880,49.07000000,0
1531175927421,1531175927419,2878826,0.00125880,30.32000000,0
1531175928752,1531175928750,2878827,0.00125550,1.27000000,0
1531175932603,1531175932601,2878828,0.00125550,1.27000000,0
1531175934597,1531175934596,2878829,0.00125550,1.27000000,0
1531175935745,1531175935743,2878830,0.00125550,1.27000000,0
1531175971644,1531175971642,2878831,0.00125470,182.16000000,0
1531175971656,1531175971655,2878832,0.00125650,76.54000000,0
1531175985400,1531175985397,2878833,0.00125670,0.13000000,0
1531176031467,1531176031465,2878834,0.00125630,19.67000000,0
1531176038660,1531176038658,2878835,0.00125630,11.51000000,0
1531176038683,1531176038681,2878836,0.00125630,2.41000000,0
1531176063526,1531176063523,2878837,0.00125450,66.61000000,0
1531176063538,1531176063537,2878838,0.00125620,4.00000000,0
1531176063553,1531176063550,2878839,0.00125620,27.07000000,0
1531176086905,1531176086903,2878840,0.00125300,54.89000000,1
1531176142455,1531176142453,2878841,0.00125470,74.65000000,0
1531176142473,1531176142473,2878842,0.00125640,80.56000000,0
1531176142495,1531176142493,2878843,0.00125640,74.65000000,0
1531176179983,1531176179980,2878844,0.00125300,82.70000000,1
1531176211193,1531176211192,2878845,0.00125470,62.77000000,0
1531176211209,1531176211207,2878846,0.00125660,23.25000000,0
1531176226718,1531176226715,2878847,0.00125310,13.89000000,1
1531176226718,1531176226715,2878848,0.00125290,2.00000000,1
1531176227829,1531176227828,2878849,0.00125280,9.13000000,1
1531176229816,1531176229814,2878850,0.00125270,2.00000000,1
1531176257128,1531176257125,2878851,0.00125130,2.00000000,1
1531176335136,1531176335134,2878852,0.00125020,6.38000000,1
1531176343914,1531176343913,2878853,0.00125010,40.23000000,1
1531176358760,1531176358757,2878854,0.00125000,18.84000000,1
1531176372791,1531176372790,2878855,0.00124960,12.00000000,1
1531176374693,1531176374690,2878856,0.00124940,2.80000000,1
1531176375900,1531176375899,2878857,0.00124920,0.83000000,1
1531176377727,1531176377726,2878858,0.00124920,1.00000000,1
1531176385729,1531176385727,2878859,0.00124910,297.52000000,1
1531176387731,1531176387730,2878860,0.00124900,9.97000000,1
1531176387815,1531176387813,2878861,0.00124900,11.00000000,0
1531176389031,1531176389030,2878862,0.00124840,3.00000000,1
1531176389115,1531176389113,2878863,0.00124840,4.39000000,1
1531176390712,1531176390709,2878864,0.00124700,101.00000000,1
1531176391730,1531176391728,2878865,0.00124700,1.00000000,1
1531176392076,1531176392075,2878866,0.00124680,3.00000000,1
1531176392664,1531176392663,2878867,0.00124680,3.00000000,1
1531176392747,1531176392746,2878868,0.00124680,4.77000000,1
1531176394715,1531176394713,2878869,0.00124680,1.00000000,1
1531176396881,1531176396880,2878870,0.00124670,61.55000000,1
1531176399726,1531176399724,2878871,0.00124530,6.41000000,1
1531176399726,1531176399724,2878872,0.00124510,2.90000000,1
1531176400732,1531176400731,2878873,0.00124510,6.41000000,1
1531176401283,1531176401281,2878874,0.00124500,0.04000000,1
1531176401283,1531176401281,2878875,0.00124500,4.21000000,1
1531176401761,1531176401759,2878876,0.00124490,0.94000000,1
1531176401871,1531176401869,2878877,0.00124490,8.36000000,0
1531176401875,1531176401874,2878878,0.00124490,0.01000000,0
1531176402421,1531176402420,2878879,0.00124500,0.39000000,0
1531176402421,1531176402420,2878880,0.00124910,1.22000000,0
1531176403384,1531176403381,2878881,0.00124490,1.99000000,1
1531176403384,1531176403381,2878882,0.00124480,5.90000000,1
1531176406758,1531176406754,2878883,0.00124480,5.75000000,1
1531176406758,1531176406754,2878884,0.00124420,1.61000000,1
1531176406758,1531176406754,2878885,0.00124390,0.17000000,1
1531176409087,1531176409086,2878886,0.00124670,0.92000000,0
1531176409722,1531176409720,2878887,0.00124780,2.53000000,1
1531176416812,1531176416810,2878888,0.00124400,7.06000000,1
1531176420297,1531176420296,2878889,0.00124400,45.78000000,1
1531176420316,1531176420314,2878890,0.00124400,47.83000000,1
1531176420335,1531176420334,2878891,0.00124400,7.06000000,0
1531176438423,1531176438422,2878892,0.00124450,0.82000000,1
1531176440039,1531176440037,2878893,0.00124840,0.80000000,0
1531176472780,1531176472780,2878894,0.00124840,9.70000000,0
1531176474618,1531176474617,2878895,0.00124840,29.58000000,0
1531176474881,1531176474880,2878896,0.00124840,6.02000000,1
1531176510448,1531176510446,2878897,0.00124480,28.24000000,1
1531176510448,1531176510446,2878898,0.00124460,82.22000000,1
1531176510448,1531176510446,2878899,0.00124420,130.37000000,1
1531176510462,1531176510460,2878900,0.00124420,258.25000000,0
1531176510472,1531176510471,2878901,0.00124420,100.78000000,0
1531176510479,1531176510477,2878902,0.00124420,10.03000000,0
1531176510480,1531176510479,2878903,0.00124420,19.11000000,0
1531176510529,1531176510528,2878904,0.00124490,5.10000000,1
1531176510529,1531176510528,2878905,0.00124410,8.81000000,1
1531176510538,1531176510537,2878906,0.00124410,13.91000000,1
1531176516177,1531176516174,2878907,0.00124390,22.52000000,1
1531176516189,1531176516187,2878908,0.00124390,7.70000000,1
1531176516189,1531176516187,2878909,0.00124200,0.41000000,1
1531176523283,1531176523282,2878910,0.00124550,4.62000000,0
1531176523283,1531176523282,2878911,0.00124650,0.48000000,0
1531176523793,1531176523768,2878912,0.00124650,2.72000000,0
1531176524586,1531176524584,2878913,0.00124650,1.90000000,0
1531176524586,1531176524584,2878914,0.00124660,1.33000000,0
1531176531439,1531176531436,2878915,0.00124660,0.80000000,0
1531176535176,1531176535175,2878916,0.00124660,16.31000000,0
1531176537214,1531176537213,2878917,0.00124650,8.02000000,0
1531176538030,1531176538028,2878918,0.00124620,8.18000000,0
1531176539719,1531176539717,2878919,0.00124620,1.84000000,0
1531176542737,1531176542736,2878920,0.00124650,2.00000000,0
1531176565976,1531176565974,2878921,0.00124660,0.67000000,0
1531176565976,1531176565974,2878922,0.00124670,0.13000000,0
1531176597228,1531176597227,2878923,0.00124620,3.00000000,0
1531176600701,1531176600700,2878924,0.00124600,36.78000000,0
1531176609736,1531176609735,2878925,0.00124580,7.86000000,0
1531176610745,1531176610744,2878926,0.00124590,8.19000000,0
1531176612738,1531176612734,2878927,0.00124610,2.00000000,0
1531176631655,1531176631652,2878928,0.00124670,95.95000000,0
1531176631671,1531176631669,2878929,0.00124670,87.26000000,0
1531176634726,1531176634723,2878930,0.00124690,6.40000000,0
1531176638692,1531176638691,2878931,0.00124830,1.48000000,0
1531176660457,1531176660454,2878932,0.00124540,132.68000000,0
1531176660476,1531176660475,2878933,0.00124820,58.71000000,0
1531176685711,1531176685710,2878934,0.00124830,0.80000000,0
1531176692508,1531176692505,2878935,0.00124570,198.09000000,0
1531176692516,1531176692514,2878936,0.00124820,70.75000000,0
1531176710607,1531176710606,2878937,0.00124580,34.66000000,0
1531176710626,1531176710624,2878938,0.00124820,16.05000000,0
1531176744257,1531176744256,2878939,0.00124820,0.38000000,0
1531176746779,1531176746779,2878940,0.00124820,0.34000000,0
1531176749566,1531176749565,2878941,0.00124810,4.00000000,0
1531176752526,1531176752525,2878942,0.00124570,88.81000000,0
1531176752535,1531176752534,2878943,0.00124810,51.50000000,0
1531176752564,1531176752564,2878944,0.00124810,4.00000000,1
1531176786772,1531176786768,2878945,0.00124780,4.01000000,0
1531176790914,1531176790912,2878946,0.00124770,2.00000000,0
1531176797490,1531176797489,2878947,0.00124810,50.39000000,0
1531176797776,1531176797776,2878948,0.00124820,9.77000000,0
1531176839953,1531176839952,2878949,0.00124590,87.39000000,0
1531176839968,1531176839966,2878950,0.00124810,16.76000000,0
1531176839982,1531176839981,2878951,0.00124810,66.20000000,0
1531176857233,1531176857230,2878952,0.00124810,39.82000000,0
1531176857249,1531176857248,2878953,0.00124810,35.39000000,0
1531176900417,1531176900416,2878954,0.00124810,67.68000000,0
1531176900431,1531176900430,2878955,0.00124810,30.71000000,0
1531176906167,1531176906164,2878956,0.00124820,8.01000000,0
1531176923118,1531176923117,2878957,0.00124810,0.80000000,0
1531176924554,1531176924551,2878958,0.00124590,260.98000000,0
1531176924573,1531176924571,2878959,0.00124810,93.07000000,0
1531176940605,1531176940604,2878960,0.00124810,0.80000000,1
1531176960429,1531176960428,2878961,0.00124680,8.50000000,0
1531176960446,1531176960445,2878962,0.00124800,4.08000000,0
1531176976184,1531176976183,2878963,0.00124690,63.83000000,0
1531176976195,1531176976195,2878964,0.00124580,90.48000000,1
1531176976219,1531176976217,2878965,0.00124580,61.39000000,1
1531176976796,1531176976795,2878966,0.00124570,6.40000000,1
1531177010156,1531177010155,2878967,0.00124790,1.29000000,0
1531177020291,1531177020290,2878968,0.00124580,66.51000000,0
1531177020302,1531177020302,2878969,0.00124780,31.98000000,0
1531177043594,1531177043592,2878970,0.00124780,31.57000000,0
1531177043613,1531177043611,2878971,0.00124780,99.56000000,0
1531177080106,1531177080105,2878972,0.00124570,108.15000000,0
1531177080123,1531177080122,2878973,0.00124760,63.60000000,0
1531177106126,1531177106124,2878974,0.00124750,34.53000000,0
1531177106142,1531177106141,2878975,0.00124750,22.37000000,0
1531177146666,1531177146665,2878976,0.00124800,86.45000000,0
1531177146672,1531177146670,2878977,0.00124800,0.80000000,0
1531177146683,1531177146682,2878978,0.00124800,95.25000000,0
1531177171662,1531177171661,2878979,0.00124800,0.79000000,1
1531177171674,1531177171672,2878980,0.00124800,26.95000000,0
1531177171688,1531177171685,2878981,0.00124800,0.79000000,1
1531177178272,1531177178271,2878982,0.00124780,1.00000000,0
1531177200336,1531177200335,2878983,0.00124800,0.16000000,0
1531177200785,1531177200785,2878984,0.00124800,44.44000000,0
1531177206114,1531177206114,2878985,0.00124800,0.16000000,1
1531177251122,1531177251120,2878986,0.00124800,59.71000000,0
1531177251147,1531177251146,2878987,0.00124800,84.06000000,0
1531177300832,1531177300832,2878988,0.00124450,5.16000000,0
1531177311655,1531177311653,2878989,0.00124620,39.85000000,0
1531177311669,1531177311669,2878990,0.00124800,24.92000000,0
1531177335245,1531177335245,2878991,0.00124490,3.49000000,1
1531177351864,1531177351862,2878992,0.00124480,23.87000000,0
1531177358796,1531177358796,2878993,0.00124430,1.92000000,0
1531177358805,1531177358804,2878994,0.00124480,0.81000000,0
1531177369846,1531177369847,2878995,0.00124490,8.75000000,0
1531177383697,1531177383697,2878996,0.00124790,71.06000000,0
1531177383717,1531177383715,2878997,0.00124790,60.14000000,0
1531177409472,1531177409472,2878998,0.00124790,22.64000000,0
1531177409497,1531177409496,2878999,0.00124790,70.23000000,0
1531177439447,1531177439447,2879000,0.00124580,225.80000000,0
1531177439460,1531177439460,2879001,0.00124780,93.12000000,0
1531177439480,1531177439478,2879002,0.00124780,84.90000000,0
1531177453197,1531177453195,2879003,0.00124770,45.89000000,0
1531177453219,1531177453219,2879004,0.00124770,70.54000000,0
1531177489247,1531177489248,2879005,0.00124800,84.73000000,0
1531177489928,1531177489929,2879006,0.00124800,35.12000000,1
1531177492606,1531177492605,2879007,0.00124810,0.54000000,0
1531177505079,1531177505079,2879008,0.00124800,99.84000000,0
1531177507491,1531177507491,2879009,0.00124800,20.05000000,0
1531177507492,1531177507491,2879010,0.00124810,4.06000000,0
1531177523312,1531177523311,2879011,0.00124800,41.25000000,0
1531177560438,1531177560439,2879012,0.00124800,99.12000000,0
1531177560447,1531177560448,2879013,0.00124800,49.21000000,0
1531177567125,1531177567125,2879014,0.00124800,65.18000000,0
1531177567152,1531177567153,2879015,0.00124800,20.48000000,0
1531177651495,1531177651495,2879016,0.00124720,38.03000000,0
1531177651513,1531177651514,2879017,0.00124720,84.65000000,0
1531177736663,1531177736663,2879018,0.00124540,43.62000000,0
1531177736678,1531177736679,2879019,0.00124710,2.00000000,0
1531177736703,1531177736703,2879020,0.00124710,28.69000000,0
1531177744440,1531177744443,2879021,0.00124700,44.57000000,0
1531177754582,1531177754584,2879022,0.00124540,106.97000000,0
1531177754598,1531177754599,2879023,0.00124390,72.29000000,1
1531177777865,1531177777867,2879024,0.00124380,1.29000000,1
1531177779112,1531177779113,2879025,0.00124370,2.00000000,1
1531177799097,1531177799099,2879026,0.00124530,5.41000000,0
1531177832605,1531177832607,2879027,0.00124390,14.24000000,0
1531177832618,1531177832618,2879028,0.00124520,24.85000000,0
1531177832642,1531177832644,2879029,0.00124520,4.99000000,0
1531177849187,1531177849187,2879030,0.00124630,61.75000000,0
1531177849210,1531177849212,2879031,0.00124630,35.71000000,0
1531177944498,1531177944500,2879032,0.00124650,0.36000000,0
1531178099932,1531178099936,2879033,0.00124440,175.11000000,0
1531178099945,1531178099948,2879034,0.00124610,28.85000000,0
1531178099968,1531178099969,2879035,0.00124610,94.15000000,0
1531178121295,1531178121298,2879036,0.00124630,1.93000000,0
1531178121320,1531178121322,2879037,0.00124630,38.78000000,0
1531178159835,1531178159839,2879038,0.00124640,9.91000000,0
1531178159862,1531178159865,2879039,0.00124640,71.12000000,0
1531178191233,1531178191236,2879040,0.00124460,42.00000000,0
1531178191248,1531178191252,2879041,0.00124640,23.42000000,0
1531178191268,1531178191271,2879042,0.00124640,37.50000000,0
1531178197274,1531178197276,2879043,0.00124640,38.00000000,0
1531178213325,1531178213327,2879044,0.00124300,13.13000000,1
1531178277050,1531178277052,2879045,0.00124260,2.00000000,1
1531178277913,1531178277917,2879046,0.00124250,2.00000000,1
1531178279049,1531178279052,2879047,0.00124200,2.67000000,1
1531178355940,1531178355944,2879048,0.00124160,11.47000000,1
1531178359934,1531178359938,2879049,0.00124160,14.44000000,1
1531178400059,1531178400061,2879050,0.00124040,53.03000000,1
1531178400071,1531178400075,2879051,0.00124040,86.01000000,1
1531178429957,1531178429960,2879052,0.00124030,8.43000000,1
1531178431955,1531178431958,2879053,0.00124000,9.00000000,1
1531178431955,1531178431958,2879054,0.00123910,10.00000000,1
1531178432875,1531178432878,2879055,0.00123900,0.57000000,0
1531178434105,1531178434107,2879056,0.00123790,17.35000000,1
1531178476377,1531178476381,2879057,0.00123590,4.00000000,1
1531178477519,1531178477522,2879058,0.00123590,37.35000000,1
1531178478853,1531178478856,2879059,0.00123580,2.90000000,1
1531178479536,1531178479540,2879060,0.00123580,1.86000000,0
1531178483719,1531178483722,2879061,0.00123580,0.17000000,0
1531178484956,1531178484959,2879062,0.00123580,3.39000000,1
1531178510269,1531178510274,2879063,0.00123590,1.21000000,0
1531178520247,1531178520249,2879064,0.00123460,16.19000000,1
1531178520259,1531178520262,2879065,0.00123460,16.51000000,1
1531178520283,1531178520287,2879066,0.00123590,2.79000000,0
1531178529958,1531178529962,2879067,0.00123590,38.56000000,1
1531178530550,1531178530553,2879068,0.00123690,0.80000000,0
1531178532858,1531178532861,2879069,0.00123570,88.76000000,0
1531178532871,1531178532874,2879070,0.00123690,54.67000000,0
1531178544225,1531178544230,2879071,0.00123700,0.79000000,0
1531178551866,1531178551870,2879072,0.00123690,0.79000000,1
1531178551878,1531178551881,2879073,0.00123690,40.18000000,0
1531178551890,1531178551895,2879074,0.00123690,0.79000000,1
1531178554103,1531178554108,2879075,0.00123690,19.40000000,0
1531178555783,1531178555788,2879076,0.00123690,0.97000000,0
1531178568837,1531178568842,2879077,0.00123680,1.68000000,0
1531178568858,1531178568863,2879078,0.00123680,63.00000000,0
1531178580772,1531178580777,2879079,0.00123690,27.12000000,0
1531178611519,1531178611524,2879080,0.00123570,71.92000000,0
1531178611538,1531178611541,2879081,0.00123690,42.82000000,0
1531178617745,1531178617750,2879082,0.00123460,28.39000000,1
1531178643622,1531178643627,2879083,0.00123460,86.54000000,1
1531178643641,1531178643645,2879084,0.00123460,34.32000000,1
1531178648158,1531178648159,2879085,0.00123450,14.16000000,1
1531178648158,1531178648159,2879086,0.00123440,40.51000000,1
1531178648158,1531178648159,2879087,0.00123400,4.06000000,1
1531178648158,1531178648159,2879088,0.00123100,0.84000000,1
1531178648158,1531178648159,2879089,0.00123020,8.13000000,1
1531178648158,1531178648159,2879090,0.00123000,36.20000000,1
1531178648158,1531178648159,2879091,0.00122950,19.49000000,1
1531178648158,1531178648159,2879092,0.00122910,10.00000000,1
1531178648158,1531178648159,2879093,0.00122820,1.69000000,1
1531178648158,1531178648159,2879094,0.00122810,4.87000000,1
1531178648158,1531178648159,2879095,0.00122780,1.00000000,1
1531178648158,1531178648159,2879096,0.00122710,108.38000000,1
1531178648158,1531178648159,2879097,0.00122700,160.99000000,0
1531178648159,1531178648159,2879098,0.00122700,161.05000000,0
1531178648159,1531178648159,2879099,0.00122690,9.79000000,1
1531178648160,1531178648159,2879100,0.00122670,0.96000000,1
1531178648160,1531178648159,2879101,0.00122600,1.65000000,1
1531178648160,1531178648159,2879102,0.00122500,1.95000000,1
1531178648161,1531178648159,2879103,0.00122500,15.42000000,0
1531178648161,1531178648159,2879104,0.00122690,134.29000000,0
1531178648161,1531178648159,2879105,0.00122690,65.78000000,0
1531178648161,1531178648159,2879106,0.00122690,6.18000000,1
1531178648391,1531178648396,2879107,0.00122690,13.75000000,1
1531178648927,1531178648931,2879108,0.00122700,4.07000000,0
1531178649052,1531178649056,2879109,0.00122700,1.00000000,0
1531178649616,1531178649621,2879110,0.00122700,0.15000000,0
1531178649871,1531178649876,2879111,0.00122700,0.61000000,0
1531178652144,1531178652148,2879112,0.00122690,31.66000000,1
1531178652472,1531178652475,2879113,0.00122690,6.96000000,0
1531178652905,1531178652911,2879114,0.00122680,3.48000000,0
1531178654101,1531178654104,2879115,0.00122560,3.49000000,0
1531178655611,1531178655614,2879116,0.00122560,4.07000000,0
1531178655696,1531178655700,2879117,0.00122560,1.05000000,0
1531178674127,1531178674131,2879118,0.00122640,0.81000000,0
1531178674537,1531178674541,2879119,0.00122500,83.63000000,1
1531178674537,1531178674541,2879120,0.00122350,0.90000000,1
1531178674537,1531178674541,2879121,0.00122200,9.83000000,1
1531178674538,1531178674541,2879122,0.00122140,1.63000000,1
1531178674538,1531178674541,2879123,0.00122100,116.81000000,1
1531178677548,1531178677553,2879124,0.00122490,29.85000000,1
1531178681961,1531178681966,2879125,0.00122630,4.72000000,0
1531178683537,1531178683542,2879126,0.00122970,2.92000000,0
1531178683703,1531178683707,2879127,0.00122970,1.48000000,0
1531178684073,1531178684077,2879128,0.00122970,1.63000000,0
1531178685101,1531178685106,2879129,0.00122500,0.83000000,0
1531178687007,1531178687011,2879130,0.00122970,0.86000000,0
1531178687377,1531178687382,2879131,0.00122970,6.70000000,0
1531178691047,1531178691051,2879132,0.00122970,8.60000000,0
1531178692046,1531178692051,2879133,0.00122970,1.38000000,0
1531178692797,1531178692802,2879134,0.00122970,3.58000000,0
1531178693553,1531178693557,2879135,0.00122900,1.62000000,1
1531178693553,1531178693557,2879136,0.00122490,5.52000000,1
1531178693949,1531178693954,2879137,0.00122490,7.71000000,1
1531178703901,1531178703906,2879138,0.00122930,7.97000000,0
1531178722399,1531178722404,2879139,0.00122520,5.60000000,1
1531178722399,1531178722404,2879140,0.00122490,74.47000000,1
1531178722399,1531178722404,2879141,0.00122100,28.69000000,1
1531178722951,1531178722954,2879142,0.00122910,6.00000000,0
1531178723786,1531178723791,2879143,0.00122900,4.05000000,0
1531178726631,1531178726636,2879144,0.00122890,2.11000000,0
1531178732652,1531178732655,2879145,0.00122650,4.31000000,1
1531178732652,1531178732655,2879146,0.00122120,3.17000000,1
1531178736231,1531178736236,2879147,0.00122830,0.99000000,0
1531178758477,1531178758479,2879148,0.00122770,2.82000000,0
1531178758998,1531178759003,2879149,0.00122760,1.55000000,0
1531178758998,1531178759003,2879150,0.00122770,0.08000000,0
1531178763506,1531178763511,2879151,0.00122610,4.31000000,0
1531178763506,1531178763511,2879152,0.00122780,8.58000000,0
1531178768123,1531178768127,2879153,0.00122780,1.63000000,0
1531178789278,1531178789283,2879154,0.00122750,1.62000000,0
1531178823365,1531178823371,2879155,0.00122240,5.63000000,1
1531178823365,1531178823371,2879156,0.00122100,1.89000000,1
1531178834791,1531178834795,2879157,0.00122620,4.07000000,0
1531178851926,1531178851931,2879158,0.00122540,4.82000000,0
1531178852912,1531178852915,2879159,0.00122540,1.76000000,0
1531178862471,1531178862476,2879160,0.00122540,0.81000000,0
1531178908731,1531178908736,2879161,0.00122430,1.40000000,0
1531178924250,1531178924256,2879162,0.00122400,3.61000000,0
1531178924250,1531178924256,2879163,0.00122410,2.00000000,0
1531178925684,1531178925689,2879164,0.00122920,0.81000000,0
1531178926162,1531178926165,2879165,0.00122920,3.72000000,0
1531178927358,1531178927362,2879166,0.00122920,3.06000000,0
1531178928194,1531178928198,2879167,0.00122920,1.63000000,0
1531178928885,1531178928891,2879168,0.00122920,1.26000000,0
1531178947668,1531178947672,2879169,0.00122920,2.12000000,0
1531178955386,1531178955391,2879170,0.00122920,4.49000000,0
1531178955975,1531178955980,2879171,0.00122920,6.51000000,1
1531178956765,1531178956770,2879172,0.00122980,7.33000000,0
1531178971988,1531178971994,2879173,0.00123000,1.65000000,1
1531178972366,1531178972371,2879174,0.00123000,1.69000000,1
1531178972974,1531178972979,2879175,0.00123000,4.49000000,1
1531178983275,1531178983281,2879176,0.00123030,19.05000000,0
1531178983293,1531178983298,2879177,0.00123030,47.60000000,0
1531178993999,1531178994004,2879178,0.00123040,0.30000000,0
1531179020631,1531179020635,2879179,0.00123040,0.66000000,0
1531179023642,1531179023647,2879180,0.00123180,4.87000000,0
1531179026642,1531179026646,2879181,0.00123330,0.03000000,0
1531179046626,1531179046630,2879182,0.00123330,1.92000000,0
1531179046626,1531179046630,2879183,0.00123550,6.18000000,0
1531179059194,1531179059199,2879184,0.00123200,7.54000000,1
1531179061241,1531179061246,2879185,0.00123190,20.58000000,0
1531179065577,1531179065580,2879186,0.00123500,3.96000000,0
1531179066605,1531179066612,2879187,0.00123180,15.44000000,1
1531179162301,1531179162307,2879188,0.00123440,0.70000000,0
1531179164173,1531179164178,2879189,0.00123440,2.88000000,0
1531179174798,1531179174802,2879190,0.00123370,166.11000000,0
1531179174814,1531179174818,2879191,0.00123210,88.34000000,1
1531179212462,1531179212467,2879192,0.00123370,108.62000000,0
1531179212476,1531179212481,2879193,0.00123530,38.25000000,0
1531179217330,1531179217336,2879194,0.00123530,25.01000000,0
1531179217342,1531179217348,2879195,0.00123530,66.90000000,0
1531179239664,1531179239669,2879196,0.00123210,63.10000000,1
1531179239691,1531179239695,2879197,0.00123210,80.95000000,1
1531179270808,1531179270812,2879198,0.00123530,8.17000000,0
1531179271932,1531179271937,2879199,0.00123530,67.15000000,0
1531179279026,1531179279030,2879200,0.00123530,8.16000000,1
1531179284023,1531179284029,2879201,0.00123370,82.16000000,0
1531179284044,1531179284048,2879202,0.00123530,88.81000000,0
1531179284063,1531179284070,2879203,0.00123530,73.34000000,0
1531179294628,1531179294634,2879204,0.00123540,1.35000000,0
1531179304897,1531179304902,2879205,0.00123240,56.35000000,1
1531179321053,1531179321058,2879206,0.00123240,4.30000000,0
1531179327672,1531179327677,2879207,0.00123540,0.57000000,0
1531179333896,1531179333900,2879208,0.00123560,0.21000000,0
1531179357058,1531179357065,2879209,0.00123540,3.47000000,1
1531179359471,1531179359475,2879210,0.00123380,181.15000000,0
1531179359481,1531179359486,2879211,0.00123550,76.76000000,0
1531179368056,1531179368062,2879212,0.00123560,18.46000000,0
1531179371412,1531179371418,2879213,0.00123550,0.56000000,1
1531179379076,1531179379082,2879214,0.00123690,57.38000000,0
1531179381312,1531179381317,2879215,0.00123560,66.20000000,1
1531179419232,1531179419236,2879216,0.00123680,70.68000000,0
1531179419252,1531179419256,2879217,0.00123680,55.50000000,0
1531179439460,1531179439467,2879218,0.00123620,269.86000000,0
1531179439474,1531179439479,2879219,0.00123560,37.85000000,1
1531179439487,1531179439494,2879220,0.00123560,90.56000000,1
1531179441466,1531179441473,2879221,0.00123550,25.36000000,1
1531179452064,1531179452071,2879222,0.00123560,91.79000000,1
1531179452074,1531179452079,2879223,0.00123560,60.85000000,1
1531179475490,1531179475494,2879224,0.00123620,22.39000000,0
1531179475502,1531179475508,2879225,0.00123560,16.00000000,1
1531179482218,1531179482224,2879226,0.00123550,50.84000000,1
1531179483118,1531179483125,2879227,0.00123680,80.85000000,0
1531179483741,1531179483746,2879228,0.00123680,45.76000000,0
1531179493283,1531179493289,2879229,0.00123680,45.00000000,1
1531179500270,1531179500276,2879230,0.00123260,2.34000000,1
1531179567852,1531179567857,2879231,0.00123570,0.15000000,0
1531179572039,1531179572045,2879232,0.00123260,15.58000000,1
1531179572051,1531179572058,2879233,0.00123260,28.07000000,1
1531179669739,1531179669745,2879234,0.00123610,0.27000000,0
1531179679214,1531179679220,2879235,0.00123250,66.44000000,1
1531179679222,1531179679227,2879236,0.00123250,2.11000000,1
1531179679222,1531179679227,2879237,0.00123220,28.71000000,1
1531179679222,1531179679227,2879238,0.00123190,29.22000000,1
1531179679222,1531179679227,2879239,0.00123180,6.40000000,1
1531179679237,1531179679244,2879240,0.00123180,28.85000000,1
1531179679243,1531179679248,2879241,0.00123180,5.70000000,1
1531179679840,1531179679847,2879242,0.00123180,28.75000000,1
1531179691423,1531179691430,2879243,0.00123350,53.02000000,0
1531179691433,1531179691440,2879244,0.00123190,43.46000000,1
1531179751790,1531179751797,2879245,0.00123310,177.90000000,0
1531179751809,1531179751815,2879246,0.00123190,70.98000000,1
1531179751836,1531179751841,2879247,0.00123190,87.20000000,1
1531179760008,1531179760015,2879248,0.00123430,1.92000000,0
1531179765462,1531179765467,2879249,0.00123440,1.12000000,1
1531179779083,1531179779089,2879250,0.00123440,104.64000000,1
1531179786074,1531179786081,2879251,0.00123430,2.58000000,1
1531179812587,1531179812593,2879252,0.00123340,71.49000000,0
1531179812604,1531179812609,2879253,0.00123500,49.57000000,0
1531179812626,1531179812633,2879254,0.00123500,41.10000000,0
1531179828547,1531179828553,2879255,0.00123510,53.35000000,0
1531179828566,1531179828574,2879256,0.00123510,95.18000000,0
1531179839477,1531179839483,2879257,0.00123350,218.93000000,0
1531179839491,1531179839496,2879258,0.00123510,89.76000000,0
1531179839508,1531179839515,2879259,0.00123510,78.18000000,0
1531179871731,1531179871738,2879260,0.00123350,84.69000000,0
1531179871738,1531179871743,2879261,0.00123510,69.43000000,0
1531179878570,1531179878575,2879262,0.00123510,1.34000000,0
1531179900266,1531179900274,2879263,0.00123330,66.38000000,0
1531179900285,1531179900292,2879264,0.00123490,36.71000000,0
1531179900304,1531179900311,2879265,0.00123490,28.37000000,0
1531179932253,1531179932259,2879266,0.00123510,35.92000000,0
1531179932268,1531179932274,2879267,0.00123510,88.31000000,0
1531179960373,1531179960379,2879268,0.00123510,3.72000000,0
1531179967096,1531179967102,2879269,0.00123520,1.08000000,0
1531179968155,1531179968162,2879270,0.00123520,48.92000000,1
1531179992095,1531179992100,2879271,0.00123380,248.00000000,0
1531179992108,1531179992115,2879272,0.00123580,29.60000000,0
1531179992134,1531179992141,2879273,0.00123580,94.65000000,0
1531180002846,1531180002851,2879274,0.00123380,154.59000000,0
1531180002860,1531180002867,2879275,0.00123580,51.46000000,0
1531180002877,1531180002882,2879276,0.00123580,82.23000000,0
1531180051412,1531180051419,2879277,0.00123580,14.17000000,0
1531180072055,1531180072061,2879278,0.00123580,6.75000000,0
1531180072075,1531180072080,2879279,0.00123580,50.89000000,0
1531180080319,1531180080324,2879280,0.00123580,68.26000000,0
1531180111751,1531180111756,2879281,0.00123580,73.43000000,0
1531180111770,1531180111778,2879282,0.00123580,12.57000000,0
1531180121870,1531180121877,2879283,0.00123580,96.29000000,0
1531180171136,1531180171144,2879284,0.00123380,16.51000000,0
1531180171142,1531180171149,2879285,0.00123570,13.74000000,0
1531180171157,1531180171164,2879286,0.00123570,11.81000000,0
1531180177552,1531180177557,2879287,0.00123560,88.01000000,0
1531180177568,1531180177575,2879288,0.00123560,21.42000000,0
1531180178265,1531180178271,2879289,0.00123570,0.27000000,0
1531180181276,1531180181283,2879290,0.00123570,0.01000000,0
1531180200691,1531180200697,2879291,0.00123550,29.69000000,0
1531180200701,1531180200707,2879292,0.00123550,16.53000000,0
1531180231589,1531180231595,2879293,0.00123380,45.34000000,0
1531180231597,1531180231603,2879294,0.00123580,19.89000000,0
1531180250529,1531180250536,2879295,0.00123190,3.84000000,1
1531180252193,1531180252200,2879296,0.00123580,19.32000000,0
1531180335179,1531180335188,2879297,0.00123490,0.11000000,0
1531180341998,1531180342005,2879298,0.00123180,1.47000000,1
1531180652261,1531180652268,2879299,0.00123410,72.65000000,0
1531180652282,1531180652290,2879300,0.00123410,14.41000000,0
1531180675810,1531180675816,2879301,0.00123410,29.23000000,0
1531180712837,1531180712844,2879302,0.00123300,83.15000000,0
1531180712851,1531180712857,2879303,0.00123410,54.71000000,0
1531180733905,1531180733910,2879304,0.00123410,30.67000000,0
1531180733932,1531180733937,2879305,0.00123410,63.14000000,0
1531180772133,1531180772140,2879306,0.00123400,35.10000000,0
1531180772147,1531180772153,2879307,0.00123400,16.39000000,0
1531180783095,1531180783101,2879308,0.00123290,181.11000000,0
1531180783112,1531180783118,2879309,0.00123400,88.79000000,0
1531180783837,1531180783843,2879310,0.00123410,35.00000000,0
1531180793420,1531180793427,2879311,0.00123420,3.73000000,0
1531180832075,1531180832081,2879312,0.00123580,69.34000000,0
1531180837297,1531180837303,2879313,0.00123580,63.85000000,0
1531180837317,1531180837323,2879314,0.00123580,9.91000000,0
1531180860134,1531180860139,2879315,0.00123580,0.81000000,0
1531180891508,1531180891512,2879316,0.00123580,12.06000000,0
1531180891530,1531180891535,2879317,0.00123580,89.06000000,0
1531180909924,1531180909930,2879318,0.00123580,33.50000000,0
1531180909953,1531180909959,2879319,0.00123580,9.08000000,0
1531180951595,1531180951599,2879320,0.00123410,97.92000000,0
1531180951606,1531180951612,2879321,0.00123580,3.33000000,0
1531180951620,1531180951626,2879322,0.00123580,51.53000000,0
1531180972655,1531180972660,2879323,0.00123420,65.15000000,0
1531180972662,1531180972668,2879324,0.00123580,9.31000000,0
1531180972680,1531180972686,2879325,0.00123580,28.32000000,0
1531180980670,1531180980674,2879326,0.00123580,81.81000000,0
1531180980687,1531180980692,2879327,0.00123580,33.42000000,0
1531181011511,1531181011514,2879328,0.00123420,142.56000000,0
1531181011526,1531181011532,2879329,0.00123580,59.89000000,0
1531181011544,1531181011550,2879330,0.00123580,60.39000000,0
1531181026669,1531181026675,2879331,0.00123580,11.72000000,0
1531181026725,1531181026730,2879332,0.00123580,66.78000000,0
1531181027260,1531181027266,2879333,0.00123580,11.72000000,1
1531181039822,1531181039828,2879334,0.00123420,67.64000000,0
1531181039884,1531181039841,2879335,0.00123580,56.96000000,0
1531181039884,1531181039871,2879336,0.00123580,47.64000000,0
1531181069959,1531181069964,2879337,0.00123270,0.17000000,1
1531181072684,1531181072689,2879338,0.00123580,61.32000000,0
1531181086121,1531181086125,2879339,0.00123560,36.82000000,0
1531181086146,1531181086151,2879340,0.00123560,35.75000000,0
1531181102124,1531181102127,2879341,0.00123560,1.54000000,0
1531181102124,1531181102127,2879342,0.00123590,1.08000000,0
1531181102124,1531181102127,2879343,0.00123650,1.08000000,0
1531181102124,1531181102127,2879344,0.00123700,9.98000000,0
1531181102124,1531181102127,2879345,0.00123710,7.53000000,0
1531181102124,1531181102127,2879346,0.00123730,0.81000000,0
1531181102124,1531181102127,2879347,0.00123770,1.08000000,0
1531181102124,1531181102127,2879348,0.00123830,1.08000000,0
1531181102124,1531181102127,2879349,0.00123870,1.00000000,0
1531181102124,1531181102127,2879350,0.00123890,1.08000000,0
1531181106653,1531181106657,2879351,0.00123900,17.22000000,0
1531181107424,1531181107428,2879352,0.00123900,1.09000000,0
1531181108921,1531181108926,2879353,0.00123900,1.49000000,0
1531181132735,1531181132739,2879354,0.00123610,251.16000000,0
1531181132747,1531181132753,2879355,0.00123880,85.43000000,0
1531181139084,1531181139086,2879356,0.00123900,7.63000000,0
1531181139084,1531181139086,2879357,0.00123940,1.00000000,0
1531181139084,1531181139086,2879358,0.00123960,1.08000000,0
1531181139084,1531181139086,2879359,0.00124020,1.08000000,0
1531181139084,1531181139086,2879360,0.00124030,12.72000000,0
1531181139084,1531181139086,2879361,0.00124080,1.08000000,0
1531181139084,1531181139086,2879362,0.00124140,1.08000000,0
1531181139084,1531181139086,2879363,0.00124200,1.08000000,0
1531181143231,1531181143237,2879364,0.00123550,1.63000000,1
1531181143477,1531181143482,2879365,0.00123550,3.99000000,1
1531181145413,1531181145416,2879366,0.00123540,6.46000000,1
1531181235031,1531181235035,2879367,0.00123410,0.07000000,1
1531181241191,1531181241193,2879368,0.00123940,5.62000000,0
1531181241191,1531181241193,2879369,0.00123980,12.59000000,0
1531181241191,1531181241193,2879370,0.00124030,6.43000000,0
1531181241191,1531181241193,2879371,0.00124160,2.12000000,0
1531181241191,1531181241193,2879372,0.00124260,1.08000000,0
1531181241191,1531181241193,2879373,0.00124310,7.53000000,0
1531181241191,1531181241193,2879374,0.00124330,1.08000000,0
1531181241191,1531181241193,2879375,0.00124390,1.08000000,0
1531181241191,1531181241193,2879376,0.00124450,1.08000000,0
1531181241191,1531181241193,2879377,0.00124510,1.08000000,0
1531181241191,1531181241193,2879378,0.00124570,1.08000000,0
1531181241191,1531181241193,2879379,0.00124600,1.56000000,0
1531181241191,1531181241193,2879380,0.00124630,1.08000000,0
1531181241191,1531181241193,2879381,0.00124700,1.08000000,0
1531181241191,1531181241193,2879382,0.00124760,1.08000000,0
1531181241191,1531181241193,2879383,0.00124820,1.08000000,0
1531181241191,1531181241193,2879384,0.00124880,3.08000000,0
1531181251421,1531181251426,2879385,0.00123660,203.21000000,0
1531181251437,1531181251443,2879386,0.00123910,27.19000000,0
1531181251455,1531181251459,2879387,0.00123910,89.12000000,0
1531181255833,1531181255837,2879388,0.00123920,6.44000000,0
1531181255833,1531181255837,2879389,0.00123930,2.00000000,0
