event_time,trade_time,trade_id,price,quantity,maker
1531160305303,1531160305300,429729,0.00001749,127.00000000,1
1531160316019,1531160316016,429730,0.00001742,417.00000000,1
1531160316019,1531160316016,429731,0.00001741,1122.00000000,1
1531160316019,1531160316016,429732,0.00001740,136.00000000,1
1531160324160,1531160324157,429733,0.00001748,121.00000000,1
1531160329181,1531160329178,429734,0.00001748,129.00000000,1
1531160354296,1531160354293,429735,0.00001746,228.00000000,0
1531160359297,1531160359293,429736,0.00001748,269.00000000,1
1531160368388,1531160368386,429737,0.00001744,3102.00000000,0
1531160368407,1531160368403,429738,0.00001739,1579.00000000,1
1531160368427,1531160368425,429739,0.00001739,2125.00000000,1
1531160378159,1531160378158,429740,0.00001748,245.00000000,0
1531160391228,1531160391225,429741,0.00001746,278.00000000,0
1531160396509,1531160396506,429742,0.00001743,1807.00000000,0
1531160396517,1531160396514,429743,0.00001739,1089.00000000,1
1531160409260,1531160409257,429744,0.00001745,128.00000000,0
1531160417148,1531160417145,429745,0.00001745,116.00000000,0
1531160435094,1531160435091,429746,0.00001746,106.00000000,0
1531160447137,1531160447134,429747,0.00001746,97.00000000,0
1531160449265,1531160449262,429748,0.00001745,1956.00000000,0
1531160449276,1531160449272,429749,0.00001741,1019.00000000,1
1531160467918,1531160467914,429750,0.00001746,129.00000000,0
1531160484929,1531160484924,429751,0.00001746,102.00000000,0
1531160490975,1531160490971,429752,0.00001746,96.00000000,0
1531160507915,1531160507911,429753,0.00001746,98.00000000,1
1531160530703,1531160530700,429754,0.00001746,127.00000000,1
1531160536749,1531160536746,429755,0.00001746,167.00000000,1
1531160541285,1531160541281,429756,0.00001747,417.00000000,0
1531160541285,1531160541281,429757,0.00001750,136.00000000,0
1531160541285,1531160541281,429758,0.00001751,19.00000000,0
1531160557742,1531160557740,429759,0.00001747,154.00000000,1
1531160571745,1531160571740,429760,0.00001747,178.00000000,1
1531160581931,1531160581929,429761,0.00001748,1579.00000000,1
1531160581931,1531160581929,429762,0.00001747,1935.00000000,1
1531160592470,1531160592466,429763,0.00001748,126.00000000,0
1531160599628,1531160599624,429764,0.00001748,120.00000000,1
1531160610510,1531160610505,429765,0.00001750,1406.00000000,0
1531160610528,1531160610526,429766,0.00001750,2928.00000000,0
1531160612615,1531160612611,429767,0.00001749,98.00000000,0
1531160626689,1531160626685,429768,0.00001749,86.00000000,0
1531160631565,1531160631560,429769,0.00001748,278.00000000,0
1531160631574,1531160631570,429770,0.00001750,183.00000000,0
1531160643189,1531160643184,429771,0.00001748,2292.00000000,1
1531160645638,1531160645637,429772,0.00001749,73.00000000,0
1531160648861,1531160648856,429773,0.00001748,177.00000000,1
1531160649201,1531160649198,429774,0.00001747,282.00000000,1
1531160661728,1531160661727,429775,0.00001748,188.00000000,0
1531160667079,1531160667076,429776,0.00001748,415.00000000,0
1531160667102,1531160667098,429777,0.00001749,5977.00000000,0
1531160679959,1531160679956,429778,0.00001749,73.00000000,1
1531160679971,1531160679968,429779,0.00001749,1034.00000000,0
1531160679983,1531160679981,429780,0.00001750,410.00000000,0
1531160680006,1531160680003,429781,0.00001749,73.00000000,1
1531160683609,1531160683606,429782,0.00001749,196.00000000,0
1531160691619,1531160691614,429783,0.00001748,194.00000000,0
1531160705782,1531160705779,429784,0.00001748,657.00000000,1
1531160705805,1531160705801,429785,0.00001749,5781.00000000,0
1531160713616,1531160713613,429786,0.00001749,269.00000000,1
1531160713628,1531160713625,429787,0.00001749,2470.00000000,0
1531160713642,1531160713637,429788,0.00001750,2306.00000000,0
1531160713657,1531160713654,429789,0.00001750,1473.00000000,0
1531160713679,1531160713674,429790,0.00001749,269.00000000,1
1531160722006,1531160722002,429791,0.00001748,182.00000000,0
1531160741767,1531160741763,429792,0.00001748,173.00000000,1
1531160751486,1531160751482,429793,0.00001747,576.00000000,1
1531160751496,1531160751493,429794,0.00001747,1776.00000000,0
1531160751517,1531160751514,429795,0.00001748,817.00000000,0
1531160751537,1531160751534,429796,0.00001749,5781.00000000,0
1531160752884,1531160752882,429797,0.00001750,162.00000000,0
1531160770925,1531160770921,429798,0.00001750,997.00000000,1
1531160772831,1531160772827,429799,0.00001750,127.00000000,1
1531160773380,1531160773376,429800,0.00001750,8.00000000,1
1531160773380,1531160773376,429801,0.00001749,161.00000000,1
1531160773386,1531160773382,429802,0.00001749,108.00000000,1
1531160775729,1531160775725,429803,0.00001750,125.00000000,1
1531160800897,1531160800894,429804,0.00001749,116.00000000,0
1531160806032,1531160806031,429805,0.00001750,114.00000000,1
1531160811626,1531160811623,429806,0.00001750,1217.00000000,0
1531160811636,1531160811633,429807,0.00001749,1825.00000000,1
1531160811653,1531160811650,429808,0.00001749,669.00000000,1
1531160819069,1531160819065,429809,0.00001750,107.00000000,0
1531160819088,1531160819084,429810,0.00001750,1003.00000000,0
1531160828932,1531160828927,429811,0.00001750,175.00000000,1
1531160846958,1531160846954,429812,0.00001750,137.00000000,0
1531160864066,1531160864063,429813,0.00001749,140.00000000,0
1531160869666,1531160869662,429814,0.00001747,1461.00000000,1
1531160871122,1531160871116,429815,0.00001749,124.00000000,1
1531160893289,1531160893285,429816,0.00001748,189.00000000,1
1531160906226,1531160906223,429817,0.00001748,137.00000000,0
1531160910642,1531160910637,429818,0.00001750,287.00000000,0
1531160911151,1531160911148,429819,0.00001747,185.00000000,1
1531160926228,1531160926225,429820,0.00001747,164.00000000,0
1531160956225,1531160956221,429821,0.00001746,614.00000000,1
1531160956247,1531160956244,429822,0.00001747,58.00000000,0
1531160956269,1531160956264,429823,0.00001747,272.00000000,0
1531160967372,1531160967367,429824,0.00001747,159.00000000,0
1531160971305,1531160971301,429825,0.00001747,165.00000000,0
1531160991330,1531160991327,429826,0.00001746,1052.00000000,1
1531160991356,1531160991353,429827,0.00001747,421.00000000,0
1531161009207,1531161009203,429828,0.00001747,1418.00000000,1
1531161011125,1531161011121,429829,0.00001748,209.00000000,0
1531161011143,1531161011140,429830,0.00001748,377.00000000,0
1531161011821,1531161011818,429831,0.00001747,236.00000000,0
1531161021824,1531161021820,429832,0.00001747,233.00000000,1
1531161035127,1531161035122,429833,0.00001746,471.00000000,1
1531161037808,1531161037804,429834,0.00001745,235.00000000,1
1531161045780,1531161045775,429835,0.00001745,232.00000000,0
1531161046074,1531161046073,429836,0.00001746,190.00000000,0
1531161046083,1531161046079,429837,0.00001746,190.00000000,0
1531161046130,1531161046127,429838,0.00001740,190.00000000,1
1531161049869,1531161049864,429839,0.00001740,174.00000000,1
1531161069622,1531161069617,429840,0.00001739,163.00000000,1
1531161078599,1531161078598,429841,0.00001739,228.00000000,0
1531161078604,1531161078601,429842,0.00001739,249.00000000,0
1531161078645,1531161078641,429843,0.00001739,165.00000000,0
1531161084397,1531161084392,429844,0.00001738,1052.00000000,0
1531161084409,1531161084405,429845,0.00001740,190.00000000,0
1531161088567,1531161088563,429846,0.00001745,154.00000000,1
1531161100558,1531161100554,429847,0.00001743,148.00000000,1
1531161108565,1531161108562,429848,0.00001744,150.00000000,1
1531161113437,1531161113433,429849,0.00001746,315.00000000,0
1531161127396,1531161127392,429850,0.00001744,107.00000000,0
1531161139348,1531161139345,429851,0.00001744,93.00000000,1
1531161147481,1531161147477,429852,0.00001745,2208.00000000,0
1531161147491,1531161147488,429853,0.00001740,174.00000000,1
1531161148407,1531161148403,429854,0.00001740,69.00000000,0
1531161148415,1531161148411,429855,0.00001740,102.00000000,0
1531161148426,1531161148422,429856,0.00001740,19.00000000,0
1531161154350,1531161154344,429857,0.00001743,118.00000000,0
1531161158246,1531161158241,429858,0.00001745,1840.00000000,0
1531161158261,1531161158258,429859,0.00001745,718.00000000,0
1531161166288,1531161166284,429860,0.00001743,110.00000000,0
1531161168256,1531161168252,429861,0.00001738,63.00000000,1
1531161168256,1531161168252,429862,0.00001737,474.00000000,1
1531161168256,1531161168252,429863,0.00001736,1098.00000000,1
1531161191083,1531161191079,429864,0.00001743,187.00000000,1
1531161192793,1531161192788,429865,0.00001737,10.00000000,1
1531161192905,1531161192902,429866,0.00001737,12.00000000,1
1531161194166,1531161194161,429867,0.00001735,22.00000000,1
1531161207894,1531161207891,429868,0.00001735,8.00000000,1
1531161207923,1531161207920,429869,0.00001735,10.00000000,1
1531161210037,1531161210034,429870,0.00001740,246.00000000,0
1531161217017,1531161217013,429871,0.00001738,216.00000000,0
1531161227015,1531161227011,429872,0.00001740,203.00000000,1
1531161248797,1531161248793,429873,0.00001735,6201.00000000,1
1531161249828,1531161249824,429874,0.00001740,202.00000000,0
1531161267494,1531161267488,429875,0.00001741,63.00000000,0
1531161267494,1531161267488,429876,0.00001742,374.00000000,0
1531161267494,1531161267488,429877,0.00001746,1709.00000000,0
1531161267494,1531161267488,429878,0.00001748,1285.00000000,0
1531161267494,1531161267488,429879,0.00001749,2092.00000000,0
1531161267494,1531161267488,429880,0.00001750,409.00000000,0
1531161269813,1531161269809,429881,0.00001742,210.00000000,0
1531161273832,1531161273827,429882,0.00001742,249.00000000,0
1531161274998,1531161274994,429883,0.00001741,543.00000000,1
1531161275009,1531161275004,429884,0.00001741,1165.00000000,1
1531161287188,1531161287183,429885,0.00001744,195.00000000,1
1531161308253,1531161308249,429886,0.00001744,112.00000000,0
1531161323023,1531161323018,429887,0.00001744,131.00000000,1
1531161329033,1531161329028,429888,0.00001745,2402.00000000,0
1531161329037,1531161329032,429889,0.00001750,67.00000000,0
1531161329045,1531161329043,429890,0.00001750,1935.00000000,0
1531161343670,1531161343664,429891,0.00001750,67.00000000,1
1531161346127,1531161346122,429892,0.00001746,141.00000000,0
1531161369357,1531161369353,429893,0.00001748,2087.00000000,0
1531161369379,1531161369374,429894,0.00001748,1284.00000000,0
1531161372233,1531161372230,429895,0.00001746,178.00000000,1
1531161380200,1531161380196,429896,0.00001745,201.00000000,1
1531161395267,1531161395262,429897,0.00001747,155.00000000,1
1531161397326,1531161397325,429898,0.00001749,610.00000000,0
1531161400388,1531161400386,429899,0.00001744,142.00000000,1
1531161401392,1531161401391,429900,0.00001744,142.00000000,1
1531161409539,1531161409534,429901,0.00001748,2168.00000000,0
1531161409561,1531161409558,429902,0.00001748,1569.00000000,0
1531161411160,1531161411155,429903,0.00001747,175.00000000,0
1531161427968,1531161427963,429904,0.00001746,120.00000000,0
1531161435925,1531161435921,429905,0.00001745,69.00000000,1
1531161437658,1531161437655,429906,0.00001745,2705.00000000,1
1531161488230,1531161488228,429907,0.00001745,69.00000000,0
1531161490546,1531161490542,429908,0.00001746,214.00000000,1
1531161495478,1531161495473,429909,0.00001746,264.00000000,1
1531161511608,1531161511603,429910,0.00001746,240.00000000,0
1531161514841,1531161514838,429911,0.00001746,3083.00000000,0
1531161514854,1531161514852,429912,0.00001748,1713.00000000,0
1531161514874,1531161514870,429913,0.00001745,2705.00000000,1
1531161547863,1531161547858,429914,0.00001744,622.00000000,1
1531161547877,1531161547872,429915,0.00001744,3673.00000000,0
1531161547893,1531161547888,429916,0.00001745,69.00000000,0
1531161555057,1531161555052,429917,0.00001745,2136.00000000,1
1531161555076,1531161555071,429918,0.00001746,103.00000000,0
1531161557288,1531161557282,429919,0.00001745,282.00000000,1
1531161557449,1531161557444,429920,0.00001745,287.00000000,1
1531161557449,1531161557444,429921,0.00001744,282.00000000,1
1531161561425,1531161561421,429922,0.00001744,340.00000000,1
1531161563863,1531161563858,429923,0.00001743,113.00000000,1
1531161571270,1531161571265,429924,0.00001743,2500.00000000,1
1531161575053,1531161575048,429925,0.00001743,373.00000000,1
1531161585723,1531161585719,429926,0.00001743,2538.00000000,0
1531161593011,1531161593007,429927,0.00001743,104.00000000,0
1531161607934,1531161607930,429928,0.00001743,1147.00000000,0
1531161612236,1531161612233,429929,0.00001742,242.00000000,0
1531161623042,1531161623039,429930,0.00001741,258.00000000,0
1531161636082,1531161636080,429931,0.00001742,220.00000000,0
1531161637240,1531161637236,429932,0.00001743,206.00000000,0
1531161637257,1531161637254,429933,0.00001743,769.00000000,0
1531161643128,1531161643122,429934,0.00001736,509.00000000,1
1531161648290,1531161648285,429935,0.00001740,68.00000000,0
1531161648321,1531161648318,429936,0.00001740,149.00000000,0
1531161648592,1531161648589,429937,0.00001740,68.00000000,1
1531161672808,1531161672804,429938,0.00001738,131.00000000,0
1531161673440,1531161673435,429939,0.00001739,119.00000000,0
1531161684038,1531161684033,429940,0.00001738,131.00000000,1
1531161691363,1531161691361,429941,0.00001736,159.00000000,0
1531161709375,1531161709372,429942,0.00001736,165.00000000,0
1531161709778,1531161709773,429943,0.00001738,167.00000000,0
1531161709810,1531161709807,429944,0.00001738,12.00000000,0
1531161719465,1531161719460,429945,0.00001739,1625.00000000,0
1531161719475,1531161719470,429946,0.00001740,2972.00000000,0
1531161719497,1531161719491,429947,0.00001740,2942.00000000,0
1531161728389,1531161728384,429948,0.00001739,231.00000000,1
1531161730790,1531161730788,429949,0.00001741,219.00000000,0
1531161730812,1531161730807,429950,0.00001741,65.00000000,0
1531161749262,1531161749259,429951,0.00001739,189.00000000,1
1531161755323,1531161755318,429952,0.00001739,195.00000000,0
1531161768274,1531161768268,429953,0.00001740,178.00000000,0
1531161771172,1531161771168,429954,0.00001740,423.00000000,0
1531161771184,1531161771178,429955,0.00001739,407.00000000,1
1531161791397,1531161791394,429956,0.00001739,120.00000000,1
1531161793519,1531161793513,429957,0.00001737,3727.00000000,0
1531161793531,1531161793527,429958,0.00001740,2301.00000000,0
1531161806673,1531161806669,429959,0.00001740,106.00000000,1
1531161816468,1531161816464,429960,0.00001740,116.00000000,1
1531161821712,1531161821707,429961,0.00001735,12.00000000,1
1531161825456,1531161825452,429962,0.00001740,138.00000000,0
1531161847946,1531161847940,429963,0.00001736,637.00000000,1
1531161851263,1531161851259,429964,0.00001740,166.00000000,0
1531161925321,1531161925317,429965,0.00001741,49.00000000,0
1531161930013,1531161930012,429966,0.00001741,241.00000000,0
1531161941978,1531161941977,429967,0.00001741,175.00000000,1
1531161945473,1531161945468,429968,0.00001741,2132.00000000,0
1531161950425,1531161950421,429969,0.00001741,83.00000000,0
1531161954902,1531161954898,429970,0.00001742,68.00000000,0
1531161964303,1531161964298,429971,0.00001742,100.00000000,0
1531161968634,1531161968629,429972,0.00001741,960.00000000,1
1531161968652,1531161968648,429973,0.00001741,325.00000000,0
1531161968663,1531161968660,429974,0.00001741,960.00000000,1
1531162027632,1531162027627,429975,0.00001740,471.00000000,1
1531162027656,1531162027653,429976,0.00001741,83.00000000,0
1531162033115,1531162033110,429977,0.00001742,214.00000000,1
1531162056159,1531162056154,429978,0.00001744,282.00000000,0
1531162148130,1531162148126,429979,0.00001745,64.00000000,0
1531162160272,1531162160267,429980,0.00001744,176.00000000,0
1531162168220,1531162168215,429981,0.00001745,116.00000000,0
1531162173322,1531162173320,429982,0.00001744,161.00000000,1
1531162189178,1531162189174,429983,0.00001744,810.00000000,1
1531162189192,1531162189188,429984,0.00001744,1053.00000000,0
1531162189204,1531162189199,429985,0.00001744,810.00000000,1
1531162214731,1531162214727,429986,0.00001744,145.00000000,1
1531162224657,1531162224653,429987,0.00001745,68.00000000,0
1531162225149,1531162225145,429988,0.00001744,2215.00000000,1
1531162225167,1531162225161,429989,0.00001744,2270.00000000,1
1531162226882,1531162226881,429990,0.00001744,178.00000000,0
1531162233824,1531162233819,429991,0.00001744,152.00000000,1
1531162251044,1531162251040,429992,0.00001745,68.00000000,0
1531162285827,1531162285822,429993,0.00001745,253.00000000,0
1531162295274,1531162295268,429994,0.00001746,76.00000000,1
1531162299260,1531162299257,429995,0.00001747,138.00000000,1
1531162302738,1531162302734,429996,0.00001751,680.00000000,0
1531162302738,1531162302734,429997,0.00001753,320.00000000,0
1531162306028,1531162306022,429998,0.00001748,169.00000000,1
1531162310724,1531162310719,429999,0.00001747,2654.00000000,1
1531162317554,1531162317549,430000,0.00001753,1000.00000000,0
1531162323356,1531162323352,430001,0.00001753,817.00000000,0
1531162323356,1531162323352,430002,0.00001754,183.00000000,0
1531162331053,1531162331049,430003,0.00001748,224.00000000,0
1531162331931,1531162331927,430004,0.00001754,1000.00000000,0
1531162339940,1531162339936,430005,0.00001748,195.00000000,0
1531162354119,1531162354117,430006,0.00001749,166.00000000,1
1531162354119,1531162354117,430007,0.00001748,14.00000000,1
1531162358304,1531162358301,430008,0.00001751,166.00000000,0
1531162358321,1531162358317,430009,0.00001748,508.00000000,1
1531162358344,1531162358340,430010,0.00001748,46.00000000,1
1531162366974,1531162366968,430011,0.00001746,240.00000000,1
1531162368963,1531162368957,430012,0.00001747,179.00000000,1
1531162370683,1531162370679,430013,0.00001748,14.00000000,0
1531162370683,1531162370679,430014,0.00001754,8.00000000,0
1531162370683,1531162370679,430015,0.00001755,193.00000000,0
1531162370683,1531162370679,430016,0.00001757,1007.00000000,0
1531162386451,1531162386446,430017,0.00001755,376.00000000,0
1531162389246,1531162389211,430018,0.00001756,186.00000000,0
1531162425268,1531162425262,430019,0.00001757,43.00000000,0
1531162431385,1531162431380,430020,0.00001750,166.00000000,0
1531162448476,1531162448473,430021,0.00001750,215.00000000,0
1531162462221,1531162462216,430022,0.00001750,258.00000000,1
1531162470022,1531162470018,430023,0.00001750,619.00000000,1
1531162470104,1531162470101,430024,0.00001750,258.00000000,0
1531162481444,1531162481438,430025,0.00001748,199.00000000,0
1531162490412,1531162490406,430026,0.00001749,209.00000000,0
1531162508427,1531162508425,430027,0.00001748,149.00000000,0
1531162516468,1531162516463,430028,0.00001749,127.00000000,0
1531162537424,1531162537421,430029,0.00001747,148.00000000,0
1531162550382,1531162550377,430030,0.00001749,175.00000000,0
1531162552067,1531162552062,430031,0.00001746,157.00000000,1
1531162552067,1531162552062,430032,0.00001745,5337.00000000,1
1531162571233,1531162571229,430033,0.00001749,131.00000000,1
1531162585209,1531162585206,430034,0.00001748,115.00000000,1
1531162595403,1531162595399,430035,0.00001750,136.00000000,1
1531162609284,1531162609280,430036,0.00001749,155.00000000,0
1531162610967,1531162610963,430037,0.00001751,4439.00000000,0
1531162610980,1531162610977,430038,0.00001746,2921.00000000,1
1531162635133,1531162635128,430039,0.00001748,202.00000000,1
1531162636631,1531162636627,430040,0.00001751,258.00000000,0
1531162636645,1531162636641,430041,0.00001747,235.00000000,1
1531162644136,1531162644131,430042,0.00001748,202.00000000,1
1531162652312,1531162652307,430043,0.00001749,197.00000000,1
1531162669125,1531162669121,430044,0.00001749,231.00000000,0
1531162669541,1531162669537,430045,0.00001751,1115.00000000,0
1531162669553,1531162669547,430046,0.00001747,656.00000000,1
1531162692916,1531162692910,430047,0.00001749,132.00000000,0
1531162704859,1531162704853,430048,0.00001749,155.00000000,1
1531162709574,1531162709569,430049,0.00001747,141.00000000,1
1531162725953,1531162725948,430050,0.00001749,163.00000000,0
1531162729852,1531162729846,430051,0.00001749,175.00000000,1
1531162751873,1531162751868,430052,0.00001749,228.00000000,0
1531162758835,1531162758829,430053,0.00001749,170.00000000,1
1531162781058,1531162781053,430054,0.00001750,185.00000000,1
1531162790601,1531162790595,430055,0.00001751,568.00000000,0
1531162790623,1531162790619,430056,0.00001747,756.00000000,1
1531162790647,1531162790641,430057,0.00001747,243.00000000,1
1531162792905,1531162792904,430058,0.00001750,166.00000000,1
1531162812022,1531162812018,430059,0.00001749,231.00000000,1
1531162826103,1531162826099,430060,0.00001749,239.00000000,1
1531162837018,1531162837014,430061,0.00001748,186.00000000,0
1531162849956,1531162849950,430062,0.00001749,169.00000000,1
1531162856567,1531162856563,430063,0.00001747,1618.00000000,1
1531162856597,1531162856591,430064,0.00001747,1198.00000000,1
1531162876137,1531162876132,430065,0.00001748,144.00000000,1
1531162886183,1531162886178,430066,0.00001748,125.00000000,0
1531162895144,1531162895139,430067,0.00001747,150.00000000,0
1531162911128,1531162911125,430068,0.00001747,105.00000000,1
1531162923633,1531162923629,430069,0.00001750,2089.00000000,0
1531162923650,1531162923645,430070,0.00001746,1583.00000000,1
1531162929147,1531162929144,430071,0.00001747,108.00000000,0
1531162950131,1531162950127,430072,0.00001747,128.00000000,0
1531162958196,1531162958192,430073,0.00001746,128.00000000,1
1531162964103,1531162964097,430074,0.00001748,308.00000000,1
1531162971172,1531162971169,430075,0.00001747,239.00000000,1
1531162973311,1531162973306,430076,0.00001748,124.00000000,0
1531162982028,1531162982022,430077,0.00001754,258.00000000,0
1531162982028,1531162982022,430078,0.00001757,450.00000000,0
1531162982028,1531162982022,430079,0.00001758,1006.00000000,0
1531162990127,1531162990122,430080,0.00001748,393.00000000,1
1531162991405,1531162991401,430081,0.00001748,137.00000000,0
1531162995133,1531162995128,430082,0.00001755,393.00000000,0
1531162995133,1531162995128,430083,0.00001756,1520.00000000,0
1531162995133,1531162995128,430084,0.00001758,418.00000000,0
1531162995403,1531162995400,430085,0.00001748,431.00000000,1
1531163004509,1531163004504,430086,0.00001753,1283.00000000,0
1531163008527,1531163008522,430087,0.00001748,134.00000000,0
1531163009090,1531163009084,430088,0.00001748,1562.00000000,1
1531163012051,1531163012045,430089,0.00001749,365.00000000,1
1531163013382,1531163013378,430090,0.00001749,121.00000000,0
1531163016594,1531163016590,430091,0.00001750,140.00000000,1
1531163026159,1531163026154,430092,0.00001749,243.00000000,1
1531163030364,1531163030360,430093,0.00001750,121.00000000,0
1531163037834,1531163037829,430094,0.00001749,1293.00000000,1
1531163037834,1531163037829,430095,0.00001747,4548.00000000,1
1531163047522,1531163047518,430096,0.00001751,263.00000000,0
1531163061610,1531163061605,430097,0.00001751,213.00000000,1
1531163062265,1531163062261,430098,0.00001750,224.00000000,1
1531163062275,1531163062271,430099,0.00001750,224.00000000,1
1531163062293,1531163062290,430100,0.00001750,392.00000000,1
1531163067125,1531163067120,430101,0.00001752,365.00000000,0
1531163067125,1531163067120,430102,0.00001753,1406.00000000,0
1531163071282,1531163071277,430103,0.00001755,176.00000000,1
1531163071400,1531163071396,430104,0.00001755,11.00000000,1
1531163076286,1531163076281,430105,0.00001755,331.00000000,0
1531163076298,1531163076293,430106,0.00001754,146.00000000,1
1531163076317,1531163076311,430107,0.00001754,164.00000000,1
1531163090483,1531163090477,430108,0.00001754,247.00000000,0
1531163105918,1531163105911,430109,0.00001754,1929.00000000,1
1531163105936,1531163105933,430110,0.00001754,512.00000000,1
1531163109762,1531163109755,430111,0.00001753,500.00000000,1
1531163114701,1531163114698,430112,0.00001754,238.00000000,1
1531163120439,1531163120436,430113,0.00001754,193.00000000,0
1531163134501,1531163134495,430114,0.00001754,1618.00000000,0
1531163134512,1531163134509,430115,0.00001756,1225.00000000,0
1531163134531,1531163134526,430116,0.00001756,710.00000000,0
1531163134801,1531163134797,430117,0.00001755,192.00000000,1
1531163149765,1531163149762,430118,0.00001755,260.00000000,1
1531163167657,1531163167652,430119,0.00001756,151.00000000,0
1531163180626,1531163180622,430120,0.00001757,431.00000000,0
1531163180626,1531163180622,430121,0.00001758,1044.00000000,0
1531163187897,1531163187891,430122,0.00001756,1705.00000000,1
1531163187915,1531163187911,430123,0.00001756,1364.00000000,1
1531163189717,1531163189712,430124,0.00001756,161.00000000,0
1531163189717,1531163189712,430125,0.00001758,74.00000000,0
1531163190822,1531163190815,430126,0.00001757,62.00000000,1
1531163197516,1531163197511,430127,0.00001758,1456.00000000,0
1531163198169,1531163198163,430128,0.00001757,1574.00000000,1
1531163198184,1531163198178,430129,0.00001757,1861.00000000,0
1531163198196,1531163198191,430130,0.00001757,1574.00000000,1
1531163202965,1531163202960,430131,0.00001756,195.00000000,1
1531163206755,1531163206749,430132,0.00001757,62.00000000,0
1531163206755,1531163206749,430133,0.00001758,351.00000000,0
1531163206755,1531163206749,430134,0.00001759,1151.00000000,0
1531163208844,1531163208838,430135,0.00001756,183.00000000,0
1531163230811,1531163230805,430136,0.00001756,153.00000000,0
1531163247717,1531163247711,430137,0.00001757,161.00000000,1
1531163249486,1531163249480,430138,0.00001756,615.00000000,1
1531163249499,1531163249494,430139,0.00001756,785.00000000,1
1531163251006,1531163250998,430140,0.00001755,100.00000000,1
1531163257709,1531163257704,430141,0.00001750,61.00000000,1
1531163263467,1531163263461,430142,0.00001751,370.00000000,1
1531163263467,1531163263461,430143,0.00001750,381.00000000,1
1531163287565,1531163287559,430144,0.00001750,146.00000000,0
1531163287575,1531163287570,430145,0.00001750,392.00000000,0
1531163296350,1531163296344,430146,0.00001750,118.00000000,0
1531163312508,1531163312503,430147,0.00001750,131.00000000,0
1531163333451,1531163333445,430148,0.00001749,602.00000000,1
1531163353676,1531163353671,430149,0.00001749,77.00000000,1
1531163355060,1531163355054,430150,0.00001747,173.00000000,0
1531163380894,1531163380890,430151,0.00001747,206.00000000,1
1531163388510,1531163388503,430152,0.00001746,370.00000000,1
1531163392342,1531163392337,430153,0.00001746,853.00000000,1
1531163392360,1531163392356,430154,0.00001747,2980.00000000,0
1531163392382,1531163392377,430155,0.00001747,388.00000000,0
1531163412617,1531163412612,430156,0.00001747,154.00000000,1
1531163421639,1531163421638,430157,0.00001747,174.00000000,0
1531163424542,1531163424538,430158,0.00001747,114.00000000,0
1531163429619,1531163429614,430159,0.00001746,2180.00000000,1
1531163429649,1531163429643,430160,0.00001747,1011.00000000,0
1531163429666,1531163429660,430161,0.00001747,1266.00000000,0
1531163440658,1531163440653,430162,0.00001747,195.00000000,0
1531163450210,1531163450202,430163,0.00001748,442.00000000,0
1531163450210,1531163450202,430164,0.00001749,130.00000000,0
1531163451501,1531163451495,430165,0.00001747,148.00000000,0
1531163465874,1531163465869,430166,0.00001747,508.00000000,1
1531163465897,1531163465891,430167,0.00001747,175.00000000,1
1531163470695,1531163470689,430168,0.00001747,297.00000000,1
1531163470695,1531163470689,430169,0.00001746,10240.00000000,1
1531163473492,1531163473489,430170,0.00001747,202.00000000,0
1531163479737,1531163479732,430171,0.00001747,175.00000000,0
1531163490202,1531163490195,430172,0.00001746,1500.00000000,1
1531163490357,1531163490351,430173,0.00001747,228.00000000,1
1531163509271,1531163509266,430174,0.00001747,818.00000000,1
1531163509298,1531163509293,430175,0.00001747,2159.00000000,1
1531163509523,1531163509517,430176,0.00001748,193.00000000,1
1531163522241,1531163522237,430177,0.00001749,2757.00000000,0
1531163608048,1531163608044,430178,0.00001748,2759.00000000,1
1531163624388,1531163624382,430179,0.00001748,324.00000000,1
1531163630617,1531163630612,430180,0.00001748,2018.00000000,1
1531163632839,1531163632834,430181,0.00001748,141.00000000,0
1531163632853,1531163632850,430182,0.00001748,114.00000000,0
1531163649710,1531163649705,430183,0.00001747,403.00000000,1
1531163649727,1531163649721,430184,0.00001747,2457.00000000,0
1531163649745,1531163649739,430185,0.00001748,11.00000000,0
1531163651187,1531163651182,430186,0.00001749,158.00000000,0
1531163691746,1531163691741,430187,0.00001748,2273.00000000,1
1531163691763,1531163691757,430188,0.00001748,666.00000000,0
1531163691770,1531163691765,430189,0.00001748,2273.00000000,1
1531163698322,1531163698317,430190,0.00001747,1150.00000000,1
1531163698333,1531163698327,430191,0.00001747,1176.00000000,1
1531163698351,1531163698346,430192,0.00001748,11.00000000,0
1531163704126,1531163704120,430193,0.00001748,283.00000000,1
1531163747566,1531163747561,430194,0.00001749,171.00000000,0
1531163749531,1531163749527,430195,0.00001748,1990.00000000,1
1531163771401,1531163771396,430196,0.00001748,167.00000000,1
1531163783353,1531163783348,430197,0.00001749,350.00000000,0
1531163864296,1531163864291,430198,0.00001749,221.00000000,1
1531163870821,1531163870816,430199,0.00001749,145.00000000,1
1531163886800,1531163886795,430200,0.00001747,584.00000000,0
1531163886820,1531163886813,430201,0.00001746,281.00000000,1
1531163889237,1531163889231,430202,0.00001749,180.00000000,0
1531163889240,1531163889235,430203,0.00001749,180.00000000,0
1531163889263,1531163889257,430204,0.00001749,180.00000000,0
1531163890795,1531163890790,430205,0.00001748,104.00000000,1
1531163892842,1531163892837,430206,0.00001747,2988.00000000,0
1531163892849,1531163892843,430207,0.00001746,1215.00000000,1
1531163899269,1531163899265,430208,0.00001748,170.00000000,0
1531163909957,1531163909951,430209,0.00001748,119.00000000,0
1531163918760,1531163918756,430210,0.00001747,106.00000000,1
1531163919473,1531163919466,430211,0.00001749,157.00000000,0
1531163920512,1531163920509,430212,0.00001749,145.00000000,0
1531163921267,1531163921264,430213,0.00001745,180.00000000,1
1531163931901,1531163931897,430214,0.00001746,157.00000000,1
1531163932019,1531163932013,430215,0.00001747,731.00000000,0
1531163932030,1531163932024,430216,0.00001746,312.00000000,1
1531163933829,1531163933823,430217,0.00001747,129.00000000,0
1531163949992,1531163949986,430218,0.00001747,170.00000000,0
1531163965799,1531163965794,430219,0.00001747,157.00000000,1
1531163972430,1531163972425,430220,0.00001747,555.00000000,0
1531163972440,1531163972434,430221,0.00001746,193.00000000,1
1531163981801,1531163981795,430222,0.00001746,126.00000000,0
1531163991813,1531163991809,430223,0.00001746,141.00000000,0
1531164006046,1531164006040,430224,0.00001747,2381.00000000,0
1531164006061,1531164006054,430225,0.00001746,1952.00000000,1
1531164008950,1531164008944,430226,0.00001746,270.00000000,1
1531164020931,1531164020926,430227,0.00001746,95.00000000,1
1531164022925,1531164022920,430228,0.00001746,222.00000000,0
1531164030808,1531164030802,430229,0.00001747,217.00000000,0
1531164047518,1531164047511,430230,0.00001749,851.00000000,0
1531164048933,1531164048927,430231,0.00001747,224.00000000,0
1531164050684,1531164050679,430232,0.00001746,2261.00000000,1
1531164050705,1531164050701,430233,0.00001746,1994.00000000,1
1531164070839,1531164070834,430234,0.00001746,103.00000000,0
1531164077959,1531164077953,430235,0.00001746,240.00000000,0
1531164089452,1531164089446,430236,0.00001745,1408.00000000,1
1531164160801,1531164160795,430237,0.00001745,1250.00000000,1
1531164171920,1531164171913,430238,0.00001745,246.00000000,0
1531164192989,1531164192984,430239,0.00001745,171.00000000,0
1531164192997,1531164192993,430240,0.00001745,171.00000000,0
1531164193011,1531164193008,430241,0.00001745,171.00000000,0
1531164205908,1531164205902,430242,0.00001745,103.00000000,0
1531164205935,1531164205929,430243,0.00001746,733.00000000,0
1531164205989,1531164205984,430244,0.00001746,172.00000000,0
1531164206329,1531164206321,430245,0.00001746,393.00000000,0
1531164207688,1531164207686,430246,0.00001746,338.00000000,0
1531164210330,1531164210327,430247,0.00001746,1.00000000,0
1531164212005,1531164212001,430248,0.00001745,139.00000000,1
1531164213871,1531164213864,430249,0.00001744,114.00000000,1
1531164223981,1531164223975,430250,0.00001745,1104.00000000,1
1531164262400,1531164262395,430251,0.00001744,241.00000000,1
1531164274801,1531164274794,430252,0.00001745,573.00000000,0
1531164293986,1531164293980,430253,0.00001745,1541.00000000,0
1531164326671,1531164326667,430254,0.00001745,68.00000000,0
1531164328354,1531164328348,430255,0.00001745,2940.00000000,0
1531164338575,1531164338569,430256,0.00001746,134.00000000,1
1531164345734,1531164345730,430257,0.00001746,173.00000000,1
1531164368774,1531164368771,430258,0.00001746,181.00000000,0
1531164379706,1531164379700,430259,0.00001746,213.00000000,1
1531164387725,1531164387720,430260,0.00001746,2009.00000000,1
1531164387747,1531164387742,430261,0.00001746,2717.00000000,1
1531164390863,1531164390860,430262,0.00001746,204.00000000,0
1531164412781,1531164412777,430263,0.00001746,208.00000000,0
1531164433646,1531164433640,430264,0.00001746,2882.00000000,1
1531164447819,1531164447813,430265,0.00001746,2441.00000000,1
1531164447832,1531164447827,430266,0.00001746,1835.00000000,0
1531164447849,1531164447843,430267,0.00001746,857.00000000,1
1531164447860,1531164447855,430268,0.00001746,1584.00000000,1
1531164462426,1531164462421,430269,0.00001746,2991.00000000,1
1531164462448,1531164462443,430270,0.00001746,571.00000000,1
1531164464080,1531164464075,430271,0.00001746,195.00000000,0
1531164470921,1531164470918,430272,0.00001746,190.00000000,1
1531164493069,1531164493063,430273,0.00001746,173.00000000,1
1531164505943,1531164505938,430274,0.00001746,173.00000000,0
1531164512808,1531164512804,430275,0.00001746,172.00000000,0
1531164530836,1531164530831,430276,0.00001746,187.00000000,1
1531164586779,1531164586774,430277,0.00001747,301.00000000,0
1531164591899,1531164591893,430278,0.00001746,1210.00000000,1
1531164591926,1531164591920,430279,0.00001746,2261.00000000,1
1531164591941,1531164591938,430280,0.00001746,492.00000000,1
1531164614297,1531164614292,430281,0.00001746,201.00000000,0
1531164621153,1531164621148,430282,0.00001746,2585.00000000,1
1531164621167,1531164621161,430283,0.00001746,1963.00000000,0
1531164621181,1531164621176,430284,0.00001746,536.00000000,1
1531164621194,1531164621188,430285,0.00001746,2049.00000000,1
1531164622278,1531164622271,430286,0.00001746,220.00000000,1
1531164641243,1531164641242,430287,0.00001746,213.00000000,0
1531164643299,1531164643293,430288,0.00001745,1091.00000000,1
1531164650438,1531164650434,430289,0.00001746,2970.00000000,1
1531164650455,1531164650452,430290,0.00001746,526.00000000,0
1531164650464,1531164650463,430291,0.00001746,1289.00000000,1
1531164650486,1531164650480,430292,0.00001746,1681.00000000,1
1531164673162,1531164673157,430293,0.00001746,2392.00000000,1
1531164675656,1531164675651,430294,0.00001746,195.00000000,1
1531164702630,1531164702625,430295,0.00001746,155.00000000,1
1531164710389,1531164710385,430296,0.00001746,405.00000000,1
1531164710409,1531164710403,430297,0.00001746,2920.00000000,1
1531164732978,1531164732972,430298,0.00001749,138.00000000,0
1531164738897,1531164738890,430299,0.00001750,1377.00000000,0
1531164738911,1531164738906,430300,0.00001747,820.00000000,1
1531164744120,1531164744117,430301,0.00001747,193.00000000,0
1531164759023,1531164759016,430302,0.00001747,149.00000000,1
1531164769965,1531164769962,430303,0.00001747,157.00000000,0
1531164788424,1531164788419,430304,0.00001747,1746.00000000,1
1531164792786,1531164792784,430305,0.00001747,94.00000000,1
1531164799758,1531164799752,430306,0.00001747,123.00000000,0
1531164818915,1531164818908,430307,0.00001748,110.00000000,0
1531164831812,1531164831806,430308,0.00001748,104.00000000,1
1531164834976,1531164834970,430309,0.00001747,2681.00000000,1
1531164847905,1531164847901,430310,0.00001751,171.00000000,1
1531164847905,1531164847901,430311,0.00001751,36.00000000,1
1531164860280,1531164860273,430312,0.00001750,180.00000000,1
1531164884957,1531164884954,430313,0.00001750,202.00000000,0
1531164891022,1531164891015,430314,0.00001750,149.00000000,1
1531164907830,1531164907826,430315,0.00001749,170.00000000,0
1531164928806,1531164928805,430316,0.00001749,185.00000000,1
1531164942788,1531164942783,430317,0.00001749,166.00000000,1
1531164949860,1531164949855,430318,0.00001749,181.00000000,0
1531164971861,1531164971854,430319,0.00001749,188.00000000,1
1531164976725,1531164976718,430320,0.00001749,181.00000000,1
1531164982441,1531164982438,430321,0.00001751,192.00000000,1
1531164984145,1531164984139,430322,0.00001753,1551.00000000,0
1531164984160,1531164984155,430323,0.00001751,1245.00000000,1
1531164990810,1531164990804,430324,0.00001750,171.00000000,1
1531165010531,1531165010526,430325,0.00001751,192.00000000,0
1531165011144,1531165011142,430326,0.00001751,1232.00000000,1
1531165011811,1531165011808,430327,0.00001752,184.00000000,1
1531165020134,1531165020128,430328,0.00001752,1678.00000000,1
1531165020160,1531165020158,430329,0.00001751,13.00000000,1
1531165054357,1531165054353,430330,0.00001750,190.00000000,1
1531165054359,1531165054354,430331,0.00001750,190.00000000,1
1531165069763,1531165069758,430332,0.00001750,562.00000000,1
1531165069770,1531165069766,430333,0.00001750,909.00000000,0
1531165069779,1531165069773,430334,0.00001751,1424.00000000,0
1531165070871,1531165070866,430335,0.00001753,211.00000000,0
1531165087950,1531165087945,430336,0.00001753,138.00000000,0
1531165088965,1531165088959,430337,0.00001752,1362.00000000,1
1531165088981,1531165088976,430338,0.00001751,13.00000000,1
1531165089002,1531165088997,430339,0.00001750,562.00000000,1
1531165096972,1531165096967,430340,0.00001749,106.00000000,1
1531165116955,1531165116949,430341,0.00001749,101.00000000,1
1531165130015,1531165130010,430342,0.00001749,117.00000000,1
1531165130721,1531165130715,430343,0.00001746,987.00000000,1
1531165130742,1531165130740,430344,0.00001746,604.00000000,1
1531165130771,1531165130766,430345,0.00001750,909.00000000,0
1531165130786,1531165130781,430346,0.00001751,1424.00000000,0
1531165149862,1531165149858,430347,0.00001751,185.00000000,1
1531165152697,1531165152691,430348,0.00001753,1771.00000000,0
1531165152716,1531165152711,430349,0.00001750,1393.00000000,1
1531165152731,1531165152727,430350,0.00001750,777.00000000,1
1531165169793,1531165169788,430351,0.00001749,130.00000000,1
1531165177778,1531165177772,430352,0.00001749,126.00000000,0
1531165191136,1531165191129,430353,0.00001749,2317.00000000,1
1531165191144,1531165191139,430354,0.00001749,1723.00000000,0
1531165191162,1531165191156,430355,0.00001749,952.00000000,1
1531165191173,1531165191167,430356,0.00001749,1365.00000000,1
1531165192780,1531165192774,430357,0.00001748,132.00000000,0
1531165208594,1531165208587,430358,0.00001747,132.00000000,0
1531165215628,1531165215623,430359,0.00001747,162.00000000,1
1531165235686,1531165235681,430360,0.00001748,157.00000000,1
1531165238997,1531165238993,430361,0.00001747,1696.00000000,1
1531165246610,1531165246605,430362,0.00001747,141.00000000,1
1531165268367,1531165268361,430363,0.00001748,2256.00000000,0
1531165268383,1531165268379,430364,0.00001747,1117.00000000,1
1531165269398,1531165269393,430365,0.00001747,117.00000000,1
1531165271552,1531165271546,430366,0.00001750,211.00000000,0
1531165276376,1531165276371,430367,0.00001748,91.00000000,0
1531165294311,1531165294306,430368,0.00001747,55.00000000,1
1531165296330,1531165296324,430369,0.00001745,55.00000000,1
1531165299570,1531165299564,430370,0.00001747,134.00000000,1
1531165306449,1531165306443,430371,0.00001751,98.00000000,0
1531165309305,1531165309300,430372,0.00001749,1509.00000000,1
1531165309320,1531165309315,430373,0.00001749,231.00000000,1
1531165334601,1531165334593,430374,0.00001751,220.00000000,0
1531165346547,1531165346541,430375,0.00001752,188.00000000,1
1531165364567,1531165364560,430376,0.00001750,164.00000000,0
1531165372536,1531165372532,430377,0.00001751,227.00000000,0
1531165394698,1531165394694,430378,0.00001750,138.00000000,0
1531165406736,1531165406731,430379,0.00001751,136.00000000,0
1531165412758,1531165412753,430380,0.00001751,186.00000000,0
1531165428654,1531165428652,430381,0.00001752,167.00000000,1
1531165430325,1531165430321,430382,0.00001753,3998.00000000,0
1531165430338,1531165430332,430383,0.00001751,1433.00000000,1
1531165430358,1531165430352,430384,0.00001751,2739.00000000,1
1531165449605,1531165449599,430385,0.00001752,126.00000000,1
1531165460839,1531165460835,430386,0.00001752,97.00000000,1
1531165472528,1531165472523,430387,0.00001753,2589.00000000,0
1531165472537,1531165472531,430388,0.00001751,1425.00000000,1
1531165472559,1531165472555,430389,0.00001751,1088.00000000,1
1531165484832,1531165484827,430390,0.00001751,93.00000000,0
1531165491475,1531165491470,430391,0.00001751,127.00000000,0
1531165499365,1531165499360,430392,0.00001750,32.00000000,1
1531165507405,1531165507400,430393,0.00001751,58.00000000,1
1531165507422,1531165507418,430394,0.00001751,2770.00000000,1
1531165507744,1531165507737,430395,0.00001752,245.00000000,0
1531165522434,1531165522432,430396,0.00001752,180.00000000,1
1531165522878,1531165522871,430397,0.00001751,90.00000000,1
1531165522884,1531165522878,430398,0.00001751,60.00000000,1
1531165534052,1531165534048,430399,0.00001751,222.00000000,1
1531165536824,1531165536817,430400,0.00001753,257.00000000,1
1531165541449,1531165541442,430401,0.00001754,6090.00000000,0
1531165541465,1531165541460,430402,0.00001752,2900.00000000,1
1531165547828,1531165547822,430403,0.00001751,209.00000000,1
1531165547853,1531165547850,430404,0.00001751,75.00000000,1
1531165551493,1531165551485,430405,0.00001752,231.00000000,1
1531165566361,1531165566356,430406,0.00001752,2460.00000000,1
1531165574780,1531165574775,430407,0.00001752,126.00000000,1
1531165584584,1531165584578,430408,0.00001752,105.00000000,1
1531165590734,1531165590728,430409,0.00001752,101.00000000,1
1531165612621,1531165612615,430410,0.00001754,110.00000000,0
1531165627457,1531165627450,430411,0.00001755,3197.00000000,0
1531165627466,1531165627460,430412,0.00001754,2284.00000000,1
1531165630794,1531165630788,430413,0.00001754,224.00000000,0
1531165647715,1531165647712,430414,0.00001755,227.00000000,1
1531165663800,1531165663794,430415,0.00001753,188.00000000,0
1531165665600,1531165665593,430416,0.00001753,262.00000000,0
1531165665617,1531165665611,430417,0.00001751,151.00000000,1
1531165668992,1531165668988,430418,0.00001753,182.00000000,0
1531165688411,1531165688409,430419,0.00001753,190.00000000,1
1531165692107,1531165692105,430420,0.00001750,168.00000000,1
1531165699125,1531165699121,430421,0.00001753,233.00000000,1
1531165706069,1531165706064,430422,0.00001751,123.00000000,1
1531165706098,1531165706094,430423,0.00001750,149.00000000,1
1531165717335,1531165717329,430424,0.00001753,220.00000000,0
1531165721227,1531165721222,430425,0.00001751,1843.00000000,1
1531165721238,1531165721232,430426,0.00001751,2233.00000000,1
1531165733124,1531165733119,430427,0.00001753,220.00000000,0
1531165747444,1531165747438,430428,0.00001753,244.00000000,0
1531165761324,1531165761317,430429,0.00001753,211.00000000,0
1531165764753,1531165764748,430430,0.00001750,613.00000000,1
1531165781404,1531165781398,430431,0.00001752,221.00000000,0
1531165785235,1531165785229,430432,0.00001752,203.00000000,0
1531165786504,1531165786501,430433,0.00001751,161.00000000,1
1531165786519,1531165786514,430434,0.00001751,59.00000000,1
1531165789589,1531165789585,430435,0.00001751,912.00000000,1
1531165789609,1531165789604,430436,0.00001751,1339.00000000,1
1531165832617,1531165832611,430437,0.00001750,1659.00000000,1
1531165832629,1531165832622,430438,0.00001750,1820.00000000,0
1531165832645,1531165832640,430439,0.00001751,220.00000000,0
1531165840293,1531165840287,430440,0.00001752,225.00000000,1
1531165851640,1531165851633,430441,0.00001751,159.00000000,1
1531165867324,1531165867318,430442,0.00001752,2804.00000000,1
1531165867347,1531165867346,430443,0.00001752,1314.00000000,1
1531165867367,1531165867361,430444,0.00001751,1180.00000000,1
1531165870037,1531165870033,430445,0.00001750,124.00000000,0
1531165870347,1531165870342,430446,0.00001746,10.00000000,1
1531165881147,1531165881141,430447,0.00001750,117.00000000,0
1531165894073,1531165894067,430448,0.00001750,129.00000000,0
1531165906068,1531165906061,430449,0.00001750,141.00000000,1
1531165910637,1531165910633,430450,0.00001747,1077.00000000,1
1531165910654,1531165910648,430451,0.00001751,379.00000000,0
1531165934020,1531165934015,430452,0.00001750,210.00000000,1
1531165936922,1531165936920,430453,0.00001750,247.00000000,1
1531165961234,1531165961234,430454,0.00001748,175.00000000,1
1531165968269,1531165968264,430455,0.00001751,221.00000000,1
1531165970705,1531165970700,430456,0.00001750,2543.00000000,1
1531165990319,1531165990316,430457,0.00001751,235.00000000,1
1531166010381,1531166010380,430458,0.00001751,168.00000000,1
1531166022219,1531166022211,430459,0.00001751,238.00000000,0
1531166026325,1531166026323,430460,0.00001751,229.00000000,0
1531166038416,1531166038410,430461,0.00001756,625.00000000,0
1531166053356,1531166053351,430462,0.00001751,110.00000000,1
1531166068176,1531166068172,430463,0.00001751,148.00000000,1
1531166078355,1531166078349,430464,0.00001751,134.00000000,1
1531166085560,1531166085555,430465,0.00001748,153.00000000,1
1531166091319,1531166091313,430466,0.00001751,104.00000000,1
1531166106268,1531166106263,430467,0.00001751,1238.00000000,0
1531166106285,1531166106283,430468,0.00001747,1170.00000000,1
1531166106300,1531166106295,430469,0.00001747,673.00000000,1
1531166109339,1531166109336,430470,0.00001751,123.00000000,0
1531166113656,1531166113649,430471,0.00001755,153.00000000,0
1531166113656,1531166113649,430472,0.00001756,6.00000000,0
1531166113656,1531166113649,430473,0.00001758,410.00000000,0
1531166118572,1531166118566,430474,0.00001758,246.00000000,0
1531166118572,1531166118566,430475,0.00001759,322.00000000,0
1531166120069,1531166120064,430476,0.00001751,99.00000000,1
1531166140150,1531166140145,430477,0.00001752,106.00000000,1
1531166149226,1531166149220,430478,0.00001752,124.00000000,1
1531166169178,1531166169174,430479,0.00001754,114.00000000,1
1531166175564,1531166175559,430480,0.00001751,99.00000000,1
1531166184058,1531166184052,430481,0.00001754,120.00000000,0
1531166187923,1531166187917,430482,0.00001750,2529.00000000,1
1531166192153,1531166192147,430483,0.00001750,116.00000000,1
1531166192182,1531166192177,430484,0.00001750,117.00000000,1
1531166196928,1531166196923,430485,0.00001754,1225.00000000,0
1531166196940,1531166196935,430486,0.00001750,842.00000000,1
1531166202403,1531166202399,430487,0.00001749,180.00000000,1
1531166205025,1531166205018,430488,0.00001749,2.00000000,1
1531166205142,1531166205138,430489,0.00001749,121.00000000,0
1531166212106,1531166212105,430490,0.00001749,113.00000000,1
1531166233111,1531166233106,430491,0.00001749,257.00000000,0
1531166239262,1531166239257,430492,0.00001749,238.00000000,1
1531166248381,1531166248374,430493,0.00001747,907.00000000,1
1531166248405,1531166248400,430494,0.00001750,233.00000000,0
1531166257201,1531166257195,430495,0.00001751,267.00000000,1
1531166270161,1531166270154,430496,0.00001752,265.00000000,0
1531166272335,1531166272330,430497,0.00001751,2407.00000000,1
1531166272351,1531166272347,430498,0.00001750,842.00000000,1
1531166290092,1531166290086,430499,0.00001749,180.00000000,0
1531166301054,1531166301052,430500,0.00001749,216.00000000,1
1531166314942,1531166314936,430501,0.00001749,221.00000000,1
1531166325990,1531166325983,430502,0.00001749,188.00000000,1
1531166329742,1531166329736,430503,0.00001747,2222.00000000,1
1531166329762,1531166329757,430504,0.00001750,233.00000000,0
1531166353862,1531166353857,430505,0.00001752,190.00000000,1
1531166359755,1531166359750,430506,0.00001754,2065.00000000,0
1531166359767,1531166359762,430507,0.00001751,1614.00000000,1
1531166359789,1531166359784,430508,0.00001750,842.00000000,1
1531166361021,1531166361015,430509,0.00001748,237.00000000,0
1531166367436,1531166367431,430510,0.00001747,205.00000000,1
1531166367459,1531166367454,430511,0.00001747,2789.00000000,1
1531166367477,1531166367470,430512,0.00001750,233.00000000,0
1531166373891,1531166373888,430513,0.00001752,190.00000000,0
1531166377181,1531166377175,430514,0.00001751,1314.00000000,1
1531166377201,1531166377195,430515,0.00001751,1233.00000000,1
1531166377219,1531166377214,430516,0.00001750,842.00000000,1
1531166383434,1531166383428,430517,0.00001750,58.00000000,0
1531166384431,1531166384424,430518,0.00001750,175.00000000,0
1531166384431,1531166384424,430519,0.00001758,99.00000000,0
1531166384431,1531166384424,430520,0.00001759,10302.00000000,0
1531166384453,1531166384447,430521,0.00001759,180.00000000,1
1531166384456,1531166384449,430522,0.00001759,180.00000000,1
1531166384507,1531166384502,430523,0.00001759,3879.00000000,1
1531166387960,1531166387954,430524,0.00001752,184.00000000,1
1531166394466,1531166394460,430525,0.00001759,79.00000000,0
1531166409777,1531166409772,430526,0.00001754,127.00000000,1
1531166428409,1531166428407,430527,0.00001755,351.00000000,0
1531166428421,1531166428415,430528,0.00001752,228.00000000,1
1531166429851,1531166429845,430529,0.00001754,139.00000000,0
1531166439760,1531166439753,430530,0.00001753,112.00000000,1
1531166449863,1531166449857,430531,0.00001753,139.00000000,1
1531166471756,1531166471753,430532,0.00001753,167.00000000,0
1531166475689,1531166475683,430533,0.00001753,148.00000000,1
1531166499624,1531166499619,430534,0.00001756,169.00000000,0
1531166505687,1531166505682,430535,0.00001756,144.00000000,1
1531166506100,1531166506094,430536,0.00001757,4546.00000000,0
1531166506119,1531166506118,430537,0.00001755,1790.00000000,1
1531166511954,1531166511950,430538,0.00001758,1767.00000000,1
1531166512562,1531166512556,430539,0.00001759,882.00000000,1
1531166528669,1531166528666,430540,0.00001756,140.00000000,1
1531166539493,1531166539488,430541,0.00001756,130.00000000,0
1531166557537,1531166557530,430542,0.00001755,148.00000000,1
1531166561454,1531166561449,430543,0.00001760,230.00000000,0
1531166567439,1531166567433,430544,0.00001755,177.00000000,1
1531166568270,1531166568264,430545,0.00001754,782.00000000,0
1531166568279,1531166568273,430546,0.00001749,536.00000000,1
1531166579783,1531166579776,430547,0.00001750,385.00000000,1
1531166579826,1531166579818,430548,0.00001749,385.00000000,1
1531166579847,1531166579845,430549,0.00001749,16.00000000,1
1531166579847,1531166579845,430550,0.00001747,385.00000000,1
1531166579853,1531166579847,430551,0.00001747,401.00000000,1
1531166580165,1531166580159,430552,0.00001747,1725.00000000,1
1531166580299,1531166580292,430553,0.00001746,320.00000000,1
1531166586540,1531166586534,430554,0.00001748,393.00000000,1
1531166586568,1531166586561,430555,0.00001748,1945.00000000,1
1531166591815,1531166591812,430556,0.00001745,428.00000000,1
1531166592163,1531166592160,430557,0.00001745,31.00000000,1
1531166592187,1531166592180,430558,0.00001745,353.00000000,0
1531166592896,1531166592891,430559,0.00001745,1.00000000,0
1531166592896,1531166592891,430560,0.00001746,2171.00000000,0
1531166595953,1531166595947,430561,0.00001746,170.00000000,1
1531166600015,1531166600009,430562,0.00001744,109.00000000,1
1531166600471,1531166600466,430563,0.00001746,128.00000000,1
1531166618410,1531166618405,430564,0.00001746,110.00000000,0
1531166621253,1531166621248,430565,0.00001747,392.00000000,0
1531166621279,1531166621272,430566,0.00001747,143.00000000,0
1531166629352,1531166629346,430567,0.00001747,230.00000000,0
1531166629353,1531166629346,430568,0.00001747,254.00000000,0
1531166629439,1531166629433,430569,0.00001747,264.00000000,0
1531166631285,1531166631279,430570,0.00001746,3371.00000000,0
1531166631302,1531166631297,430571,0.00001745,2031.00000000,1
1531166632271,1531166632265,430572,0.00001746,113.00000000,0
1531166638841,1531166638834,430573,0.00001745,159.00000000,1
1531166643488,1531166643484,430574,0.00001746,5593.00000000,0
1531166643495,1531166643492,430575,0.00001745,2695.00000000,1
1531166653684,1531166653681,430576,0.00001745,125.00000000,0
1531166653688,1531166653683,430577,0.00001745,34.00000000,0
1531166656205,1531166656200,430578,0.00001745,172.00000000,1
1531166682183,1531166682177,430579,0.00001746,188.00000000,1
1531166689216,1531166689190,430580,0.00001746,3300.00000000,1
1531166689227,1531166689221,430581,0.00001746,2333.00000000,1
1531166689246,1531166689240,430582,0.00001746,2292.00000000,1
1531166690162,1531166690156,430583,0.00001745,1448.00000000,1
1531166711412,1531166711406,430584,0.00001748,193.00000000,1
1531166727417,1531166727412,430585,0.00001749,208.00000000,1
1531166727711,1531166727705,430586,0.00001748,1734.00000000,1
1531166727731,1531166727726,430587,0.00001748,1474.00000000,1
1531166739469,1531166739469,430588,0.00001746,203.00000000,1
1531166752440,1531166752440,430589,0.00001746,272.00000000,0
1531166767443,1531166767436,430590,0.00001749,314.00000000,0
1531166767456,1531166767451,430591,0.00001747,441.00000000,1
1531166767478,1531166767473,430592,0.00001747,281.00000000,1
1531166768308,1531166768304,430593,0.00001746,190.00000000,1
1531166778451,1531166778450,430594,0.00001746,222.00000000,1
1531166801368,1531166801366,430595,0.00001747,223.00000000,1
1531166806468,1531166806464,430596,0.00001746,872.00000000,1
1531166806488,1531166806482,430597,0.00001746,1227.00000000,1
1531166809429,1531166809424,430598,0.00001747,180.00000000,1
1531166828253,1531166828247,430599,0.00001747,2160.00000000,1
1531166828269,1531166828264,430600,0.00001747,2939.00000000,1
1531166831477,1531166831472,430601,0.00001747,226.00000000,0
1531166836531,1531166836526,430602,0.00001747,197.00000000,1
1531166847268,1531166847263,430603,0.00001748,4503.00000000,0
1531166847284,1531166847280,430604,0.00001746,2645.00000000,1
1531166847299,1531166847293,430605,0.00001746,2649.00000000,1
1531166863489,1531166863486,430606,0.00001747,252.00000000,1
1531166870457,1531166870451,430607,0.00001747,279.00000000,1
1531166871745,1531166871740,430608,0.00001748,2498.00000000,0
1531166871755,1531166871749,430609,0.00001746,1735.00000000,1
1531166892255,1531166892249,430610,0.00001747,135.00000000,1
1531166900375,1531166900368,430611,0.00001749,1196.00000000,0
1531166900384,1531166900378,430612,0.00001747,1014.00000000,1
1531166908261,1531166908259,430613,0.00001747,149.00000000,0
1531166916347,1531166916340,430614,0.00001747,146.00000000,1
1531166931428,1531166931422,430615,0.00001747,134.00000000,0
1531166946780,1531166946774,430616,0.00001747,2012.00000000,1
1531166946796,1531166946790,430617,0.00001747,1796.00000000,1
1531166950557,1531166950552,430618,0.00001747,230.00000000,0
1531166959862,1531166959854,430619,0.00001747,249.00000000,1
1531166974641,1531166974636,430620,0.00001748,208.00000000,1
1531166988699,1531166988697,430621,0.00001749,267.00000000,0
1531166989565,1531166989564,430622,0.00001748,190.00000000,1
1531167005762,1531167005757,430623,0.00001750,2705.00000000,0
1531167005777,1531167005772,430624,0.00001749,880.00000000,1
1531167005788,1531167005782,430625,0.00001749,2601.00000000,1
1531167010930,1531167010925,430626,0.00001749,86.00000000,1
1531167016605,1531167016600,430627,0.00001751,111.00000000,0
1531167017926,1531167017921,430628,0.00001750,2438.00000000,1
1531167033729,1531167033722,430629,0.00001749,107.00000000,0
1531167050848,1531167050844,430630,0.00001749,112.00000000,1
1531167063706,1531167063699,430631,0.00001749,406.00000000,1
1531167063706,1531167063699,430632,0.00001748,5453.00000000,1
1531167063706,1531167063699,430633,0.00001746,774.00000000,1
1531167063706,1531167063699,430634,0.00001744,945.00000000,1
1531167063706,1531167063699,430635,0.00001740,1179.00000000,1
1531167063706,1531167063699,430636,0.00001738,1512.00000000,1
1531167063706,1531167063699,430637,0.00001737,4531.00000000,1
1531167071826,1531167071819,430638,0.00001749,116.00000000,0
1531167075034,1531167075027,430639,0.00001743,10.00000000,1
1531167078794,1531167078788,430640,0.00001748,165.00000000,0
1531167094449,1531167094443,430641,0.00001749,4164.00000000,0
1531167095819,1531167095813,430642,0.00001749,200.00000000,1
1531167100796,1531167100790,430643,0.00001750,140.00000000,1
1531167106037,1531167106030,430644,0.00001750,126.00000000,0
1531167114288,1531167114281,430645,0.00001752,1520.00000000,0
1531167127384,1531167127377,430646,0.00001753,344.00000000,0
1531167127384,1531167127377,430647,0.00001759,1458.00000000,0
1531167127406,1531167127400,430648,0.00001759,264.00000000,1
1531167127437,1531167127434,430649,0.00001759,392.00000000,1
1531167131968,1531167131964,430650,0.00001759,164.00000000,1
1531167138395,1531167138389,430651,0.00001760,6171.00000000,0
1531167146275,1531167146268,430652,0.00001751,199.00000000,0
1531167156296,1531167156291,430653,0.00001751,220.00000000,0
1531167167219,1531167167218,430654,0.00001752,240.00000000,1
1531167169760,1531167169757,430655,0.00001758,392.00000000,0
1531167173370,1531167173363,430656,0.00001758,212.00000000,0
1531167192172,1531167192166,430657,0.00001752,104.00000000,1
1531167198131,1531167198126,430658,0.00001751,147.00000000,1
1531167212205,1531167212199,430659,0.00001753,134.00000000,1
1531167234109,1531167234103,430660,0.00001753,109.00000000,0
1531167252048,1531167252043,430661,0.00001752,209.00000000,1
1531167256043,1531167256043,430662,0.00001753,272.00000000,0
1531167271037,1531167271031,430663,0.00001751,222.00000000,1
1531167286150,1531167286144,430664,0.00001752,243.00000000,0
1531167313022,1531167313017,430665,0.00001751,147.00000000,1
1531167321119,1531167321113,430666,0.00001751,113.00000000,1
1531167340167,1531167340160,430667,0.00001750,124.00000000,1
1531167349180,1531167349175,430668,0.00001751,147.00000000,0
1531167357133,1531167357130,430669,0.00001758,227.00000000,0
1531167370132,1531167370127,430670,0.00001754,151.00000000,1
1531167381497,1531167381492,430671,0.00001755,1473.00000000,0
1531167381511,1531167381505,430672,0.00001752,1116.00000000,1
1531167385211,1531167385208,430673,0.00001754,150.00000000,1
1531167400199,1531167400194,430674,0.00001753,153.00000000,0
1531167406164,1531167406162,430675,0.00001753,144.00000000,1
1531167432924,1531167432917,430676,0.00001752,118.00000000,1
1531167442898,1531167442891,430677,0.00001752,156.00000000,0
1531167451983,1531167451978,430678,0.00001751,142.00000000,1
1531167471941,1531167471934,430679,0.00001752,144.00000000,1
1531167487860,1531167487853,430680,0.00001753,268.00000000,1
1531167488638,1531167488633,430681,0.00001752,58.00000000,1
1531167488656,1531167488653,430682,0.00001752,2272.00000000,1
1531167509872,1531167509867,430683,0.00001752,245.00000000,0
1531167519960,1531167519953,430684,0.00001754,211.00000000,0
1531167525821,1531167525815,430685,0.00001753,265.00000000,1
1531167529610,1531167529606,430686,0.00001754,5448.00000000,0
1531167529622,1531167529618,430687,0.00001752,2645.00000000,1
1531167549723,1531167549717,430688,0.00001753,224.00000000,0
1531167561307,1531167561303,430689,0.00001752,2661.00000000,1
1531167567681,1531167567679,430690,0.00001753,195.00000000,0
1531167577612,1531167577607,430691,0.00001753,213.00000000,0
1531167586602,1531167586601,430692,0.00001753,180.00000000,1
1531167607338,1531167607333,430693,0.00001755,684.00000000,0
1531167607355,1531167607350,430694,0.00001753,781.00000000,1
1531167607365,1531167607361,430695,0.00001753,368.00000000,1
1531167608505,1531167608499,430696,0.00001753,170.00000000,0
1531167615656,1531167615653,430697,0.00001753,165.00000000,1
1531167629870,1531167629841,430698,0.00001752,392.00000000,1
1531167639568,1531167639563,430699,0.00001754,152.00000000,1
1531167639930,1531167639928,430700,0.00001753,554.00000000,1
1531167649480,1531167649475,430701,0.00001754,165.00000000,1
1531167668424,1531167668422,430702,0.00001753,87.00000000,1
1531167675371,1531167675370,430703,0.00001753,97.00000000,1
1531167685994,1531167685988,430704,0.00001753,144.00000000,1
1531167687986,1531167687981,430705,0.00001753,1966.00000000,1
1531167688000,1531167687998,430706,0.00001753,355.00000000,0
1531167688014,1531167688009,430707,0.00001753,641.00000000,1
1531167688034,1531167688029,430708,0.00001753,1325.00000000,1
1531167701714,1531167701708,430709,0.00001753,1469.00000000,0
1531167708326,1531167708320,430710,0.00001753,102.00000000,0
1531167733144,1531167733140,430711,0.00001753,214.00000000,1
1531167736053,1531167736050,430712,0.00001753,193.00000000,1
1531167750414,1531167750408,430713,0.00001752,161.00000000,1
1531167750414,1531167750408,430714,0.00001745,89.00000000,1
1531167751982,1531167751977,430715,0.00001752,89.00000000,1
1531167752050,1531167752048,430716,0.00001752,169.00000000,1
1531167769081,1531167769075,430717,0.00001752,202.00000000,0
1531167795139,1531167795139,430718,0.00001752,170.00000000,1
1531167801277,1531167801270,430719,0.00001752,217.00000000,0
1531167812208,1531167812201,430720,0.00001751,193.00000000,0
1531167813002,1531167812995,430721,0.00001746,2023.00000000,1
1531167813031,1531167813025,430722,0.00001746,496.00000000,1
1531167826185,1531167826179,430723,0.00001751,246.00000000,1
1531167853244,1531167853237,430724,0.00001752,230.00000000,1
1531167858371,1531167858369,430725,0.00001752,235.00000000,1
1531167879241,1531167879240,430726,0.00001750,236.00000000,0
1531167887351,1531167887346,430727,0.00001743,599.00000000,1
1531167888233,1531167888226,430728,0.00001751,180.00000000,1
1531167907755,1531167907754,430729,0.00001746,2371.00000000,1
1531167912228,1531167912229,430730,0.00001751,189.00000000,0
1531167917082,1531167917075,430731,0.00001750,235.00000000,1
1531167939572,1531167939567,430732,0.00001752,906.00000000,0
1531167939588,1531167939582,430733,0.00001752,2085.00000000,0
1531167941095,1531167941088,430734,0.00001752,195.00000000,1
1531167950168,1531167950162,430735,0.00001752,268.00000000,1
1531167971143,1531167971142,430736,0.00001750,129.00000000,0
1531167989345,1531167989338,430737,0.00001751,108.00000000,0
1531167997287,1531167997259,430738,0.00001749,592.00000000,0
1531167997287,1531167997268,430739,0.00001746,1929.00000000,1
1531167997295,1531167997290,430740,0.00001746,272.00000000,1
1531168003209,1531168003204,430741,0.00001749,108.00000000,1
1531168010143,1531168010142,430742,0.00001749,128.00000000,0
1531168033153,1531168033149,430743,0.00001748,176.00000000,0
1531168047310,1531168047305,430744,0.00001748,167.00000000,1
1531168047889,1531168047883,430745,0.00001743,2832.00000000,1
1531168047907,1531168047902,430746,0.00001743,2174.00000000,1
1531168054153,1531168054148,430747,0.00001750,181.00000000,1
1531168071990,1531168071986,430748,0.00001749,233.00000000,1
1531168087772,1531168087769,430749,0.00001746,1538.00000000,1
1531168094858,1531168094853,430750,0.00001749,172.00000000,0
1531168098870,1531168098866,430751,0.00001749,172.00000000,1
1531168123088,1531168123087,430752,0.00001751,159.00000000,0
1531168129945,1531168129939,430753,0.00001751,159.00000000,1
1531168130576,1531168130571,430754,0.00001748,2006.00000000,0
1531168130588,1531168130587,430755,0.00001743,1079.00000000,1
1531168149795,1531168149796,430756,0.00001750,223.00000000,1
1531168164875,1531168164874,430757,0.00001751,226.00000000,1
1531168175415,1531168175408,430758,0.00001752,835.00000000,0
1531168175436,1531168175429,430759,0.00001752,2839.00000000,0
1531168183816,1531168183811,430760,0.00001749,193.00000000,0
1531168186761,1531168186755,430761,0.00001750,184.00000000,0
1531168213516,1531168213515,430762,0.00001749,147.00000000,1
1531168222808,1531168222803,430763,0.00001748,136.00000000,0
1531168236661,1531168236655,430764,0.00001750,129.00000000,0
1531168246565,1531168246561,430765,0.00001750,126.00000000,0
1531168255917,1531168255912,430766,0.00001747,58.00000000,1
1531168274505,1531168274505,430767,0.00001750,141.00000000,0
1531168277681,1531168277674,430768,0.00001750,150.00000000,0
1531168289194,1531168289191,430769,0.00001750,1041.00000000,0
1531168289206,1531168289201,430770,0.00001747,802.00000000,1
1531168289226,1531168289221,430771,0.00001747,537.00000000,1
1531168303536,1531168303535,430772,0.00001752,151.00000000,0
1531168306515,1531168306509,430773,0.00001751,146.00000000,1
1531168317718,1531168317713,430774,0.00001750,2548.00000000,0
1531168317731,1531168317729,430775,0.00001747,867.00000000,1
1531168327040,1531168327034,430776,0.00001747,1299.00000000,1
1531168327068,1531168327063,430777,0.00001747,428.00000000,1
1531168330393,1531168330389,430778,0.00001751,136.00000000,0
1531168338518,1531168338513,430779,0.00001750,172.00000000,0
1531168360206,1531168360201,430780,0.00001750,3759.00000000,0
1531168360226,1531168360220,430781,0.00001747,1516.00000000,1
1531168362358,1531168362353,430782,0.00001751,148.00000000,1
1531168365278,1531168365275,430783,0.00001751,152.00000000,0
1531168387693,1531168387687,430784,0.00001752,2413.00000000,0
1531168393290,1531168393285,430785,0.00001751,155.00000000,1
1531168402287,1531168402283,430786,0.00001750,109.00000000,1
1531168411317,1531168411311,430787,0.00001746,1677.00000000,1
1531168415437,1531168415433,430788,0.00001752,145.00000000,1
1531168429295,1531168429295,430789,0.00001751,133.00000000,1
1531168431941,1531168431936,430790,0.00001750,3847.00000000,0
1531168431952,1531168431946,430791,0.00001747,2871.00000000,1
1531168450231,1531168450225,430792,0.00001752,1141.00000000,0
1531168450248,1531168450243,430793,0.00001752,2270.00000000,0
1531168451833,1531168451826,430794,0.00001750,191.00000000,0
1531168462562,1531168462556,430795,0.00001750,234.00000000,1
1531168470915,1531168470910,430796,0.00001751,191.00000000,1
1531168481734,1531168481728,430797,0.00001745,275.00000000,1
1531168481734,1531168481728,430798,0.00001743,544.00000000,1
1531168486806,1531168486799,430799,0.00001751,247.00000000,0
1531168510107,1531168510106,430800,0.00001746,564.00000000,1
1531168514178,1531168514173,430801,0.00001751,119.00000000,0
1531168517062,1531168517056,430802,0.00001750,121.00000000,1
1531168542198,1531168542192,430803,0.00001751,110.00000000,0
1531168550061,1531168550055,430804,0.00001751,135.00000000,1
1531168570514,1531168570508,430805,0.00001745,136.00000000,1
1531168574268,1531168574262,430806,0.00001751,154.00000000,1
1531168587244,1531168587238,430807,0.00001751,113.00000000,0
1531168598270,1531168598264,430808,0.00001751,121.00000000,1
1531168610298,1531168610292,430809,0.00001751,108.00000000,0
1531168629397,1531168629392,430810,0.00001749,2538.00000000,0
1531168629413,1531168629408,430811,0.00001746,762.00000000,1
1531168629433,1531168629427,430812,0.00001746,1365.00000000,1
1531168630143,1531168630138,430813,0.00001750,164.00000000,0
1531168643195,1531168643188,430814,0.00001750,181.00000000,1
1531168648659,1531168648657,430815,0.00001745,990.00000000,1
1531168655149,1531168655146,430816,0.00001751,203.00000000,0
1531168667196,1531168667191,430817,0.00001751,218.00000000,1
1531168678011,1531168678004,430818,0.00001749,1533.00000000,1
1531168678032,1531168678027,430819,0.00001749,684.00000000,1
1531168689963,1531168689954,430820,0.00001750,225.00000000,0
1531168699315,1531168699309,430821,0.00001751,266.00000000,0
1531168708800,1531168708795,430822,0.00001750,3741.00000000,0
1531168708810,1531168708805,430823,0.00001749,1572.00000000,1
1531168708834,1531168708829,430824,0.00001749,2201.00000000,1
1531168715180,1531168715175,430825,0.00001750,212.00000000,1
1531168724846,1531168724842,430826,0.00001750,3019.00000000,0
1531168724861,1531168724856,430827,0.00001749,159.00000000,1
1531168724889,1531168724882,430828,0.00001749,1398.00000000,1
1531168733559,1531168733554,430829,0.00001750,234.00000000,0
1531168747964,1531168747959,430830,0.00001749,3677.00000000,0
1531168747973,1531168747967,430831,0.00001751,1234.00000000,0
1531168748979,1531168748974,430832,0.00001750,157.00000000,0
1531168765022,1531168765017,430833,0.00001749,131.00000000,1
1531168769852,1531168769850,430834,0.00001750,184.00000000,0
1531168779865,1531168779860,430835,0.00001751,147.00000000,1
1531168785816,1531168785812,430836,0.00001750,197.00000000,0
1531168809783,1531168809779,430837,0.00001749,103.00000000,1
1531168825701,1531168825695,430838,0.00001749,123.00000000,1
1531168830636,1531168830630,430839,0.00001749,91.00000000,1
1531168858360,1531168848967,430840,0.00001750,110.00000000,1
1531168858371,1531168850078,430841,0.00001750,1330.00000000,0
1531168858371,1531168850086,430842,0.00001749,2558.00000000,1
1531168858371,1531168850097,430843,0.00001749,1255.00000000,1
1531168858411,1531168854459,430844,0.00001752,64.00000000,0
1531168871861,1531168871855,430845,0.00001749,95.00000000,1
1531168887039,1531168887037,430846,0.00001749,117.00000000,1
1531168893881,1531168893876,430847,0.00001750,110.00000000,0
1531168896771,1531168896765,430848,0.00001750,1633.00000000,0
1531168896790,1531168896785,430849,0.00001749,1219.00000000,1
1531168911998,1531168911991,430850,0.00001749,89.00000000,1
1531168931014,1531168931013,430851,0.00001749,277.00000000,1
1531168938902,1531168938898,430852,0.00001749,277.00000000,1
1531168948776,1531168948771,430853,0.00001749,2760.00000000,1
1531168959041,1531168959037,430854,0.00001751,249.00000000,0
1531168972061,1531168972059,430855,0.00001750,265.00000000,1
1531168984113,1531168984109,430856,0.00001746,2844.00000000,1
1531168984135,1531168984130,430857,0.00001746,1702.00000000,1
1531168993274,1531168993269,430858,0.00001749,188.00000000,0
1531169004118,1531169004111,430859,0.00001749,179.00000000,1
1531169024097,1531169024091,430860,0.00001747,199.00000000,1
1531169032071,1531169032065,430861,0.00001746,188.00000000,0
1531169060023,1531169060017,430862,0.00001746,234.00000000,0
1531169065991,1531169065984,430863,0.00001750,118.00000000,1
1531169068425,1531169068420,430864,0.00001749,148.00000000,1
1531169068452,1531169068447,430865,0.00001749,61.00000000,1
1531169071021,1531169071016,430866,0.00001750,147.00000000,0
1531169084465,1531169084459,430867,0.00001749,181.00000000,1
1531169084469,1531169084465,430868,0.00001749,181.00000000,1
1531169086091,1531169086086,430869,0.00001750,167.00000000,0
1531169099460,1531169099454,430870,0.00001749,479.00000000,1
1531169099460,1531169099454,430871,0.00001742,632.00000000,1
1531169099460,1531169099454,430872,0.00001739,1704.00000000,1
1531169099497,1531169099491,430873,0.00001739,4821.00000000,0
1531169099517,1531169099510,430874,0.00001739,181.00000000,0
1531169099521,1531169099514,430875,0.00001739,183.00000000,0
1531169099527,1531169099524,430876,0.00001739,181.00000000,0
1531169104745,1531169104741,430877,0.00001736,10.00000000,1
1531169127762,1531169127757,430878,0.00001736,181.00000000,1
1531169136020,1531169136014,430879,0.00001736,213.00000000,1
1531169136020,1531169136014,430880,0.00001734,115.00000000,1
1531169136020,1531169136014,430881,0.00001732,616.00000000,1
1531169136035,1531169136028,430882,0.00001732,1139.00000000,0
1531169136051,1531169136045,430883,0.00001732,1139.00000000,0
1531169136065,1531169136058,430884,0.00001732,783.00000000,0
1531169136078,1531169136073,430885,0.00001732,1139.00000000,0
1531169139258,1531169139252,430886,0.00001731,847.00000000,1
1531169139991,1531169139989,430887,0.00001730,10.00000000,1
1531169140088,1531169140084,430888,0.00001730,8.00000000,1
1531169140249,1531169140246,430889,0.00001730,12.00000000,1
1531169140383,1531169140379,430890,0.00001730,10.00000000,1
1531169141598,1531169141593,430891,0.00001732,69.00000000,0
1531169141846,1531169141843,430892,0.00001732,144.00000000,0
1531169144097,1531169144094,430893,0.00001730,10.00000000,1
1531169146780,1531169146774,430894,0.00001731,480.00000000,0
1531169146780,1531169146774,430895,0.00001732,5552.00000000,0
1531169147540,1531169147536,430896,0.00001732,69.00000000,0
1531169151982,1531169151976,430897,0.00001731,249.00000000,0
1531169157836,1531169157831,430898,0.00001730,529.00000000,1
1531169163756,1531169163751,430899,0.00001729,890.00000000,1
1531169165627,1531169165621,430900,0.00001730,1326.00000000,0
1531169168279,1531169168274,430901,0.00001730,275.00000000,0
1531169176177,1531169176171,430902,0.00001730,1691.00000000,0
1531169177571,1531169177569,430903,0.00001730,139.00000000,0
1531169187977,1531169187976,430904,0.00001730,69.00000000,0
1531169198530,1531169198524,430905,0.00001730,173.00000000,0
1531169224354,1531169224349,430906,0.00001729,174.00000000,1
1531169234417,1531169234411,430907,0.00001729,1739.00000000,1
1531169244763,1531169244758,430908,0.00001728,258.00000000,1
1531169245662,1531169245658,430909,0.00001726,76.00000000,1
1531169245662,1531169245658,430910,0.00001725,35.00000000,1
1531169245663,1531169245658,430911,0.00001725,313.00000000,1
1531169245663,1531169245658,430912,0.00001724,180.00000000,1
1531169245663,1531169245658,430913,0.00001723,904.00000000,1
1531169245691,1531169245686,430914,0.00001721,83.00000000,0
1531169245693,1531169245688,430915,0.00001721,217.00000000,0
1531169245738,1531169245735,430916,0.00001721,3107.00000000,0
1531169245741,1531169245738,430917,0.00001721,83.00000000,0
1531169245741,1531169245738,430918,0.00001721,83.00000000,0
1531169245852,1531169245846,430919,0.00001721,522.00000000,0
1531169246024,1531169246019,430920,0.00001720,10.00000000,1
1531169246125,1531169246119,430921,0.00001721,3.00000000,0
1531169246125,1531169246119,430922,0.00001729,522.00000000,0
1531169246167,1531169246164,430923,0.00001720,12.00000000,1
1531169246191,1531169246188,430924,0.00001720,8.00000000,1
1531169246257,1531169246252,430925,0.00001720,10.00000000,1
1531169248374,1531169248367,430926,0.00001721,10.00000000,1
1531169248878,1531169248873,430927,0.00001721,2182.00000000,1
1531169248878,1531169248873,430928,0.00001720,925.00000000,1
1531169255974,1531169255969,430929,0.00001724,4225.00000000,0
1531169255991,1531169255987,430930,0.00001721,2156.00000000,1
1531169256455,1531169256449,430931,0.00001726,123.00000000,0
1531169263681,1531169263674,430932,0.00001719,776.00000000,1
1531169263681,1531169263674,430933,0.00001718,622.00000000,1
1531169263681,1531169263674,430934,0.00001717,259.00000000,1
1531169263681,1531169263674,430935,0.00001716,347.00000000,1
1531169263681,1531169263674,430936,0.00001714,111.00000000,1
1531169263681,1531169263674,430937,0.00001713,885.00000000,1
1531169264460,1531169264454,430938,0.00001725,345.00000000,0
1531169265360,1531169265355,430939,0.00001725,2194.00000000,0
1531169265829,1531169265824,430940,0.00001715,10.00000000,1
1531169265957,1531169265951,430941,0.00001715,10.00000000,1
1531169265974,1531169265971,430942,0.00001716,8.00000000,1
1531169266037,1531169266001,430943,0.00001716,12.00000000,1
1531169267468,1531169267462,430944,0.00001725,161.00000000,0
1531169270789,1531169270784,430945,0.00001719,366.00000000,1
1531169270789,1531169270784,430946,0.00001714,1942.00000000,1
1531169272648,1531169272644,430947,0.00001716,10.00000000,1
1531169272684,1531169272679,430948,0.00001725,366.00000000,0
1531169273214,1531169273208,430949,0.00001724,2020.00000000,0
1531169275640,1531169275635,430950,0.00001725,1952.00000000,0
1531169290507,1531169290504,430951,0.00001718,138.00000000,1
1531169290507,1531169290504,430952,0.00001714,415.00000000,1
1531169294216,1531169294211,430953,0.00001725,63.00000000,0
1531169294376,1531169294370,430954,0.00001724,261.00000000,0
1531169294957,1531169294951,430955,0.00001720,63.00000000,1
1531169294957,1531169294951,430956,0.00001716,650.00000000,1
1531169295116,1531169295108,430957,0.00001716,778.00000000,0
1531169295180,1531169295175,430958,0.00001716,2822.00000000,0
1531169295185,1531169295182,430959,0.00001716,2067.00000000,0
1531169295545,1531169295540,430960,0.00001716,778.00000000,0
1531169296010,1531169296008,430961,0.00001716,222.00000000,0
1531169296311,1531169296304,430962,0.00001716,1465.00000000,0
1531169296890,1531169296885,430963,0.00001716,599.00000000,0
1531169298595,1531169298590,430964,0.00001716,489.00000000,0
1531169299421,1531169299418,430965,0.00001715,224.00000000,1
1531169299453,1531169299447,430966,0.00001714,1082.00000000,1
1531169299453,1531169299447,430967,0.00001713,939.00000000,1
1531169300941,1531169300935,430968,0.00001716,764.00000000,0
1531169300944,1531169300942,430969,0.00001716,87.00000000,0
1531169300982,1531169300977,430970,0.00001716,894.00000000,0
1531169301434,1531169301426,430971,0.00001716,719.00000000,0
1531169301636,1531169301629,430972,0.00001716,894.00000000,0
1531169307324,1531169307317,430973,0.00001713,2821.00000000,1
1531169309807,1531169309801,430974,0.00001713,929.00000000,1
1531169309853,1531169309847,430975,0.00001713,418.00000000,0
1531169309853,1531169309847,430976,0.00001715,1.00000000,0
1531169309949,1531169309944,430977,0.00001715,506.00000000,0
1531169312539,1531169312533,430978,0.00001714,253.00000000,0
1531169313390,1531169313385,430979,0.00001712,12.00000000,1
1531169313470,1531169313466,430980,0.00001712,10.00000000,1
1531169313511,1531169313508,430981,0.00001712,8.00000000,1
1531169313541,1531169313536,430982,0.00001712,328.00000000,1
1531169316361,1531169316355,430983,0.00001715,59.00000000,0
1531169317385,1531169317379,430984,0.00001715,69.00000000,0
1531169324525,1531169324519,430985,0.00001715,49.00000000,0
1531169326107,1531169326099,430986,0.00001712,355.00000000,1
1531169326351,1531169326345,430987,0.00001714,194.00000000,0
1531169342713,1531169342708,430988,0.00001712,419.00000000,1
1531169362256,1531169362249,430989,0.00001713,142.00000000,0
1531169362277,1531169362271,430990,0.00001713,92.00000000,0
1531169362295,1531169362289,430991,0.00001713,105.00000000,0
1531169369110,1531169369105,430992,0.00001713,173.00000000,0
1531169369110,1531169369105,430993,0.00001715,602.00000000,0
1531169374319,1531169374315,430994,0.00001715,146.00000000,0
1531169374339,1531169374334,430995,0.00001715,94.00000000,0
1531169374339,1531169374334,430996,0.00001716,52.00000000,0
1531169376314,1531169376308,430997,0.00001714,147.00000000,1
1531169378471,1531169378469,430998,0.00001716,92.00000000,0
1531169378663,1531169378658,430999,0.00001716,72.00000000,0
1531169384068,1531169384065,431000,0.00001716,118.00000000,0
1531169384123,1531169384115,431001,0.00001716,138.00000000,0
1531169384138,1531169384134,431002,0.00001716,139.00000000,0
1531169385278,1531169385270,431003,0.00001716,159.00000000,0
1531169388455,1531169388448,431004,0.00001716,73.00000000,0
1531169394729,1531169394726,431005,0.00001714,112.00000000,1
1531169403130,1531169403125,431006,0.00001716,2500.00000000,0
1531169404515,1531169404510,431007,0.00001714,1667.00000000,1
1531169414867,1531169414864,431008,0.00001715,890.00000000,1
1531169417232,1531169417229,431009,0.00001712,174.00000000,1
1531169424763,1531169424758,431010,0.00001713,1501.00000000,1
1531169424775,1531169424771,431011,0.00001713,1364.00000000,1
1531169427085,1531169427080,431012,0.00001715,159.00000000,0
1531169434940,1531169434933,431013,0.00001712,121.00000000,1
1531169438781,1531169438773,431014,0.00001712,121.00000000,1
1531169439008,1531169439001,431015,0.00001714,175.00000000,0
1531169439726,1531169439720,431016,0.00001716,69.00000000,0
1531169446271,1531169446264,431017,0.00001714,182.00000000,1
1531169452337,1531169452329,431018,0.00001713,70.00000000,1
1531169456601,1531169456595,431019,0.00001716,73.00000000,0
1531169479550,1531169479544,431020,0.00001716,69.00000000,0
1531169564825,1531169564819,431021,0.00001715,229.00000000,1
1531169567867,1531169567859,431022,0.00001716,1165.00000000,0
1531169620628,1531169620623,431023,0.00001715,165.00000000,1
1531169620643,1531169620638,431024,0.00001715,392.00000000,1
1531169625381,1531169625376,431025,0.00001715,992.00000000,1
1531169629535,1531169629532,431026,0.00001715,33.00000000,1
1531169630270,1531169630264,431027,0.00001715,26.00000000,1
1531169656135,1531169656131,431028,0.00001715,263.00000000,1
1531169658692,1531169658687,431029,0.00001715,11100.00000000,1
1531169714933,1531169714929,431030,0.00001715,136.00000000,1
1531169742790,1531169742784,431031,0.00001716,69.00000000,0
1531169743999,1531169743993,431032,0.00001715,132.00000000,1
1531169788180,1531169788173,431033,0.00001716,69.00000000,0
1531169914861,1531169914856,431034,0.00001715,115.00000000,1
1531169932287,1531169932281,431035,0.00001716,2141.00000000,0
1531169932287,1531169932281,431036,0.00001721,297.00000000,0
1531169932789,1531169932783,431037,0.00001716,120.00000000,1
1531169943187,1531169943180,431038,0.00001721,50.00000000,0
1531169943201,1531169943196,431039,0.00001725,488.00000000,0
1531169943207,1531169943201,431040,0.00001725,489.00000000,0
1531169943213,1531169943209,431041,0.00001725,488.00000000,0
1531169953748,1531169953744,431042,0.00001719,188.00000000,1
1531169955981,1531169955976,431043,0.00001718,247.00000000,1
1531169956010,1531169956006,431044,0.00001718,393.00000000,1
1531169958808,1531169958805,431045,0.00001720,141.00000000,0
1531169977089,1531169977083,431046,0.00001721,237.00000000,1
1531169977670,1531169977665,431047,0.00001722,137.00000000,1
1531169985747,1531169985745,431048,0.00001722,160.00000000,0
1531169993237,1531169993231,431049,0.00001723,63.00000000,1
1531170014509,1531170014506,431050,0.00001724,153.00000000,0
1531170027575,1531170027570,431051,0.00001724,118.00000000,0
1531170043570,1531170043565,431052,0.00001724,111.00000000,1
1531170045160,1531170045155,431053,0.00001725,69.00000000,0
1531170049674,1531170049669,431054,0.00001724,1672.00000000,1
1531170049697,1531170049695,431055,0.00001724,950.00000000,1
1531170084108,1531170084102,431056,0.00001724,834.00000000,1
1531170087285,1531170087280,431057,0.00001725,69.00000000,0
1531170094799,1531170094794,431058,0.00001724,128.00000000,1
1531170107854,1531170107848,431059,0.00001724,105.00000000,0
1531170127582,1531170127576,431060,0.00001723,233.00000000,0
1531170148762,1531170148755,431061,0.00001723,238.00000000,1
1531170164674,1531170164670,431062,0.00001721,189.00000000,0
1531170170740,1531170170735,431063,0.00001729,473.00000000,0
1531170172461,1531170172456,431064,0.00001722,157.00000000,1
1531170172576,1531170172571,431065,0.00001722,29.00000000,1
1531170192546,1531170192539,431066,0.00001724,253.00000000,1
1531170197494,1531170197488,431067,0.00001723,228.00000000,1
1531170214590,1531170214585,431068,0.00001725,214.00000000,0
1531170230537,1531170230531,431069,0.00001724,269.00000000,1
1531170230754,1531170230749,431070,0.00001722,154.00000000,0
1531170230776,1531170230770,431071,0.00001718,59.00000000,1
1531170253442,1531170253437,431072,0.00001722,217.00000000,1
1531170266291,1531170266286,431073,0.00001722,200.00000000,0
1531170271458,1531170271452,431074,0.00001721,260.00000000,0
1531170292342,1531170292338,431075,0.00001722,188.00000000,0
1531170312113,1531170312107,431076,0.00001722,150.00000000,1
1531170327192,1531170327187,431077,0.00001722,152.00000000,1
1531170332135,1531170332130,431078,0.00001723,168.00000000,0
1531170341613,1531170341607,431079,0.00001727,82.00000000,0
1531170342426,1531170342421,431080,0.00001727,69.00000000,0
1531170346190,1531170346185,431081,0.00001723,158.00000000,1
1531170373214,1531170373212,431082,0.00001723,190.00000000,0
1531170380166,1531170380161,431083,0.00001723,258.00000000,1
1531170391380,1531170391374,431084,0.00001727,69.00000000,0
1531170394716,1531170394710,431085,0.00001724,191.00000000,1
1531170400315,1531170400310,431086,0.00001725,264.00000000,0
1531170408931,1531170408926,431087,0.00001724,206.00000000,1
1531170411238,1531170411233,431088,0.00001725,229.00000000,1
1531170425941,1531170425935,431089,0.00001725,607.00000000,1
1531170427033,1531170427027,431090,0.00001725,389.00000000,1
1531170432996,1531170432993,431091,0.00001725,194.00000000,0
1531170445340,1531170445335,431092,0.00001725,181.00000000,0
1531170451165,1531170451161,431093,0.00001726,243.00000000,0
1531170472048,1531170472042,431094,0.00001726,208.00000000,0
1531170493986,1531170493984,431095,0.00001726,240.00000000,0
1531170504642,1531170504637,431096,0.00001727,268.00000000,0
1531170508118,1531170508113,431097,0.00001726,183.00000000,1
1531170513135,1531170513131,431098,0.00001729,302.00000000,0
1531170515080,1531170515075,431099,0.00001724,178.00000000,0
1531170516609,1531170516604,431100,0.00001722,234.00000000,1
1531170516631,1531170516626,431101,0.00001722,392.00000000,1
1531170530677,1531170530671,431102,0.00001725,192.00000000,1
1531170531157,1531170531152,431103,0.00001725,36.00000000,1
1531170553343,1531170553336,431104,0.00001727,131.00000000,0
1531170553982,1531170553975,431105,0.00001726,382.00000000,1
1531170557442,1531170557439,431106,0.00001726,111.00000000,1
1531170570310,1531170570306,431107,0.00001724,124.00000000,1
1531170591459,1531170591455,431108,0.00001724,102.00000000,1
1531170605949,1531170605944,431109,0.00001717,73.00000000,1
1531170611510,1531170611503,431110,0.00001724,246.00000000,0
1531170624581,1531170624576,431111,0.00001724,257.00000000,1
1531170641577,1531170641572,431112,0.00001725,240.00000000,0
1531170643404,1531170643398,431113,0.00001724,69.00000000,0
1531170645268,1531170645264,431114,0.00001724,4.00000000,0
1531170645397,1531170645392,431115,0.00001726,178.00000000,1
1531170651256,1531170651251,431116,0.00001721,8267.00000000,0
1531170651271,1531170651267,431117,0.00001717,730.00000000,1
1531170651288,1531170651284,431118,0.00001717,2851.00000000,1
1531170667067,1531170667062,431119,0.00001720,4845.00000000,0
1531170667081,1531170667075,431120,0.00001717,632.00000000,1
1531170667104,1531170667099,431121,0.00001717,2019.00000000,1
1531170674686,1531170674680,431122,0.00001723,250.00000000,0
1531170683654,1531170683649,431123,0.00001723,241.00000000,1
1531170684983,1531170684977,431124,0.00001724,69.00000000,0
1531170700259,1531170700256,431125,0.00001717,59.00000000,1
1531170700565,1531170700561,431126,0.00001723,243.00000000,1
1531170705510,1531170705504,431127,0.00001723,214.00000000,1
1531170725741,1531170725736,431128,0.00001718,1336.00000000,1
1531170725759,1531170725753,431129,0.00001718,2562.00000000,1
1531170730514,1531170730509,431130,0.00001722,138.00000000,0
1531170738673,1531170738671,431131,0.00001722,139.00000000,1
1531170758424,1531170758419,431132,0.00001722,130.00000000,0
1531170765378,1531170765372,431133,0.00001722,141.00000000,1
1531170792175,1531170792169,431134,0.00001719,168.00000000,0
1531170807836,1531170807832,431135,0.00001718,1758.00000000,0
1531170807850,1531170807845,431136,0.00001717,1724.00000000,1
1531170810096,1531170810090,431137,0.00001719,186.00000000,0
1531170822165,1531170822159,431138,0.00001719,201.00000000,0
1531170831160,1531170831154,431139,0.00001719,239.00000000,0
1531170843067,1531170843060,431140,0.00001720,59.00000000,0
1531170845238,1531170845232,431141,0.00001717,59.00000000,1
1531170853212,1531170853208,431142,0.00001719,140.00000000,1
1531170864560,1531170864554,431143,0.00001719,144.00000000,0
1531170869737,1531170869731,431144,0.00001718,219.00000000,0
1531170869753,1531170869747,431145,0.00001717,141.00000000,1
1531170878209,1531170878203,431146,0.00001718,141.00000000,1
1531170893082,1531170893077,431147,0.00001718,136.00000000,1
1531170897700,1531170897695,431148,0.00001719,1155.00000000,0
1531170897715,1531170897712,431149,0.00001719,59.00000000,0
1531170900871,1531170900865,431150,0.00001720,50.00000000,0
1531170900871,1531170900865,431151,0.00001723,37.00000000,0
1531170913480,1531170913474,431152,0.00001718,163.00000000,1
1531170921349,1531170921345,431153,0.00001718,159.00000000,0
1531170928901,1531170928895,431154,0.00001720,2016.00000000,0
1531170928922,1531170928916,431155,0.00001717,1200.00000000,1
1531170941473,1531170941467,431156,0.00001718,168.00000000,1
1531170948359,1531170948354,431157,0.00001718,154.00000000,0
1531170951890,1531170951885,431158,0.00001720,138.00000000,0
1531170951907,1531170951902,431159,0.00001717,1102.00000000,1
1531170951929,1531170951923,431160,0.00001717,59.00000000,1
1531170966629,1531170966624,431161,0.00001723,69.00000000,0
1531170971002,1531170970997,431162,0.00001718,190.00000000,1
1531170980705,1531170980699,431163,0.00001718,223.00000000,0
1531170990020,1531170990016,431164,0.00001720,179.00000000,0
1531170990035,1531170990029,431165,0.00001717,169.00000000,1
1531170993750,1531170993747,431166,0.00001719,221.00000000,0
1531171012685,1531171012680,431167,0.00001719,264.00000000,0
1531171029411,1531171029406,431168,0.00001719,150.00000000,1
1531171031826,1531171031822,431169,0.00001718,3412.00000000,0
1531171031847,1531171031842,431170,0.00001717,978.00000000,1
1531171031872,1531171031867,431171,0.00001717,1984.00000000,1
1531171044406,1531171044402,431172,0.00001719,125.00000000,0
1531171044432,1531171044427,431173,0.00001719,125.00000000,0
1531171048836,1531171048831,431174,0.00001718,120.00000000,0
1531171050371,1531171050369,431175,0.00001719,96.00000000,0
1531171055084,1531171055079,431176,0.00001718,138.00000000,0
1531171067010,1531171067006,431177,0.00001718,171.00000000,0
1531171070480,1531171070477,431178,0.00001719,116.00000000,0
1531171088032,1531171088027,431179,0.00001718,264.00000000,1
1531171088367,1531171088362,431180,0.00001718,1373.00000000,0
1531171088380,1531171088375,431181,0.00001717,763.00000000,1
1531171107196,1531171107190,431182,0.00001718,245.00000000,0
1531171117096,1531171117092,431183,0.00001718,202.00000000,0
1531171117157,1531171117153,431184,0.00001717,108.00000000,1
1531171131042,1531171131037,431185,0.00001717,180.00000000,0
1531171145860,1531171145855,431186,0.00001717,1121.00000000,1
1531171145878,1531171145873,431187,0.00001717,1005.00000000,1
1531171151062,1531171151057,431188,0.00001717,123.00000000,0
1531171155996,1531171155991,431189,0.00001718,144.00000000,0
1531171162769,1531171162764,431190,0.00001719,221.00000000,0
1531171172963,1531171172958,431191,0.00001717,103.00000000,0
1531171183562,1531171183558,431192,0.00001717,419.00000000,1
1531171183588,1531171183583,431193,0.00001717,1818.00000000,1
1531171192137,1531171192132,431194,0.00001717,124.00000000,0
1531171192137,1531171192132,431195,0.00001719,145.00000000,0
1531171211487,1531171211481,431196,0.00001720,130.00000000,1
1531171227938,1531171227932,431197,0.00001721,5955.00000000,0
1531171227956,1531171227951,431198,0.00001720,2707.00000000,1
1531171231549,1531171231545,431199,0.00001723,61.00000000,0
1531171248291,1531171248287,431200,0.00001724,458.00000000,1
1531171255983,1531171255978,431201,0.00001730,2000.00000000,0
1531171267136,1531171267131,431202,0.00001727,5203.00000000,0
1531171267143,1531171267138,431203,0.00001724,205.00000000,1
1531171267160,1531171267156,431204,0.00001724,2387.00000000,1
1531171288296,1531171288292,431205,0.00001725,235.00000000,1
1531171295274,1531171295270,431206,0.00001725,238.00000000,1
1531171295371,1531171295368,431207,0.00001726,161.00000000,0
1531171295389,1531171295384,431208,0.00001729,282.00000000,0
1531171295411,1531171295407,431209,0.00001729,124.00000000,0
1531171306285,1531171306281,431210,0.00001725,216.00000000,0
1531171326401,1531171326397,431211,0.00001725,2203.00000000,1
1531171329431,1531171329427,431212,0.00001725,272.00000000,0
1531171347267,1531171347263,431213,0.00001725,268.00000000,1
1531171354202,1531171354197,431214,0.00001726,245.00000000,1
1531171371307,1531171371303,431215,0.00001726,226.00000000,0
1531171374583,1531171374579,431216,0.00001727,6603.00000000,0
1531171374601,1531171374597,431217,0.00001725,665.00000000,1
1531171374621,1531171374616,431218,0.00001725,2216.00000000,1
1531171381240,1531171381235,431219,0.00001730,173.00000000,0
1531171391139,1531171391134,431220,0.00001726,105.00000000,1
1531171396046,1531171396042,431221,0.00001724,273.00000000,1
1531171401326,1531171401322,431222,0.00001726,97.00000000,0
1531171407335,1531171407331,431223,0.00001726,4174.00000000,0
1531171407347,1531171407342,431224,0.00001729,77.00000000,0
1531171407364,1531171407360,431225,0.00001729,1697.00000000,0
1531171416211,1531171416207,431226,0.00001725,99.00000000,1
1531171424989,1531171424984,431227,0.00001725,156.00000000,1
1531171429416,1531171429411,431228,0.00001730,7413.00000000,0
1531171430220,1531171430216,431229,0.00001725,120.00000000,0
1531171447294,1531171447288,431230,0.00001725,205.00000000,0
1531171462370,1531171462364,431231,0.00001725,227.00000000,0
1531171477244,1531171477241,431232,0.00001727,209.00000000,0
1531171488263,1531171488260,431233,0.00001726,213.00000000,1
1531171490596,1531171490591,431234,0.00001725,505.00000000,1
1531171500460,1531171500456,431235,0.00001724,827.00000000,1
1531171503383,1531171503378,431236,0.00001723,8.00000000,1
1531171513282,1531171513279,431237,0.00001726,134.00000000,1
1531171517280,1531171517275,431238,0.00001726,115.00000000,0
1531171532279,1531171532247,431239,0.00001727,142.00000000,0
1531171551186,1531171551181,431240,0.00001726,120.00000000,1
1531171568172,1531171568169,431241,0.00001725,206.00000000,0
1531171572297,1531171572294,431242,0.00001722,117.00000000,1
1531171576155,1531171576150,431243,0.00001725,245.00000000,0
1531171584075,1531171584071,431244,0.00001722,2760.00000000,1
1531171602277,1531171602271,431245,0.00001725,194.00000000,1
1531171608266,1531171608264,431246,0.00001723,116.00000000,1
1531171610745,1531171610739,431247,0.00001728,116.00000000,0
1531171610745,1531171610739,431248,0.00001729,87.00000000,0
1531171610745,1531171610739,431249,0.00001730,31.00000000,0
1531171612488,1531171612483,431250,0.00001725,209.00000000,0
1531171631934,1531171631929,431251,0.00001724,178.00000000,1
1531171646834,1531171646830,431252,0.00001724,153.00000000,0
1531171652923,1531171652918,431253,0.00001723,284.00000000,1
1531171660979,1531171660975,431254,0.00001725,181.00000000,0
1531171665721,1531171665716,431255,0.00001725,139.00000000,0
1531171686280,1531171686276,431256,0.00001723,737.00000000,1
1531171693767,1531171693763,431257,0.00001724,217.00000000,0
1531171707598,1531171707593,431258,0.00001722,105.00000000,1
1531171707925,1531171707920,431259,0.00001723,230.00000000,0
1531171712595,1531171712591,431260,0.00001728,105.00000000,0
1531171712595,1531171712591,431261,0.00001729,104.00000000,0
1531171719595,1531171719590,431262,0.00001722,1841.00000000,1
1531171724020,1531171724015,431263,0.00001725,236.00000000,1
1531171727840,1531171727836,431264,0.00001725,211.00000000,1
1531171750080,1531171750076,431265,0.00001725,230.00000000,0
1531171758954,1531171758952,431266,0.00001725,181.00000000,1
1531171769145,1531171769141,431267,0.00001726,8499.00000000,0
1531171769153,1531171769149,431268,0.00001723,2931.00000000,1
1531171773105,1531171773100,431269,0.00001726,224.00000000,1
1531171784759,1531171784754,431270,0.00001727,1448.00000000,0
1531171784775,1531171784770,431271,0.00001724,1775.00000000,1
1531171784790,1531171784785,431272,0.00001724,796.00000000,1
1531171785942,1531171785938,431273,0.00001726,176.00000000,1
1531171791203,1531171791199,431274,0.00001730,600.00000000,0
1531171800825,1531171800821,431275,0.00001730,74.00000000,0
1531171800825,1531171800821,431276,0.00001732,12.00000000,0
1531171801192,1531171801188,431277,0.00001732,86.00000000,0
1531171805212,1531171805208,431278,0.00001725,394.00000000,1
1531171807918,1531171807913,431279,0.00001726,128.00000000,1
1531171822079,1531171822075,431280,0.00001726,88.00000000,0
1531171844075,1531171844071,431281,0.00001726,117.00000000,1
1531171849293,1531171849288,431282,0.00001728,4777.00000000,0
1531171849304,1531171849301,431283,0.00001726,901.00000000,1
1531171849317,1531171849313,431284,0.00001726,2016.00000000,1
1531171854083,1531171854078,431285,0.00001725,110.00000000,0
1531171871533,1531171871530,431286,0.00001726,100.00000000,0
1531171871841,1531171871837,431287,0.00001726,17.00000000,0
1531171873048,1531171873045,431288,0.00001726,258.00000000,1
1531171875163,1531171875160,431289,0.00001724,227.00000000,0
1531171878209,1531171878204,431290,0.00001725,29.00000000,0
1531171890436,1531171890433,431291,0.00001726,218.00000000,0
1531171895155,1531171895152,431292,0.00001727,213.00000000,0
1531171896438,1531171896435,431293,0.00001728,4046.00000000,0
1531171896446,1531171896440,431294,0.00001726,2544.00000000,1
1531171896468,1531171896464,431295,0.00001726,2003.00000000,1
1531171907257,1531171907254,431296,0.00001726,263.00000000,0
1531171927150,1531171927145,431297,0.00001726,2303.00000000,1
1531171927177,1531171927172,431298,0.00001726,2053.00000000,1
1531171928208,1531171928202,431299,0.00001726,281.00000000,0
1531171942174,1531171942173,431300,0.00001726,234.00000000,0
1531171952468,1531171952464,431301,0.00001725,137.00000000,1
1531171952468,1531171952464,431302,0.00001721,406.00000000,1
1531171952517,1531171952512,431303,0.00001720,105.00000000,0
1531171952532,1531171952527,431304,0.00001720,2741.00000000,0
1531171952874,1531171952869,431305,0.00001720,67.00000000,0
1531171995306,1531171995302,431306,0.00001720,59.00000000,0
1531171998645,1531171998639,431307,0.00001719,203.00000000,1
1531172008581,1531172008577,431308,0.00001719,1035.00000000,1
1531172008581,1531172008577,431309,0.00001716,6.00000000,1
1531172008583,1531172008580,431310,0.00001716,2959.00000000,1
1531172011650,1531172011645,431311,0.00001719,133.00000000,1
1531172021299,1531172021294,431312,0.00001716,1035.00000000,1
1531172021299,1531172021294,431313,0.00001715,1046.00000000,1
1531172025831,1531172025828,431314,0.00001718,109.00000000,1
1531172028780,1531172028774,431315,0.00001715,2081.00000000,1
1531172044835,1531172044830,431316,0.00001716,1922.00000000,1
1531172049816,1531172049813,431317,0.00001715,2081.00000000,1
1531172051499,1531172051495,431318,0.00001717,73.00000000,1
1531172051563,1531172051559,431319,0.00001717,69.00000000,1
1531172059925,1531172059920,431320,0.00001715,2080.00000000,1
1531172059925,1531172059920,431321,0.00001712,7.00000000,1
1531172066657,1531172066651,431322,0.00001716,193.00000000,0
1531172067784,1531172067778,431323,0.00001712,52.00000000,1
1531172067784,1531172067778,431324,0.00001711,3089.00000000,1
1531172071015,1531172071010,431325,0.00001711,8.00000000,1
1531172071177,1531172071174,431326,0.00001711,10.00000000,1
1531172080828,1531172080825,431327,0.00001716,191.00000000,0
1531172090290,1531172090286,431328,0.00001712,1386.00000000,1
1531172090312,1531172090307,431329,0.00001712,2176.00000000,1
1531172090840,1531172090837,431330,0.00001716,160.00000000,0
1531172108869,1531172108866,431331,0.00001716,203.00000000,0
1531172124954,1531172124951,431332,0.00001718,69.00000000,0
1531172125777,1531172125773,431333,0.00001716,195.00000000,1
1531172131631,1531172131628,431334,0.00001715,165.00000000,1
1531172132535,1531172132530,431335,0.00001713,187.00000000,1
1531172132537,1531172132535,431336,0.00001713,187.00000000,1
1531172137248,1531172137245,431337,0.00001715,7118.00000000,0
1531172137267,1531172137262,431338,0.00001713,2751.00000000,1
1531172145615,1531172145611,431339,0.00001713,8.00000000,0
1531172145615,1531172145611,431340,0.00001716,170.00000000,0
1531172146253,1531172146233,431341,0.00001712,291.00000000,1
1531172159013,1531172159004,431342,0.00001711,438.00000000,1
1531172159013,1531172159004,431343,0.00001710,6197.00000000,1
1531172159013,1531172159004,431344,0.00001708,1537.00000000,1
1531172159013,1531172159004,431345,0.00001707,595.00000000,1
1531172159013,1531172159004,431346,0.00001706,287.00000000,1
1531172159013,1531172159004,431347,0.00001705,5874.00000000,1
1531172159013,1531172159004,431348,0.00001704,10131.00000000,1
1531172159013,1531172159004,431349,0.00001703,24941.00000000,1
1531172159013,1531172159004,431350,0.00001703,552.00000000,1
1531172159280,1531172159274,431351,0.00001706,260.00000000,0
1531172160016,1531172160010,431352,0.00001705,568.00000000,1
1531172162140,1531172162136,431353,0.00001709,103.00000000,0
1531172162338,1531172162334,431354,0.00001705,10.00000000,1
1531172162376,1531172162372,431355,0.00001705,8.00000000,1
1531172162404,1531172162400,431356,0.00001705,8.00000000,1
1531172162629,1531172162624,431357,0.00001705,12.00000000,1
1531172162699,1531172162693,431358,0.00001705,115.00000000,1
1531172163845,1531172163841,431359,0.00001710,103.00000000,0
1531172165644,1531172165640,431360,0.00001710,216.00000000,0
1531172168064,1531172168061,431361,0.00001705,10.00000000,1
1531172168915,1531172168911,431362,0.00001709,241.00000000,1
1531172176737,1531172176733,431363,0.00001709,206.00000000,0
