event_time,trade_time,trade_id,price,quantity,maker
1531160282123,1531160282120,9141068,0.00003098,2090.00000000,0
1531160293860,1531160293856,9141069,0.00003096,536.00000000,1
1531160304353,1531160304350,9141070,0.00003097,2473.00000000,0
1531160304372,1531160304369,9141071,0.00003096,804.00000000,1
1531160304389,1531160304387,9141072,0.00003096,1819.00000000,1
1531160307976,1531160307973,9141073,0.00003097,1094.00000000,0
1531160307993,1531160307989,9141074,0.00003096,414.00000000,1
1531160308007,1531160308003,9141075,0.00003096,397.00000000,1
1531160311717,1531160311713,9141076,0.00003099,34.00000000,0
1531160317742,1531160317739,9141077,0.00003099,3.00000000,0
1531160319736,1531160319735,9141078,0.00003098,154.00000000,0
1531160319749,1531160319744,9141079,0.00003096,792.00000000,1
1531160319764,1531160319761,9141080,0.00003096,70.00000000,1
1531160320755,1531160320752,9141081,0.00003099,45.00000000,0
1531160326388,1531160326386,9141082,0.00003099,65.00000000,0
1531160327741,1531160327738,9141083,0.00003098,166.00000000,0
1531160334873,1531160334871,9141084,0.00003097,3362.00000000,0
1531160334884,1531160334880,9141085,0.00003096,1974.00000000,1
1531160334895,1531160334891,9141086,0.00003096,1237.00000000,1
1531160336206,1531160336202,9141087,0.00003098,6.00000000,0
1531160336206,1531160336202,9141088,0.00003099,62.00000000,0
1531160336791,1531160336790,9141089,0.00003095,84.00000000,1
1531160339410,1531160339406,9141090,0.00003095,30000.00000000,1
1531160345149,1531160345146,9141091,0.00003098,34.00000000,0
1531160345167,1531160345163,9141092,0.00003098,488.00000000,0
1531160350613,1531160350609,9141093,0.00003096,1652.00000000,1
1531160350638,1531160350635,9141094,0.00003096,1487.00000000,1
1531160376782,1531160376749,9141095,0.00003096,14143.00000000,1
1531160377922,1531160377919,9141096,0.00003097,7823.00000000,0
1531160381552,1531160381548,9141097,0.00003095,250.00000000,1
1531160392318,1531160392315,9141098,0.00003097,10924.00000000,0
1531160393349,1531160393346,9141099,0.00003097,7823.00000000,1
1531160407587,1531160407583,9141100,0.00003095,6.00000000,1
1531160407630,1531160407627,9141101,0.00003095,6.00000000,1
1531160407759,1531160407757,9141102,0.00003095,5.00000000,1
1531160407790,1531160407786,9141103,0.00003095,6.00000000,1
1531160407869,1531160407865,9141104,0.00003095,6.00000000,1
1531160408172,1531160408167,9141105,0.00003097,4.00000000,0
1531160408172,1531160408167,9141106,0.00003099,829.00000000,0
1531160418383,1531160418380,9141107,0.00003097,11027.00000000,1
1531160428512,1531160428508,9141108,0.00003098,6145.00000000,0
1531160431706,1531160431702,9141109,0.00003099,161.00000000,0
1531160438235,1531160438232,9141110,0.00003097,10354.00000000,1
1531160440301,1531160440297,9141111,0.00003099,1247.00000000,0
1531160443188,1531160443185,9141112,0.00003099,207.00000000,0
1531160449196,1531160449193,9141113,0.00003099,322.00000000,0
1531160460366,1531160460365,9141114,0.00003096,13645.00000000,1
1531160464375,1531160464372,9141115,0.00003099,273.00000000,0
1531160471419,1531160471416,9141116,0.00003097,4750.00000000,0
1531160471431,1531160471428,9141117,0.00003096,2352.00000000,1
1531160481517,1531160481516,9141118,0.00003095,959.00000000,1
1531160482934,1531160482930,9141119,0.00003095,2463.00000000,1
1531160490414,1531160490411,9141120,0.00003098,65.00000000,0
1531160491875,1531160491870,9141121,0.00003098,18679.00000000,0
1531160499930,1531160499930,9141122,0.00003098,294.00000000,1
1531160499945,1531160499942,9141123,0.00003098,13496.00000000,0
1531160499955,1531160499951,9141124,0.00003098,294.00000000,1
1531160502212,1531160502209,9141125,0.00003098,3402.00000000,0
1531160507560,1531160507557,9141126,0.00003098,321.00000000,0
1531160509811,1531160509807,9141127,0.00003097,2484.00000000,0
1531160513299,1531160513295,9141128,0.00003096,2694.00000000,0
1531160513311,1531160513307,9141129,0.00003097,92.00000000,0
1531160513324,1531160513321,9141130,0.00003098,14727.00000000,0
1531160521397,1531160521394,9141131,0.00003098,3693.00000000,1
1531160521425,1531160521421,9141132,0.00003098,4017.00000000,1
1531160528452,1531160528448,9141133,0.00003096,3155.00000000,1
1531160531654,1531160531651,9141134,0.00003097,5054.00000000,0
1531160531676,1531160531671,9141135,0.00003096,1060.00000000,1
1531160536057,1531160536053,9141136,0.00003099,137.00000000,0
1531160537776,1531160537773,9141137,0.00003097,2979.00000000,0
1531160537791,1531160537788,9141138,0.00003096,1155.00000000,1
1531160551817,1531160551813,9141139,0.00003098,382.00000000,0
1531160552556,1531160552553,9141140,0.00003096,4766.00000000,0
1531160552569,1531160552566,9141141,0.00003098,1251.00000000,0
1531160561345,1531160561341,9141142,0.00003098,382.00000000,1
1531160561367,1531160561362,9141143,0.00003098,1109.00000000,0
1531160561386,1531160561383,9141144,0.00003098,382.00000000,1
1531160562422,1531160562418,9141145,0.00003095,8968.00000000,1
1531160573308,1531160573305,9141146,0.00003097,915.00000000,0
1531160573323,1531160573322,9141147,0.00003096,818.00000000,1
1531160573338,1531160573334,9141148,0.00003098,1251.00000000,0
1531160580395,1531160580392,9141149,0.00003098,382.00000000,1
1531160585147,1531160585142,9141150,0.00003098,154.00000000,0
1531160590414,1531160590411,9141151,0.00003097,2182.00000000,0
1531160590429,1531160590428,9141152,0.00003098,1097.00000000,0
1531160600405,1531160600401,9141153,0.00003099,132.00000000,0
1531160604530,1531160604527,9141154,0.00003096,702.00000000,0
1531160604537,1531160604533,9141155,0.00003098,282.00000000,0
1531160619153,1531160619150,9141156,0.00003098,210.00000000,0
1531160619178,1531160619175,9141157,0.00003098,998.00000000,0
1531160627739,1531160627734,9141158,0.00003096,686.00000000,1
1531160639440,1531160639436,9141159,0.00003098,22627.00000000,0
1531160645244,1531160645239,9141160,0.00003097,16765.00000000,1
1531160662300,1531160662297,9141161,0.00003098,400.00000000,1
1531160672593,1531160672589,9141162,0.00003098,158.00000000,1
1531160675227,1531160675226,9141163,0.00003098,158.00000000,1
1531160684499,1531160684495,9141164,0.00003098,1253.00000000,1
1531160684735,1531160684732,9141165,0.00003099,193.00000000,0
1531160693070,1531160693067,9141166,0.00003099,28398.00000000,0
1531160700653,1531160700650,9141167,0.00003101,12768.00000000,0
1531160701225,1531160701223,9141168,0.00003102,1407.00000000,0
1531160719472,1531160719468,9141169,0.00003102,2377.00000000,0
1531160721504,1531160721502,9141170,0.00003101,82.00000000,0
1531160724615,1531160724610,9141171,0.00003101,22523.00000000,0
1531160727280,1531160727277,9141172,0.00003102,1856.00000000,0
1531160734128,1531160734123,9141173,0.00003101,82.00000000,1
1531160734142,1531160734137,9141174,0.00003101,3361.00000000,0
1531160734155,1531160734153,9141175,0.00003101,82.00000000,1
1531160734425,1531160734422,9141176,0.00003101,5625.00000000,0
1531160745999,1531160745996,9141177,0.00003100,28321.00000000,0
1531160746013,1531160746009,9141178,0.00003101,16898.00000000,0
1531160751863,1531160751858,9141179,0.00003102,3012.00000000,0
1531160754625,1531160754621,9141180,0.00003101,5707.00000000,1
1531160775156,1531160775152,9141181,0.00003100,431.00000000,0
1531160776287,1531160776284,9141182,0.00003100,108.00000000,0
1531160795215,1531160795212,9141183,0.00003099,601.00000000,0
1531160795510,1531160795506,9141184,0.00003099,139.00000000,0
1531160798956,1531160798951,9141185,0.00003099,27590.00000000,0
1531160806465,1531160806461,9141186,0.00003100,2618.00000000,0
1531160809042,1531160809038,9141187,0.00003102,1235.00000000,0
1531160809920,1531160809916,9141188,0.00003100,1831.00000000,1
1531160809920,1531160809916,9141189,0.00003098,1119.00000000,1
1531160818596,1531160818593,9141190,0.00003102,278.00000000,0
1531160819731,1531160819727,9141191,0.00003102,322.00000000,0
1531160819792,1531160819788,9141192,0.00003099,14251.00000000,1
1531160819814,1531160819810,9141193,0.00003099,3601.00000000,1
1531160821850,1531160821846,9141194,0.00003101,259.00000000,0
1531160844706,1531160844702,9141195,0.00003101,28367.00000000,1
1531160844807,1531160844802,9141196,0.00003101,680.00000000,0
1531160844819,1531160844816,9141197,0.00003101,28367.00000000,1
1531160849234,1531160849229,9141198,0.00003101,12164.00000000,1
1531160849246,1531160849243,9141199,0.00003101,16883.00000000,0
1531160849253,1531160849250,9141200,0.00003101,12164.00000000,1
1531160860420,1531160860418,9141201,0.00003102,181.00000000,0
1531160867495,1531160867491,9141202,0.00003102,2730.00000000,0
1531160867495,1531160867491,9141203,0.00003104,13858.00000000,0
1531160871025,1531160871021,9141204,0.00003103,456.00000000,0
1531160871028,1531160871025,9141205,0.00003103,457.00000000,0
1531160871214,1531160871209,9141206,0.00003101,456.00000000,1
1531160871681,1531160871678,9141207,0.00003101,457.00000000,1
1531160873345,1531160873340,9141208,0.00003101,976.00000000,1
1531160876571,1531160876567,9141209,0.00003100,71.00000000,1
1531160891787,1531160891782,9141210,0.00003101,1121.00000000,1
1531160891812,1531160891809,9141211,0.00003101,566.00000000,1
1531160893843,1531160893839,9141212,0.00003100,15000.00000000,1
1531160900341,1531160900336,9141213,0.00003101,2017.00000000,1
1531160900359,1531160900355,9141214,0.00003101,2561.00000000,1
1531160907176,1531160907171,9141215,0.00003102,1545.00000000,0
1531160912566,1531160912561,9141216,0.00003101,748.00000000,1
1531160912585,1531160912582,9141217,0.00003101,520.00000000,1
1531160925436,1531160925431,9141218,0.00003102,1278.00000000,0
1531160925454,1531160925452,9141219,0.00003101,454.00000000,1
1531160925477,1531160925472,9141220,0.00003101,1103.00000000,1
1531160933466,1531160933462,9141221,0.00003102,1869.00000000,0
1531160933489,1531160933486,9141222,0.00003102,2815.00000000,0
1531160935242,1531160935239,9141223,0.00003103,908.00000000,0
1531160935255,1531160935253,9141224,0.00003103,777.00000000,0
1531160938382,1531160938378,9141225,0.00003103,129.00000000,1
1531160938382,1531160938378,9141226,0.00003100,648.00000000,1
1531160938597,1531160938593,9141227,0.00003100,129.00000000,1
1531160940965,1531160940962,9141228,0.00003103,38.00000000,0
1531160942291,1531160942288,9141229,0.00003102,4980.00000000,0
1531160942303,1531160942299,9141230,0.00003101,2844.00000000,1
1531160942316,1531160942313,9141231,0.00003101,2650.00000000,1
1531160943481,1531160943479,9141232,0.00003103,36.00000000,0
1531160951162,1531160951158,9141233,0.00003103,1198.00000000,0
1531160951162,1531160951158,9141234,0.00003104,4499.00000000,0
1531160951162,1531160951158,9141235,0.00003105,44303.00000000,0
1531160958257,1531160958254,9141236,0.00003101,2514.00000000,1
1531160958269,1531160958265,9141237,0.00003101,1280.00000000,1
1531160958803,1531160958800,9141238,0.00003100,809.00000000,1
1531160964113,1531160964109,9141239,0.00003105,322.00000000,0
1531160973125,1531160973122,9141240,0.00003103,4636.00000000,0
1531160973144,1531160973140,9141241,0.00003101,1567.00000000,1
1531160973694,1531160973690,9141242,0.00003105,2715.00000000,0
1531160980467,1531160980463,9141243,0.00003105,97.00000000,0
1531160985322,1531160985318,9141244,0.00003104,431.00000000,0
1531160986244,1531160986239,9141245,0.00003105,323.00000000,0
1531160986660,1531160986656,9141246,0.00003105,4677.00000000,1
1531160992410,1531160992406,9141247,0.00003103,3075.00000000,0
1531160992430,1531160992426,9141248,0.00003101,1789.00000000,1
1531160999178,1531160999173,9141249,0.00003105,3.00000000,0
1531160999178,1531160999173,9141250,0.00003107,33.00000000,0
1531160999178,1531160999173,9141251,0.00003108,65.00000000,0
1531161008626,1531161008622,9141252,0.00003107,48.00000000,0
1531161009175,1531161009171,9141253,0.00003107,56.00000000,0
1531161009254,1531161009249,9141254,0.00003107,161.00000000,0
1531161009281,1531161009281,9141255,0.00003107,762.00000000,0
1531161009532,1531161009529,9141256,0.00003107,56.00000000,0
1531161009680,1531161009677,9141257,0.00003107,56.00000000,0
1531161010714,1531161010710,9141258,0.00003105,1239.00000000,0
1531161010731,1531161010728,9141259,0.00003104,756.00000000,1
1531161013348,1531161013345,9141260,0.00003107,160.00000000,0
1531161015676,1531161015672,9141261,0.00003107,200.00000000,0
1531161017033,1531161017031,9141262,0.00003107,644.00000000,0
1531161020822,1531161020818,9141263,0.00003106,115.00000000,0
1531161020822,1531161020818,9141264,0.00003107,206.00000000,0
1531161030606,1531161030601,9141265,0.00003107,48.00000000,0
1531161036084,1531161036081,9141266,0.00003101,80.00000000,1
1531161042768,1531161042765,9141267,0.00003102,1040.00000000,0
1531161042783,1531161042779,9141268,0.00003104,668.00000000,0
1531161053515,1531161053510,9141269,0.00003102,1377.00000000,0
1531161053525,1531161053522,9141270,0.00003104,1044.00000000,0
1531161058122,1531161058118,9141271,0.00003102,3893.00000000,0
1531161058136,1531161058132,9141272,0.00003104,1533.00000000,0
1531161071568,1531161071563,9141273,0.00003103,1528.00000000,0
1531161071580,1531161071577,9141274,0.00003105,1036.00000000,0
1531161071591,1531161071587,9141275,0.00003105,1141.00000000,0
1531161075004,1531161075000,9141276,0.00003102,488.00000000,1
1531161081231,1531161081231,9141277,0.00003102,727.00000000,1
1531161090637,1531161090634,9141278,0.00003102,99.00000000,0
1531161107673,1531161107668,9141279,0.00003101,150.00000000,1
1531161126370,1531161126366,9141280,0.00003102,110.00000000,0
1531161160076,1531161160071,9141281,0.00003101,3224.00000000,1
1531161175765,1531161175761,9141282,0.00003101,2577.00000000,1
1531161189525,1531161189520,9141283,0.00003101,2712.00000000,1
1531161193864,1531161193858,9141284,0.00003100,68.00000000,1
1531161197292,1531161197289,9141285,0.00003101,511.00000000,1
1531161211908,1531161211903,9141286,0.00003101,1887.00000000,1
1531161211924,1531161211920,9141287,0.00003101,2301.00000000,0
1531161211935,1531161211933,9141288,0.00003101,1887.00000000,1
1531161218010,1531161218006,9141289,0.00003101,1028.00000000,1
1531161248836,1531161248831,9141290,0.00003102,307.00000000,0
1531161249516,1531161249512,9141291,0.00003101,49.00000000,1
1531161250891,1531161250886,9141292,0.00003101,185.00000000,1
1531161252654,1531161252651,9141293,0.00003101,727.00000000,1
1531161322171,1531161322166,9141294,0.00003102,642.00000000,0
1531161322171,1531161322166,9141295,0.00003105,358.00000000,0
1531161342124,1531161342120,9141296,0.00003102,37.00000000,0
1531161342124,1531161342120,9141297,0.00003105,124.00000000,0
1531161352509,1531161352505,9141298,0.00003103,7427.00000000,0
1531161352520,1531161352517,9141299,0.00003102,7142.00000000,1
1531161359312,1531161359308,9141300,0.00003103,5056.00000000,0
1531161359320,1531161359316,9141301,0.00003102,5057.00000000,1
1531161370784,1531161370780,9141302,0.00003102,1536.00000000,0
1531161370794,1531161370789,9141303,0.00003104,12672.00000000,0
1531161370820,1531161370816,9141304,0.00003104,669.00000000,0
1531161371380,1531161371377,9141305,0.00003105,161.00000000,0
1531161371620,1531161371613,9141306,0.00003105,56.00000000,0
1531161381639,1531161381635,9141307,0.00003102,246.00000000,1
1531161381661,1531161381658,9141308,0.00003102,3425.00000000,1
1531161391572,1531161391568,9141309,0.00003103,673.00000000,1
1531161391925,1531161391921,9141310,0.00003105,44.00000000,0
1531161396155,1531161396150,9141311,0.00003105,322.00000000,0
1531161398246,1531161398242,9141312,0.00003103,3800.00000000,1
1531161398259,1531161398256,9141313,0.00003103,8269.00000000,1
1531161412297,1531161412292,9141314,0.00003103,17292.00000000,1
1531161415878,1531161415873,9141315,0.00003103,14466.00000000,1
1531161427084,1531161427079,9141316,0.00003102,187.00000000,1
1531161430643,1531161430639,9141317,0.00003102,2142.00000000,1
1531161430655,1531161430653,9141318,0.00003102,13782.00000000,1
1531161444781,1531161444775,9141319,0.00003101,4182.00000000,1
1531161444788,1531161444784,9141320,0.00003101,21637.00000000,0
1531161444802,1531161444799,9141321,0.00003102,187.00000000,0
1531161452856,1531161452853,9141322,0.00003103,3504.00000000,1
1531161452877,1531161452874,9141323,0.00003102,13782.00000000,1
1531161452899,1531161452894,9141324,0.00003101,8626.00000000,1
1531161453312,1531161453308,9141325,0.00003101,1863.00000000,0
1531161459466,1531161459463,9141326,0.00003100,26721.00000000,1
1531161459491,1531161459485,9141327,0.00003100,15818.00000000,1
1531161459512,1531161459510,9141328,0.00003100,17815.00000000,1
1531161459524,1531161459521,9141329,0.00003101,15330.00000000,0
1531161460759,1531161460755,9141330,0.00003104,1605.00000000,0
1531161473556,1531161473552,9141331,0.00003101,10489.00000000,1
1531161481494,1531161481489,9141332,0.00003100,1490.00000000,1
1531161489184,1531161489180,9141333,0.00003105,322.00000000,0
1531161491545,1531161491539,9141334,0.00003100,31516.00000000,1
1531161491566,1531161491564,9141335,0.00003100,3459.00000000,1
1531161511440,1531161511437,9141336,0.00003102,10405.00000000,1
1531161517175,1531161517170,9141337,0.00003102,30079.00000000,1
1531161551712,1531161551708,9141338,0.00003102,7948.00000000,1
1531161551732,1531161551727,9141339,0.00003102,109.00000000,1
1531161563119,1531161563114,9141340,0.00003103,88.00000000,1
1531161582271,1531161582270,9141341,0.00003103,97.00000000,0
1531161582271,1531161582270,9141342,0.00003104,179.00000000,0
1531161582271,1531161582270,9141343,0.00003105,46.00000000,0
1531161584596,1531161584592,9141344,0.00003105,363.00000000,0
1531161592399,1531161592395,9141345,0.00003104,24133.00000000,0
1531161592410,1531161592405,9141346,0.00003103,8209.00000000,1
1531161602807,1531161602802,9141347,0.00003104,1058.00000000,0
1531161602817,1531161602814,9141348,0.00003103,1278.00000000,1
1531161602846,1531161602841,9141349,0.00003103,358.00000000,1
1531161610961,1531161610958,9141350,0.00003105,64.00000000,0
1531161611306,1531161611302,9141351,0.00003105,55.00000000,0
1531161611818,1531161611814,9141352,0.00003104,291.00000000,1
1531161611835,1531161611834,9141353,0.00003104,318.00000000,0
1531161611866,1531161611846,9141354,0.00003104,291.00000000,1
1531161613586,1531161613585,9141355,0.00003105,81.00000000,0
1531161619331,1531161619325,9141356,0.00003104,109.00000000,1
1531161619349,1531161619345,9141357,0.00003104,1836.00000000,1
1531161632865,1531161632859,9141358,0.00003104,1048.00000000,1
1531161632888,1531161632884,9141359,0.00003104,61.00000000,1
1531161636914,1531161636909,9141360,0.00003105,75.00000000,0
1531161638921,1531161638916,9141361,0.00003104,2732.00000000,1
1531161638951,1531161638947,9141362,0.00003104,1870.00000000,1
1531161638981,1531161638977,9141363,0.00003104,1470.00000000,1
1531161653902,1531161653897,9141364,0.00003105,12.00000000,0
1531161654966,1531161654964,9141365,0.00003104,100.00000000,1
1531161669944,1531161669939,9141366,0.00003105,2416.00000000,0
1531161672948,1531161672943,9141367,0.00003107,202.00000000,0
1531161673304,1531161673300,9141368,0.00003105,100.00000000,1
1531161676314,1531161676310,9141369,0.00003106,121.00000000,1
1531161676983,1531161676979,9141370,0.00003106,1417.00000000,1
1531161677883,1531161677878,9141371,0.00003106,1789.00000000,1
1531161677913,1531161677909,9141372,0.00003106,1410.00000000,1
1531161678532,1531161678531,9141373,0.00003106,466.00000000,0
1531161683923,1531161683917,9141374,0.00003109,500.00000000,0
1531161689922,1531161689916,9141375,0.00003108,1099.00000000,0
1531161689934,1531161689929,9141376,0.00003107,805.00000000,1
1531161689959,1531161689953,9141377,0.00003107,505.00000000,1
1531161693520,1531161693515,9141378,0.00003109,7799.00000000,0
1531161706172,1531161706168,9141379,0.00003109,1152.00000000,0
1531161706766,1531161706765,9141380,0.00003108,2031.00000000,1
1531161706778,1531161706773,9141381,0.00003108,127.00000000,0
1531161706792,1531161706788,9141382,0.00003108,761.00000000,1
1531161706806,1531161706802,9141383,0.00003108,1270.00000000,1
1531161717327,1531161717323,9141384,0.00003109,352.00000000,0
1531161717327,1531161717323,9141385,0.00003110,15179.00000000,0
1531161717617,1531161717613,9141386,0.00003110,2079.00000000,1
1531161717629,1531161717624,9141387,0.00003110,5423.00000000,1
1531161720569,1531161720566,9141388,0.00003111,385.00000000,1
1531161722737,1531161722731,9141389,0.00003112,3425.00000000,0
1531161722737,1531161722731,9141390,0.00003113,267.00000000,0
1531161722737,1531161722731,9141391,0.00003114,1700.00000000,0
1531161723241,1531161723239,9141392,0.00003115,6836.00000000,1
1531161723591,1531161723587,9141393,0.00003111,749.00000000,1
1531161723869,1531161723865,9141394,0.00003111,8.00000000,0
1531161733645,1531161733640,9141395,0.00003110,385.00000000,1
1531161737342,1531161737336,9141396,0.00003110,764.00000000,1
1531161737374,1531161737371,9141397,0.00003111,377.00000000,0
1531161737846,1531161737842,9141398,0.00003111,385.00000000,1
1531161742531,1531161742527,9141399,0.00003111,60.00000000,1
1531161746628,1531161746624,9141400,0.00003111,321.00000000,1
1531161752776,1531161752771,9141401,0.00003112,220.00000000,1
1531161753001,1531161752996,9141402,0.00003111,171.00000000,1
1531161756369,1531161756367,9141403,0.00003115,385.00000000,0
1531161761198,1531161761195,9141404,0.00003112,1207.00000000,1
1531161770845,1531161770840,9141405,0.00003113,80.00000000,0
1531161770845,1531161770840,9141406,0.00003114,1538.00000000,0
1531161776136,1531161776132,9141407,0.00003116,48.00000000,0
1531161776136,1531161776132,9141408,0.00003117,23.00000000,0
1531161778685,1531161778681,9141409,0.00003112,1899.00000000,1
1531161778685,1531161778681,9141410,0.00003109,507.00000000,1
1531161778703,1531161778699,9141411,0.00003109,1145.00000000,0
1531161784786,1531161784782,9141412,0.00003109,115.00000000,0
1531161785434,1531161785429,9141413,0.00003109,355.00000000,0
1531161816194,1531161816190,9141414,0.00003108,2333.00000000,0
1531161816203,1531161816198,9141415,0.00003107,1081.00000000,1
1531161825860,1531161825856,9141416,0.00003108,2166.00000000,0
1531161825874,1531161825870,9141417,0.00003107,732.00000000,1
1531161830925,1531161830920,9141418,0.00003108,5502.00000000,0
1531161830941,1531161830938,9141419,0.00003107,1885.00000000,1
1531161844528,1531161844523,9141420,0.00003107,789.00000000,1
1531161844550,1531161844546,9141421,0.00003107,1450.00000000,1
1531161859554,1531161859550,9141422,0.00003109,164.00000000,0
1531161859941,1531161859938,9141423,0.00003108,1933.00000000,1
1531161859963,1531161859959,9141424,0.00003108,1539.00000000,1
1531161859988,1531161859982,9141425,0.00003108,921.00000000,1
1531161872652,1531161872648,9141426,0.00003108,68.00000000,0
1531161933792,1531161933788,9141427,0.00003108,239.00000000,0
1531161934381,1531161934377,9141428,0.00003108,2104.00000000,0
1531161938880,1531161938877,9141429,0.00003108,1175.00000000,0
1531161946137,1531161946132,9141430,0.00003107,2302.00000000,1
1531161946147,1531161946143,9141431,0.00003107,815.00000000,0
1531161946163,1531161946160,9141432,0.00003107,727.00000000,1
1531161946188,1531161946182,9141433,0.00003107,1575.00000000,1
1531161967041,1531161967038,9141434,0.00003108,5339.00000000,0
1531161967041,1531161967038,9141435,0.00003109,78203.00000000,0
1531161967041,1531161967038,9141436,0.00003110,80.00000000,0
1531161971871,1531161971867,9141437,0.00003111,946.00000000,1
1531161971871,1531161971867,9141438,0.00003110,671.00000000,1
1531161982382,1531161982378,9141439,0.00003108,8450.00000000,1
1531161982435,1531161982401,9141440,0.00003108,19372.00000000,1
1531161987585,1531161987581,9141441,0.00003114,24.00000000,0
1531161998482,1531161998478,9141442,0.00003111,15633.00000000,0
1531161998496,1531161998493,9141443,0.00003108,5467.00000000,1
1531162000405,1531162000400,9141444,0.00003108,2000.00000000,1
1531162003906,1531162003902,9141445,0.00003108,13758.00000000,1
1531162003943,1531162003941,9141446,0.00003108,2000.00000000,0
1531162006681,1531162006676,9141447,0.00003107,489.00000000,1
1531162011440,1531162011434,9141448,0.00003108,4652.00000000,1
1531162012257,1531162012251,9141449,0.00003108,12189.00000000,1
1531162012890,1531162012887,9141450,0.00003108,4652.00000000,0
1531162020959,1531162020954,9141451,0.00003107,64.00000000,0
1531162022322,1531162022318,9141452,0.00003107,5141.00000000,0
1531162022322,1531162022318,9141453,0.00003108,1000.00000000,0
1531162027445,1531162027441,9141454,0.00003111,389.00000000,0
1531162027489,1531162027484,9141455,0.00003109,181.00000000,1
1531162045036,1531162045032,9141456,0.00003110,33617.00000000,1
1531162047210,1531162047205,9141457,0.00003110,2000.00000000,1
1531162047249,1531162047244,9141458,0.00003110,239.00000000,1
1531162048891,1531162048887,9141459,0.00003110,4652.00000000,1
1531162050313,1531162050309,9141460,0.00003110,1402.00000000,1
1531162051562,1531162051559,9141461,0.00003110,7620.00000000,1
1531162051589,1531162051583,9141462,0.00003110,19957.00000000,1
1531162057770,1531162057766,9141463,0.00003110,4011.00000000,0
1531162066190,1531162066187,9141464,0.00003111,8355.00000000,1
1531162071862,1531162071858,9141465,0.00003111,24304.00000000,1
1531162082092,1531162082086,9141466,0.00003111,103.00000000,1
1531162083555,1531162083551,9141467,0.00003111,5204.00000000,1
1531162083570,1531162083566,9141468,0.00003111,21446.00000000,1
1531162089826,1531162089821,9141469,0.00003111,103.00000000,0
1531162104561,1531162104558,9141470,0.00003112,23962.00000000,1
1531162104577,1531162104572,9141471,0.00003112,5749.00000000,0
1531162104592,1531162104588,9141472,0.00003112,23962.00000000,1
1531162111685,1531162111681,9141473,0.00003111,553.00000000,1
1531162122402,1531162122398,9141474,0.00003111,1022.00000000,0
1531162137070,1531162137064,9141475,0.00003112,24198.00000000,1
1531162137080,1531162137077,9141476,0.00003112,5513.00000000,0
1531162137100,1531162137096,9141477,0.00003112,24198.00000000,1
1531162149805,1531162149801,9141478,0.00003113,80.00000000,0
1531162149805,1531162149801,9141479,0.00003114,200.00000000,0
1531162149805,1531162149801,9141480,0.00003116,41.00000000,0
1531162150980,1531162150977,9141481,0.00003112,6750.00000000,1
1531162150995,1531162150990,9141482,0.00003112,13150.00000000,1
1531162161265,1531162161259,9141483,0.00003114,3420.00000000,0
1531162161282,1531162161277,9141484,0.00003112,2516.00000000,1
1531162179479,1531162179475,9141485,0.00003112,24820.00000000,1
1531162187933,1531162187928,9141486,0.00003112,12354.00000000,1
1531162232447,1531162232443,9141487,0.00003116,536.00000000,0
1531162232925,1531162232921,9141488,0.00003116,885.00000000,0
1531162242436,1531162242432,9141489,0.00003113,62.00000000,1
1531162247776,1531162247772,9141490,0.00003112,1936.00000000,0
1531162251106,1531162251105,9141491,0.00003116,2525.00000000,0
1531162288749,1531162288743,9141492,0.00003116,500.00000000,0
1531162296315,1531162296312,9141493,0.00003116,105.00000000,0
1531162320272,1531162320267,9141494,0.00003115,1462.00000000,1
1531162323785,1531162323781,9141495,0.00003115,14405.00000000,1
1531162323821,1531162323816,9141496,0.00003115,11829.00000000,1
1531162323836,1531162323830,9141497,0.00003115,6522.00000000,1
1531162330428,1531162330424,9141498,0.00003114,2428.00000000,0
1531162333339,1531162333333,9141499,0.00003114,9855.00000000,0
1531162333357,1531162333352,9141500,0.00003115,1394.00000000,0
1531162345325,1531162345322,9141501,0.00003115,6522.00000000,1
1531162345339,1531162345336,9141502,0.00003115,24193.00000000,0
1531162345353,1531162345348,9141503,0.00003115,6522.00000000,1
1531162349246,1531162349241,9141504,0.00003115,144.00000000,0
1531162353877,1531162353874,9141505,0.00003114,25910.00000000,1
1531162353892,1531162353889,9141506,0.00003114,4959.00000000,0
1531162353905,1531162353901,9141507,0.00003114,25910.00000000,1
1531162353931,1531162353927,9141508,0.00003115,1250.00000000,0
1531162362101,1531162362097,9141509,0.00003115,6041.00000000,1
1531162366289,1531162366285,9141510,0.00003115,687.00000000,1
1531162366583,1531162366577,9141511,0.00003115,2823.00000000,0
1531162379467,1531162379463,9141512,0.00003115,4406.00000000,0
1531162395621,1531162395617,9141513,0.00003116,134.00000000,0
1531162397638,1531162397636,9141514,0.00003115,3569.00000000,1
1531162397650,1531162397644,9141515,0.00003115,24135.00000000,0
1531162397662,1531162397657,9141516,0.00003115,3569.00000000,1
1531162403868,1531162403863,9141517,0.00003113,24759.00000000,1
1531162412653,1531162412648,9141518,0.00003113,25134.00000000,1
1531162432438,1531162432434,9141519,0.00003114,716.00000000,0
1531162432454,1531162432450,9141520,0.00003113,1163.00000000,1
1531162432477,1531162432473,9141521,0.00003113,262.00000000,1
1531162445534,1531162445529,9141522,0.00003115,400.00000000,0
1531162479048,1531162479042,9141523,0.00003114,2315.00000000,0
1531162479059,1531162479055,9141524,0.00003113,2032.00000000,1
1531162493836,1531162493832,9141525,0.00003114,1641.00000000,1
1531162493846,1531162493840,9141526,0.00003114,1254.00000000,0
1531162493864,1531162493859,9141527,0.00003114,621.00000000,1
1531162493889,1531162493885,9141528,0.00003114,1020.00000000,1
1531162513699,1531162513694,9141529,0.00003115,43.00000000,0
1531162514985,1531162514979,9141530,0.00003115,716.00000000,0
1531162530785,1531162530780,9141531,0.00003114,288.00000000,1
1531162531622,1531162531618,9141532,0.00003114,1000.00000000,0
1531162537927,1531162537922,9141533,0.00003114,805.00000000,0
1531162537927,1531162537922,9141534,0.00003115,8695.00000000,0
1531162544245,1531162544241,9141535,0.00003114,262.00000000,1
1531162544261,1531162544255,9141536,0.00003114,1891.00000000,1
1531162575741,1531162575735,9141537,0.00003115,297.00000000,0
1531162576331,1531162576325,9141538,0.00003115,109.00000000,0
1531162616005,1531162616002,9141539,0.00003115,321.00000000,0
1531162676376,1531162676371,9141540,0.00003114,274.00000000,1
1531162676376,1531162676371,9141541,0.00003113,22.00000000,1
1531162713153,1531162713148,9141542,0.00003115,20.00000000,0
1531162717896,1531162717890,9141543,0.00003114,665.00000000,1
1531162724451,1531162724444,9141544,0.00003115,32.00000000,0
1531162746960,1531162746955,9141545,0.00003115,15.00000000,0
1531162756472,1531162756466,9141546,0.00003115,1000.00000000,0
1531162759517,1531162759512,9141547,0.00003114,67.00000000,1
1531162759517,1531162759512,9141548,0.00003113,644.00000000,1
1531162759538,1531162759535,9141549,0.00003112,7138.00000000,0
1531162764627,1531162764622,9141550,0.00003112,2.00000000,0
1531162764627,1531162764622,9141551,0.00003115,102.00000000,0
1531162773463,1531162773457,9141552,0.00003112,1883.00000000,1
1531162779419,1531162779414,9141553,0.00003112,187.00000000,1
1531162799890,1531162799883,9141554,0.00003114,5623.00000000,1
1531162799909,1531162799904,9141555,0.00003114,8413.00000000,1
1531162814958,1531162814952,9141556,0.00003111,227.00000000,1
1531162815547,1531162815542,9141557,0.00003114,728.00000000,0
1531162823174,1531162823169,9141558,0.00003113,166.00000000,1
1531162824628,1531162824624,9141559,0.00003113,18495.00000000,1
1531162831000,1531162830997,9141560,0.00003113,163.00000000,0
1531162832835,1531162832830,9141561,0.00003112,65.00000000,1
1531162832892,1531162832885,9141562,0.00003112,16752.00000000,0
1531162832954,1531162832949,9141563,0.00003113,18498.00000000,0
1531162846042,1531162846036,9141564,0.00003113,163.00000000,1
1531162847002,1531162846997,9141565,0.00003113,62.00000000,0
1531162848085,1531162848081,9141566,0.00003113,1565.00000000,0
1531162850514,1531162850508,9141567,0.00003111,100.00000000,1
1531162858108,1531162858103,9141568,0.00003112,8341.00000000,1
1531162858126,1531162858121,9141569,0.00003113,17092.00000000,0
1531162858434,1531162858428,9141570,0.00003113,1569.00000000,1
1531162859992,1531162859988,9141571,0.00003111,339.00000000,1
1531162877359,1531162877357,9141572,0.00003114,1119.00000000,0
1531162884589,1531162884584,9141573,0.00003113,11246.00000000,1
1531162884765,1531162884759,9141574,0.00003113,9419.00000000,1
1531162887808,1531162887803,9141575,0.00003113,995.00000000,0
1531162890941,1531162890938,9141576,0.00003112,72.00000000,1
1531162890950,1531162890945,9141577,0.00003112,16369.00000000,0
1531162894778,1531162894774,9141578,0.00003113,107.00000000,0
1531162899647,1531162899641,9141579,0.00003112,72.00000000,1
1531162899658,1531162899654,9141580,0.00003112,6174.00000000,0
1531162899672,1531162899666,9141581,0.00003112,72.00000000,1
1531162907232,1531162907226,9141582,0.00003111,5726.00000000,1
1531162907247,1531162907240,9141583,0.00003111,11894.00000000,0
1531162907260,1531162907255,9141584,0.00003112,16369.00000000,0
1531162912149,1531162912143,9141585,0.00003113,19315.00000000,1
1531162912162,1531162912157,9141586,0.00003113,1302.00000000,0
1531162912171,1531162912167,9141587,0.00003113,19315.00000000,1
1531162912182,1531162912178,9141588,0.00003112,72.00000000,1
1531162919404,1531162919398,9141589,0.00003110,2930.00000000,1
1531162919419,1531162919414,9141590,0.00003110,12785.00000000,0
1531162919435,1531162919429,9141591,0.00003111,7637.00000000,0
1531162921302,1531162921300,9141592,0.00003111,866.00000000,0
1531162924238,1531162924208,9141593,0.00003111,4.00000000,1
1531162927923,1531162927917,9141594,0.00003110,136.00000000,1
1531162933641,1531162933635,9141595,0.00003112,7374.00000000,0
1531162933650,1531162933645,9141596,0.00003111,3207.00000000,1
1531162944572,1531162944567,9141597,0.00003112,1273.00000000,0
1531162944582,1531162944576,9141598,0.00003111,431.00000000,1
1531162951032,1531162951027,9141599,0.00003111,6774.00000000,1
1531162951055,1531162951049,9141600,0.00003111,15522.00000000,1
1531162958121,1531162958114,9141601,0.00003110,16073.00000000,1
1531162964953,1531162964948,9141602,0.00003110,2262.00000000,1
1531162964976,1531162964971,9141603,0.00003110,13198.00000000,1
1531162971617,1531162971615,9141604,0.00003110,4312.00000000,1
1531162971622,1531162971618,9141605,0.00003110,4312.00000000,1
1531162972454,1531162972448,9141606,0.00003111,4840.00000000,0
1531162972467,1531162972462,9141607,0.00003110,2468.00000000,1
1531162972770,1531162972766,9141608,0.00003110,100.00000000,0
1531162977520,1531162977514,9141609,0.00003109,545.00000000,1
1531162983455,1531162983450,9141610,0.00003110,457.00000000,0
1531162985509,1531162985503,9141611,0.00003110,1.00000000,0
1531162997323,1531162997318,9141612,0.00003112,7534.00000000,0
1531162997340,1531162997333,9141613,0.00003112,10674.00000000,0
1531162997358,1531162997353,9141614,0.00003110,3025.00000000,1
1531162997554,1531162997550,9141615,0.00003110,1.00000000,0
1531163004006,1531163004000,9141616,0.00003111,5788.00000000,1
1531163008138,1531163008133,9141617,0.00003109,99.00000000,1
1531163012248,1531163012244,9141618,0.00003110,2800.00000000,0
1531163012258,1531163012253,9141619,0.00003112,1347.00000000,0
1531163025305,1531163025299,9141620,0.00003111,5418.00000000,1
1531163033141,1531163033136,9141621,0.00003110,5475.00000000,0
1531163033151,1531163033145,9141622,0.00003112,1876.00000000,0
1531163043086,1531163043082,9141623,0.00003110,239.00000000,1
1531163047856,1531163047852,9141624,0.00003110,723.00000000,0
1531163047870,1531163047865,9141625,0.00003111,1355.00000000,0
1531163047889,1531163047885,9141626,0.00003111,470.00000000,0
1531163057532,1531163057528,9141627,0.00003110,310.00000000,1
1531163058002,1531163057995,9141628,0.00003110,178.00000000,1
1531163058015,1531163058010,9141629,0.00003110,591.00000000,0
1531163058035,1531163058030,9141630,0.00003111,1585.00000000,0
1531163058055,1531163058049,9141631,0.00003111,700.00000000,0
1531163066868,1531163066862,9141632,0.00003110,412.00000000,1
1531163071914,1531163071907,9141633,0.00003111,51.00000000,0
1531163071930,1531163071925,9141634,0.00003110,1222.00000000,1
1531163072031,1531163072026,9141635,0.00003110,33.00000000,1
1531163081582,1531163081578,9141636,0.00003111,1003.00000000,0
1531163081597,1531163081593,9141637,0.00003110,1630.00000000,1
1531163081618,1531163081614,9141638,0.00003110,523.00000000,1
1531163087046,1531163087040,9141639,0.00003109,283.00000000,1
1531163095087,1531163095082,9141640,0.00003113,24.00000000,0
1531163099591,1531163099585,9141641,0.00003110,1479.00000000,1
1531163099611,1531163099607,9141642,0.00003110,198.00000000,1
1531163102904,1531163102898,9141643,0.00003109,972.00000000,1
1531163102904,1531163102898,9141644,0.00003108,4003.00000000,1
1531163103567,1531163103563,9141645,0.00003108,947.00000000,0
1531163103617,1531163103612,9141646,0.00003108,1442.00000000,0
1531163115692,1531163115687,9141647,0.00003110,1155.00000000,0
1531163115701,1531163115696,9141648,0.00003112,1708.00000000,0
1531163115720,1531163115715,9141649,0.00003112,413.00000000,0
1531163125949,1531163125946,9141650,0.00003112,1417.00000000,0
1531163131921,1531163131915,9141651,0.00003111,1752.00000000,0
1531163131930,1531163131926,9141652,0.00003110,812.00000000,1
1531163139825,1531163139820,9141653,0.00003110,89.00000000,0
1531163139834,1531163139830,9141654,0.00003112,46.00000000,0
1531163152921,1531163152915,9141655,0.00003112,1718.00000000,0
1531163171959,1531163171953,9141656,0.00003113,321.00000000,0
1531163172596,1531163172593,9141657,0.00003113,256.00000000,0
1531163172596,1531163172593,9141658,0.00003114,65.00000000,0
1531163189913,1531163189910,9141659,0.00003112,51.00000000,1
1531163197832,1531163197827,9141660,0.00003111,228.00000000,0
1531163199751,1531163199747,9141661,0.00003111,1427.00000000,0
1531163202218,1531163202213,9141662,0.00003109,6961.00000000,0
1531163202232,1531163202227,9141663,0.00003111,3846.00000000,0
1531163202250,1531163202245,9141664,0.00003111,5935.00000000,0
1531163213397,1531163213392,9141665,0.00003113,216.00000000,0
1531163213415,1531163213411,9141666,0.00003112,6292.00000000,1
1531163213431,1531163213429,9141667,0.00003112,213.00000000,1
1531163213461,1531163213457,9141668,0.00003111,1655.00000000,1
1531163224670,1531163224663,9141669,0.00003108,9497.00000000,1
1531163225975,1531163225971,9141670,0.00003111,208.00000000,0
1531163228100,1531163228095,9141671,0.00003109,1480.00000000,1
1531163230369,1531163230364,9141672,0.00003109,7892.00000000,1
1531163231848,1531163231844,9141673,0.00003108,1400.00000000,1
1531163232859,1531163232854,9141674,0.00003108,1400.00000000,1
1531163233863,1531163233856,9141675,0.00003108,425.00000000,1
1531163233863,1531163233856,9141676,0.00003107,842.00000000,1
1531163234856,1531163234851,9141677,0.00003107,133.00000000,0
1531163235369,1531163235363,9141678,0.00003109,166.00000000,0
1531163237645,1531163237640,9141679,0.00003108,680.00000000,1
1531163237903,1531163237898,9141680,0.00003109,238.00000000,0
1531163237969,1531163237966,9141681,0.00003109,96.00000000,0
1531163240736,1531163240731,9141682,0.00003108,7614.00000000,1
1531163240750,1531163240744,9141683,0.00003109,900.00000000,0
1531163244226,1531163244220,9141684,0.00003109,9292.00000000,1
1531163244239,1531163244234,9141685,0.00003110,7926.00000000,0
1531163244254,1531163244248,9141686,0.00003111,20045.00000000,0
1531163250054,1531163250048,9141687,0.00003110,5473.00000000,0
1531163250069,1531163250063,9141688,0.00003112,4663.00000000,0
1531163250090,1531163250085,9141689,0.00003112,9908.00000000,0
1531163255129,1531163255123,9141690,0.00003113,80.00000000,0
1531163255129,1531163255123,9141691,0.00003114,603.00000000,0
1531163265591,1531163265586,9141692,0.00003111,1873.00000000,1
1531163279971,1531163279966,9141693,0.00003112,14448.00000000,0
1531163279985,1531163279980,9141694,0.00003110,4915.00000000,1
1531163291764,1531163291759,9141695,0.00003111,1456.00000000,0
1531163291774,1531163291769,9141696,0.00003113,708.00000000,0
1531163299995,1531163299991,9141697,0.00003112,377.00000000,0
1531163300009,1531163300005,9141698,0.00003113,357.00000000,0
1531163304212,1531163304207,9141699,0.00003114,50.00000000,0
1531163305664,1531163305660,9141700,0.00003111,222.00000000,1
1531163308089,1531163308082,9141701,0.00003111,114.00000000,1
1531163311621,1531163311615,9141702,0.00003111,9793.00000000,1
1531163311986,1531163311979,9141703,0.00003110,1992.00000000,1
1531163311986,1531163311979,9141704,0.00003109,182.00000000,1
1531163311986,1531163311979,9141705,0.00003108,2370.00000000,1
1531163311986,1531163311979,9141706,0.00003106,48.00000000,1
1531163311986,1531163311979,9141707,0.00003105,3368.00000000,1
1531163311986,1531163311979,9141708,0.00003104,1563.00000000,1
1531163311986,1531163311979,9141709,0.00003102,1081.00000000,1
1531163313545,1531163313542,9141710,0.00003111,56.00000000,0
1531163316505,1531163316500,9141711,0.00003110,240.00000000,0
1531163317099,1531163317095,9141712,0.00003110,60.00000000,0
1531163317099,1531163317095,9141713,0.00003111,6.00000000,0
1531163317112,1531163317106,9141714,0.00003111,52.00000000,0
1531163317112,1531163317106,9141715,0.00003114,14.00000000,0
1531163317133,1531163317128,9141716,0.00003114,108.00000000,0
1531163318106,1531163318101,9141717,0.00003113,60.00000000,0
1531163327706,1531163327701,9141718,0.00003109,9157.00000000,1
1531163333971,1531163333965,9141719,0.00003111,34.00000000,0
1531163336498,1531163336495,9141720,0.00003109,253.00000000,1
1531163340336,1531163340329,9141721,0.00003109,8153.00000000,1
1531163342383,1531163342377,9141722,0.00003107,202.00000000,0
1531163352486,1531163352480,9141723,0.00003107,51.00000000,0
1531163352486,1531163352480,9141724,0.00003109,79.00000000,0
1531163353854,1531163353848,9141725,0.00003104,10673.00000000,1
1531163353877,1531163353871,9141726,0.00003109,174.00000000,0
1531163362424,1531163362419,9141727,0.00003111,10.00000000,0
1531163365508,1531163365503,9141728,0.00003110,5199.00000000,1
1531163365528,1531163365523,9141729,0.00003110,3430.00000000,0
1531163365537,1531163365534,9141730,0.00003110,5199.00000000,1
1531163365555,1531163365550,9141731,0.00003109,8232.00000000,1
1531163365587,1531163365581,9141732,0.00003109,173.00000000,0
1531163367593,1531163367588,9141733,0.00003108,1303.00000000,0
1531163367721,1531163367716,9141734,0.00003108,298.00000000,0
1531163368288,1531163368282,9141735,0.00003108,979.00000000,0
1531163371644,1531163371638,9141736,0.00003109,1.00000000,0
1531163379319,1531163379314,9141737,0.00003111,33.00000000,0
1531163386947,1531163386942,9141738,0.00003109,8406.00000000,1
1531163389383,1531163389378,9141739,0.00003109,38.00000000,1
1531163398590,1531163398586,9141740,0.00003110,68.00000000,1
1531163404729,1531163404722,9141741,0.00003109,6791.00000000,1
1531163404748,1531163404744,9141742,0.00003109,8138.00000000,1
1531163405113,1531163405109,9141743,0.00003111,791.00000000,0
1531163405113,1531163405109,9141744,0.00003113,20.00000000,0
1531163412224,1531163412219,9141745,0.00003109,94.00000000,1
1531163412224,1531163412219,9141746,0.00003108,487.00000000,1
1531163425682,1531163425676,9141747,0.00003109,5883.00000000,1
1531163425709,1531163425704,9141748,0.00003109,9151.00000000,1
1531163433129,1531163433124,9141749,0.00003109,9338.00000000,1
1531163433151,1531163433145,9141750,0.00003109,136.00000000,1
1531163446598,1531163446593,9141751,0.00003109,947.00000000,1
1531163446613,1531163446609,9141752,0.00003109,5511.00000000,1
1531163452022,1531163452017,9141753,0.00003112,2349.00000000,0
1531163452039,1531163452034,9141754,0.00003112,4986.00000000,0
1531163460894,1531163460888,9141755,0.00003111,1097.00000000,0
1531163460902,1531163460896,9141756,0.00003110,669.00000000,1
1531163469914,1531163469908,9141757,0.00003111,513.00000000,0
1531163469922,1531163469917,9141758,0.00003110,7239.00000000,1
1531163469943,1531163469937,9141759,0.00003110,352.00000000,1
1531163485666,1531163485662,9141760,0.00003111,8844.00000000,0
1531163485681,1531163485674,9141761,0.00003110,6601.00000000,1
1531163489550,1531163489545,9141762,0.00003110,12179.00000000,0
1531163489564,1531163489558,9141763,0.00003112,4172.00000000,0
1531163505617,1531163505611,9141764,0.00003110,6417.00000000,1
1531163505639,1531163505634,9141765,0.00003110,1537.00000000,1
1531163510117,1531163510112,9141766,0.00003112,5621.00000000,0
1531163510136,1531163510131,9141767,0.00003112,281.00000000,0
1531163530657,1531163530652,9141768,0.00003110,10640.00000000,1
1531163538820,1531163538814,9141769,0.00003110,1110.00000000,1
1531163552052,1531163552047,9141770,0.00003110,1344.00000000,0
1531163552063,1531163552058,9141771,0.00003111,5446.00000000,0
1531163552082,1531163552076,9141772,0.00003111,15836.00000000,0
1531163556141,1531163556136,9141773,0.00003111,229.00000000,0
1531163560262,1531163560258,9141774,0.00003110,3812.00000000,0
1531163560274,1531163560268,9141775,0.00003111,2896.00000000,0
1531163573046,1531163573040,9141776,0.00003111,229.00000000,1
1531163573060,1531163573056,9141777,0.00003111,22622.00000000,0
1531163573074,1531163573069,9141778,0.00003111,229.00000000,1
1531163582146,1531163582141,9141779,0.00003110,122.00000000,1
1531163582160,1531163582157,9141780,0.00003110,127.00000000,0
1531163582175,1531163582170,9141781,0.00003110,122.00000000,1
1531163582194,1531163582188,9141782,0.00003111,2896.00000000,0
1531163598782,1531163598776,9141783,0.00003111,229.00000000,1
1531163610537,1531163610531,9141784,0.00003110,13217.00000000,0
1531163610548,1531163610544,9141785,0.00003110,9645.00000000,0
1531163610560,1531163610555,9141786,0.00003111,2896.00000000,0
1531163620091,1531163620086,9141787,0.00003111,40.00000000,1
1531163626382,1531163626375,9141788,0.00003111,189.00000000,1
1531163626395,1531163626388,9141789,0.00003111,22622.00000000,0
1531163626411,1531163626407,9141790,0.00003111,189.00000000,1
1531163638319,1531163638315,9141791,0.00003110,912.00000000,0
1531163638339,1531163638335,9141792,0.00003110,16530.00000000,0
1531163638356,1531163638351,9141793,0.00003111,2936.00000000,0
1531163651626,1531163651619,9141794,0.00003111,189.00000000,1
1531163651647,1531163651642,9141795,0.00003111,15860.00000000,0
1531163651657,1531163651652,9141796,0.00003111,189.00000000,1
1531163661951,1531163661946,9141797,0.00003110,17597.00000000,1
1531163661964,1531163661959,9141798,0.00003110,5221.00000000,0
1531163661977,1531163661973,9141799,0.00003110,17597.00000000,1
1531163661993,1531163661988,9141800,0.00003111,2936.00000000,0
1531163663840,1531163663835,9141801,0.00003111,189.00000000,1
1531163664608,1531163664602,9141802,0.00003111,321.00000000,0
1531163668625,1531163668620,9141803,0.00003111,780.00000000,0
1531163671613,1531163671608,9141804,0.00003110,6190.00000000,1
1531163671621,1531163671616,9141805,0.00003110,1484.00000000,0
1531163671634,1531163671630,9141806,0.00003110,6190.00000000,1
1531163677443,1531163677437,9141807,0.00003110,696.00000000,1
1531163677457,1531163677451,9141808,0.00003110,597.00000000,0
1531163677469,1531163677465,9141809,0.00003110,696.00000000,1
1531163692408,1531163692403,9141810,0.00003110,5369.00000000,1
1531163692426,1531163692420,9141811,0.00003110,15799.00000000,1
1531163702709,1531163702702,9141812,0.00003110,6430.00000000,0
1531163703166,1531163703161,9141813,0.00003110,813.00000000,0
1531163703708,1531163703702,9141814,0.00003109,312.00000000,1
1531163703727,1531163703723,9141815,0.00003109,7545.00000000,0
1531163703741,1531163703736,9141816,0.00003110,7534.00000000,0
1531163704260,1531163704255,9141817,0.00003111,50.00000000,0
1531163704260,1531163704255,9141818,0.00003112,78.00000000,0
1531163709637,1531163709632,9141819,0.00003108,48.00000000,1
1531163717541,1531163717534,9141820,0.00003109,9753.00000000,1
1531163722604,1531163722599,9141821,0.00003109,14896.00000000,1
1531163736755,1531163736749,9141822,0.00003110,204.00000000,1
1531163739121,1531163739116,9141823,0.00003110,21472.00000000,1
1531163739149,1531163739144,9141824,0.00003110,7925.00000000,1
1531163750978,1531163750972,9141825,0.00003109,176.00000000,1
1531163750999,1531163750994,9141826,0.00003109,24087.00000000,0
1531163751013,1531163751006,9141827,0.00003110,204.00000000,0
1531163770832,1531163770827,9141828,0.00003111,11419.00000000,1
1531163770959,1531163770953,9141829,0.00003111,7304.00000000,1
1531163771002,1531163770997,9141830,0.00003110,7925.00000000,1
1531163771014,1531163771007,9141831,0.00003109,176.00000000,1
1531163778376,1531163778370,9141832,0.00003107,177.00000000,1
1531163778376,1531163778370,9141833,0.00003106,400.00000000,1
1531163781160,1531163781155,9141834,0.00003107,302.00000000,0
1531163781704,1531163781698,9141835,0.00003109,48.00000000,0
1531163788686,1531163788684,9141836,0.00003108,4964.00000000,0
1531163792412,1531163792407,9141837,0.00003108,1.00000000,0
1531163797252,1531163797247,9141838,0.00003108,4964.00000000,1
1531163805896,1531163805891,9141839,0.00003106,19038.00000000,1
1531163806688,1531163806682,9141840,0.00003108,1341.00000000,0
1531163809705,1531163809700,9141841,0.00003107,188.00000000,0
1531163813495,1531163813490,9141842,0.00003109,39.00000000,0
1531163813495,1531163813490,9141843,0.00003110,125.00000000,0
1531163815668,1531163815662,9141844,0.00003106,12416.00000000,1
1531163817330,1531163817323,9141845,0.00003109,321.00000000,0
1531163827639,1531163827636,9141846,0.00003108,13671.00000000,0
1531163831869,1531163831864,9141847,0.00003108,9913.00000000,0
1531163839310,1531163839305,9141848,0.00003108,2958.00000000,1
1531163846157,1531163846151,9141849,0.00003108,10190.00000000,1
1531163858306,1531163858301,9141850,0.00003107,14109.00000000,0
1531163858324,1531163858319,9141851,0.00003106,5265.00000000,1
1531163858347,1531163858341,9141852,0.00003108,7673.00000000,0
1531163863440,1531163863435,9141853,0.00003108,762.00000000,1
1531163865266,1531163865260,9141854,0.00003108,1000.00000000,1
1531163867214,1531163867208,9141855,0.00003108,8428.00000000,1
1531163867231,1531163867225,9141856,0.00003108,18012.00000000,0
1531163867248,1531163867243,9141857,0.00003108,9470.00000000,1
1531163879888,1531163879883,9141858,0.00003106,20344.00000000,1
1531163879902,1531163879895,9141859,0.00003106,7911.00000000,1
1531163879923,1531163879918,9141860,0.00003108,8393.00000000,0
1531163883785,1531163883779,9141861,0.00003108,1131.00000000,1
1531163883890,1531163883886,9141862,0.00003108,400.00000000,1
1531163891434,1531163891429,9141863,0.00003108,7939.00000000,1
1531163891449,1531163891442,9141864,0.00003108,26284.00000000,0
1531163891465,1531163891463,9141865,0.00003108,7939.00000000,1
1531163905785,1531163905779,9141866,0.00003107,9308.00000000,0
1531163905804,1531163905798,9141867,0.00003106,14638.00000000,1
1531163905822,1531163905816,9141868,0.00003106,9126.00000000,1
1531163905840,1531163905835,9141869,0.00003108,9924.00000000,0
1531163918204,1531163918197,9141870,0.00003108,36.00000000,1
1531163920100,1531163920096,9141871,0.00003108,7903.00000000,1
1531163932377,1531163932370,9141872,0.00003106,19874.00000000,1
1531163940063,1531163940059,9141873,0.00003107,15055.00000000,0
1531163940071,1531163940066,9141874,0.00003106,5975.00000000,1
1531163964221,1531163964216,9141875,0.00003106,6396.00000000,0
1531164018627,1531164018621,9141876,0.00003106,737.00000000,0
1531164019176,1531164019171,9141877,0.00003106,14761.00000000,0
1531164019234,1531164019230,9141878,0.00003106,625.00000000,0
1531164108248,1531164108242,9141879,0.00003106,1545.00000000,0
1531164111499,1531164111494,9141880,0.00003106,1000.00000000,0
1531164132782,1531164132775,9141881,0.00003106,128.00000000,0
1531164133670,1531164133665,9141882,0.00003105,130.00000000,1
1531164151737,1531164151731,9141883,0.00003105,125.00000000,1
1531164157508,1531164157503,9141884,0.00003106,11242.00000000,0
1531164158192,1531164158186,9141885,0.00003107,58.00000000,1
1531164177540,1531164177536,9141886,0.00003106,136.00000000,1
1531164181501,1531164181497,9141887,0.00003106,321.00000000,0
1531164202567,1531164202565,9141888,0.00003105,317.00000000,1
1531164216808,1531164216802,9141889,0.00003106,100.00000000,0
1531164222717,1531164222711,9141890,0.00003106,200.00000000,0
1531164235477,1531164235472,9141891,0.00003105,799.00000000,1
1531164362797,1531164362791,9141892,0.00003105,46.00000000,1
1531164363340,1531164363336,9141893,0.00003106,617.00000000,0
1531164411439,1531164411434,9141894,0.00003106,200.00000000,0
1531164418445,1531164418441,9141895,0.00003106,96.00000000,0
1531164461899,1531164461894,9141896,0.00003106,321.00000000,0
1531164611377,1531164611371,9141897,0.00003106,257.00000000,0
1531164611836,1531164611831,9141898,0.00003106,466.00000000,0
1531164612470,1531164612465,9141899,0.00003106,257.00000000,0
1531164613248,1531164613246,9141900,0.00003106,257.00000000,0
1531164613756,1531164613750,9141901,0.00003105,644.00000000,1
1531164621993,1531164621986,9141902,0.00003105,424.00000000,1
1531164621993,1531164621986,9141903,0.00003104,86.00000000,1
1531164622720,1531164622714,9141904,0.00003104,1361.00000000,0
1531164632547,1531164632541,9141905,0.00003104,24.00000000,0
1531164672765,1531164672761,9141906,0.00003103,76.00000000,1
1531164783982,1531164783981,9141907,0.00003103,24.00000000,0
1531164791676,1531164791671,9141908,0.00003103,33.00000000,0
1531164791676,1531164791671,9141909,0.00003106,131.00000000,0
1531164793181,1531164793174,9141910,0.00003102,806.00000000,1
1531164793181,1531164793174,9141911,0.00003101,1194.00000000,1
1531164797340,1531164797335,9141912,0.00003102,21330.00000000,1
1531164802701,1531164802699,9141913,0.00003102,25512.00000000,1
1531164803906,1531164803899,9141914,0.00003106,559.00000000,0
1531164818001,1531164817994,9141915,0.00003106,656.00000000,0
1531164889161,1531164889154,9141916,0.00003104,603.00000000,0
1531164905447,1531164905442,9141917,0.00003103,2.00000000,1
1531164905914,1531164905908,9141918,0.00003104,147.00000000,0
1531164905914,1531164905908,9141919,0.00003106,768.00000000,0
1531164910703,1531164910700,9141920,0.00003104,303.00000000,1
1531164910718,1531164910715,9141921,0.00003104,1098.00000000,1
1531164932225,1531164932221,9141922,0.00003105,2110.00000000,0
1531164932239,1531164932234,9141923,0.00003104,1525.00000000,1
1531164932262,1531164932258,9141924,0.00003104,1199.00000000,1
1531164939421,1531164939415,9141925,0.00003105,65.00000000,0
1531164939438,1531164939431,9141926,0.00003104,143.00000000,1
1531164939460,1531164939454,9141927,0.00003104,53.00000000,1
1531164945477,1531164945474,9141928,0.00003105,947.00000000,0
1531164945494,1531164945488,9141929,0.00003104,729.00000000,1
1531164945509,1531164945506,9141930,0.00003104,474.00000000,1
1531164956233,1531164956227,9141931,0.00003105,205.00000000,1
1531164971274,1531164971268,9141932,0.00003105,1040.00000000,1
1531164980889,1531164980883,9141933,0.00003105,1764.00000000,1
1531164980918,1531164980914,9141934,0.00003105,597.00000000,1
1531164988147,1531164988141,9141935,0.00003104,11048.00000000,1
1531164998544,1531164998540,9141936,0.00003105,1412.00000000,1
1531164998557,1531164998556,9141937,0.00003105,2597.00000000,0
1531164998571,1531164998566,9141938,0.00003105,1412.00000000,1
1531165077951,1531165077946,9141939,0.00003104,274.00000000,1
1531165152956,1531165152952,9141940,0.00003105,128.00000000,0
1531165154107,1531165154100,9141941,0.00003104,2000.00000000,1
1531165170383,1531165170377,9141942,0.00003105,271.00000000,0
1531165170383,1531165170377,9141943,0.00003106,4908.00000000,0
1531165178491,1531165178484,9141944,0.00003105,1149.00000000,1
1531165193616,1531165193608,9141945,0.00003105,4298.00000000,1
1531165205883,1531165205877,9141946,0.00003105,4.00000000,0
1531165205883,1531165205877,9141947,0.00003106,153.00000000,0
1531165206463,1531165206457,9141948,0.00003106,1128.00000000,0
1531165206582,1531165206579,9141949,0.00003106,158.00000000,0
1531165207248,1531165207245,9141950,0.00003106,158.00000000,0
1531165210230,1531165210224,9141951,0.00003106,2376.00000000,0
1531165211330,1531165211324,9141952,0.00003105,1958.00000000,1
1531165211344,1531165211339,9141953,0.00003105,2112.00000000,0
1531165211360,1531165211357,9141954,0.00003105,1958.00000000,1
1531165214107,1531165214102,9141955,0.00003106,144.00000000,0
1531165219011,1531165219007,9141956,0.00003106,46.00000000,0
1531165221645,1531165221642,9141957,0.00003106,58.00000000,0
1531165223419,1531165223412,9141958,0.00003106,250.00000000,0
1531165224959,1531165224954,9141959,0.00003105,2091.00000000,1
1531165224973,1531165224967,9141960,0.00003105,1388.00000000,0
1531165224989,1531165224985,9141961,0.00003105,368.00000000,1
1531165225010,1531165225003,9141962,0.00003105,1723.00000000,1
1531165227881,1531165227876,9141963,0.00003106,158.00000000,0
1531165229494,1531165229490,9141964,0.00003106,159.00000000,0
1531165230890,1531165230887,9141965,0.00003106,159.00000000,0
1531165232329,1531165232323,9141966,0.00003105,373.00000000,1
1531165232355,1531165232350,9141967,0.00003105,1788.00000000,1
1531165232372,1531165232368,9141968,0.00003105,360.00000000,1
1531165242907,1531165242905,9141969,0.00003105,100.00000000,1
1531165243617,1531165243611,9141970,0.00003105,1523.00000000,1
1531165243634,1531165243629,9141971,0.00003105,1906.00000000,1
1531165243657,1531165243652,9141972,0.00003105,1037.00000000,1
1531165252672,1531165252666,9141973,0.00003105,100.00000000,0
1531165257856,1531165257852,9141974,0.00003105,1037.00000000,1
1531165257864,1531165257859,9141975,0.00003105,507.00000000,0
1531165257872,1531165257867,9141976,0.00003105,1037.00000000,1
1531165259199,1531165259194,9141977,0.00003105,100.00000000,0
1531165259230,1531165259225,9141978,0.00003106,538.00000000,0
1531165259249,1531165259245,9141979,0.00003106,538.00000000,0
1531165259272,1531165259266,9141980,0.00003106,91.00000000,0
1531165259301,1531165259300,9141981,0.00003106,538.00000000,0
1531165271241,1531165271237,9141982,0.00003105,469.00000000,1
1531165277197,1531165277191,9141983,0.00003105,53.00000000,1
1531165277223,1531165277217,9141984,0.00003105,292.00000000,1
1531165281490,1531165281484,9141985,0.00003105,426.00000000,0
1531165292069,1531165292063,9141986,0.00003105,1.00000000,0
1531165292069,1531165292063,9141987,0.00003106,249.00000000,0
1531165292088,1531165292081,9141988,0.00003106,249.00000000,0
1531165296190,1531165296184,9141989,0.00003106,1021.00000000,0
1531165296239,1531165296238,9141990,0.00003107,80.00000000,0
1531165298724,1531165298722,9141991,0.00003109,8.00000000,0
1531165313624,1531165313618,9141992,0.00003108,994.00000000,0
1531165313631,1531165313626,9141993,0.00003107,1102.00000000,1
1531165313644,1531165313639,9141994,0.00003107,711.00000000,1
1531165326770,1531165326765,9141995,0.00003106,233.00000000,1
1531165329108,1531165329103,9141996,0.00003105,80.00000000,1
1531165329135,1531165329130,9141997,0.00003105,235.00000000,0
1531165340892,1531165340886,9141998,0.00003105,1.00000000,0
1531165343910,1531165343908,9141999,0.00003109,73.00000000,0
1531165352309,1531165352303,9142000,0.00003105,742.00000000,1
1531165366390,1531165366387,9142001,0.00003105,230.00000000,1
1531165366408,1531165366402,9142002,0.00003105,1746.00000000,1
1531165373915,1531165373911,9142003,0.00003105,1671.00000000,1
1531165391254,1531165391237,9142004,0.00003107,2088.00000000,0
1531165391260,1531165391255,9142005,0.00003105,1123.00000000,1
1531165401833,1531165401826,9142006,0.00003105,24.00000000,0
1531165402197,1531165402192,9142007,0.00003105,90.00000000,0
1531165429180,1531165429174,9142008,0.00003105,101.00000000,0
1531165444745,1531165444740,9142009,0.00003106,2255.00000000,1
1531165444781,1531165444780,9142010,0.00003105,238.00000000,1
1531165461289,1531165461282,9142011,0.00003106,7159.00000000,0
1531165472466,1531165472459,9142012,0.00003108,1364.00000000,0
1531165472484,1531165472479,9142013,0.00003106,461.00000000,1
1531165476709,1531165476703,9142014,0.00003106,1978.00000000,1
1531165478132,1531165478126,9142015,0.00003107,2615.00000000,0
1531165478154,1531165478148,9142016,0.00003106,715.00000000,1
1531165478278,1531165478271,9142017,0.00003106,722.00000000,0
1531165486425,1531165486422,9142018,0.00003106,962.00000000,1
1531165494763,1531165494756,9142019,0.00003106,1303.00000000,1
1531165505045,1531165505039,9142020,0.00003107,2290.00000000,0
1531165505057,1531165505052,9142021,0.00003106,911.00000000,1
1531165505090,1531165505069,9142022,0.00003106,807.00000000,1
1531165505535,1531165505528,9142023,0.00003109,91.00000000,0
1531165505535,1531165505528,9142024,0.00003110,1097.00000000,0
1531165505535,1531165505528,9142025,0.00003112,3.00000000,0
1531165508838,1531165508832,9142026,0.00003111,8.00000000,0
1531165516342,1531165516337,9142027,0.00003108,4372.00000000,0
1531165516356,1531165516351,9142028,0.00003106,1749.00000000,1
1531165516711,1531165516707,9142029,0.00003111,8.00000000,0
1531165540277,1531165540271,9142030,0.00003106,73.00000000,1
1531165541283,1531165541277,9142031,0.00003106,465.00000000,0
1531165553901,1531165553896,9142032,0.00003106,1785.00000000,1
1531165553917,1531165553911,9142033,0.00003106,873.00000000,1
1531165560967,1531165560962,9142034,0.00003106,1198.00000000,1
1531165560983,1531165560978,9142035,0.00003106,2275.00000000,0
1531165560993,1531165560986,9142036,0.00003106,1198.00000000,1
1531165577598,1531165577592,9142037,0.00003107,543.00000000,0
1531165577617,1531165577612,9142038,0.00003106,1002.00000000,1
1531165577647,1531165577640,9142039,0.00003106,190.00000000,1
1531165583521,1531165583516,9142040,0.00003107,307.00000000,0
1531165583531,1531165583526,9142041,0.00003106,974.00000000,1
1531165583559,1531165583552,9142042,0.00003106,206.00000000,1
1531165596036,1531165596031,9142043,0.00003107,400.00000000,1
1531165599461,1531165599454,9142044,0.00003107,1129.00000000,1
1531165601464,1531165601458,9142045,0.00003106,75.00000000,1
1531165608203,1531165608198,9142046,0.00003107,400.00000000,0
1531165608969,1531165608962,9142047,0.00003107,300.00000000,1
1531165621020,1531165621018,9142048,0.00003108,200.00000000,1
1531165623893,1531165623887,9142049,0.00003109,4039.00000000,0
1531165623906,1531165623899,9142050,0.00003108,3886.00000000,1
1531165623924,1531165623919,9142051,0.00003108,1636.00000000,1
1531165623948,1531165623943,9142052,0.00003107,829.00000000,1
1531165626302,1531165626299,9142053,0.00003107,700.00000000,0
1531165632485,1531165632478,9142054,0.00003108,7884.00000000,0
1531165632500,1531165632494,9142055,0.00003107,3197.00000000,1
1531165632522,1531165632516,9142056,0.00003107,3286.00000000,1
1531165644918,1531165644911,9142057,0.00003108,1469.00000000,0
1531165644933,1531165644928,9142058,0.00003107,1246.00000000,1
1531165657096,1531165657091,9142059,0.00003108,2415.00000000,0
1531165657104,1531165657097,9142060,0.00003107,1859.00000000,1
1531165666303,1531165666301,9142061,0.00003107,121.00000000,0
1531165672806,1531165672799,9142062,0.00003108,1268.00000000,0
1531165672819,1531165672814,9142063,0.00003107,803.00000000,1
1531165685758,1531165685752,9142064,0.00003109,6588.00000000,0
1531165685776,1531165685771,9142065,0.00003108,2459.00000000,1
1531165702028,1531165702026,9142066,0.00003109,100.00000000,1
1531165703672,1531165703666,9142067,0.00003109,100.00000000,1
1531165705249,1531165705243,9142068,0.00003109,1312.00000000,1
1531165705257,1531165705252,9142069,0.00003109,713.00000000,0
1531165705267,1531165705262,9142070,0.00003109,1312.00000000,1
1531165709924,1531165709919,9142071,0.00003108,225.00000000,1
1531165715780,1531165715775,9142072,0.00003106,1299.00000000,1
1531165753228,1531165753224,9142073,0.00003106,65.00000000,1
1531165753811,1531165753806,9142074,0.00003107,13.00000000,0
1531165757941,1531165757936,9142075,0.00003108,1752.00000000,1
1531165757958,1531165757953,9142076,0.00003108,1536.00000000,0
1531165757971,1531165757966,9142077,0.00003108,155.00000000,1
1531165757999,1531165757994,9142078,0.00003108,1597.00000000,1
1531165762492,1531165762486,9142079,0.00003108,1125.00000000,1
1531165762506,1531165762499,9142080,0.00003108,1168.00000000,0
1531165762525,1531165762518,9142081,0.00003108,1125.00000000,1
1531165779521,1531165779515,9142082,0.00003108,1093.00000000,1
1531165779536,1531165779530,9142083,0.00003108,699.00000000,0
1531165779555,1531165779549,9142084,0.00003108,1093.00000000,1
1531165792176,1531165792171,9142085,0.00003109,39.00000000,0
1531165795201,1531165795195,9142086,0.00003110,461.00000000,0
1531165798257,1531165798250,9142087,0.00003111,172.00000000,0
1531165799879,1531165799873,9142088,0.00003108,1606.00000000,1
1531165799899,1531165799894,9142089,0.00003108,993.00000000,1
1531165801239,1531165801232,9142090,0.00003112,305.00000000,0
1531165801577,1531165801572,9142091,0.00003112,109.00000000,0
1531165801577,1531165801572,9142092,0.00003113,474.00000000,0
1531165804464,1531165804459,9142093,0.00003108,371.00000000,1
1531165817847,1531165817842,9142094,0.00003109,56.00000000,1
1531165818589,1531165818583,9142095,0.00003109,1713.00000000,1
1531165818610,1531165818605,9142096,0.00003109,1886.00000000,1
1531165819053,1531165819050,9142097,0.00003108,56.00000000,1
1531165819146,1531165819140,9142098,0.00003109,56.00000000,0
1531165822609,1531165822604,9142099,0.00003110,100.00000000,1
1531165823965,1531165823959,9142100,0.00003110,200.00000000,1
1531165824513,1531165824509,9142101,0.00003110,800.00000000,1
1531165825101,1531165825095,9142102,0.00003111,3062.00000000,0
1531165825117,1531165825112,9142103,0.00003110,1235.00000000,1
1531165839580,1531165839574,9142104,0.00003109,1044.00000000,1
1531165839592,1531165839586,9142105,0.00003109,573.00000000,0
1531165839602,1531165839600,9142106,0.00003109,81.00000000,1
1531165839625,1531165839618,9142107,0.00003109,963.00000000,1
1531165839647,1531165839642,9142108,0.00003110,633.00000000,0
1531165849285,1531165849279,9142109,0.00003110,1868.00000000,1
1531165864377,1531165864373,9142110,0.00003110,5326.00000000,0
1531165864391,1531165864387,9142111,0.00003109,1916.00000000,1
1531165869778,1531165869771,9142112,0.00003110,5673.00000000,0
1531165869794,1531165869790,9142113,0.00003109,1930.00000000,1
1531165877582,1531165877577,9142114,0.00003110,4531.00000000,0
1531165877599,1531165877594,9142115,0.00003109,1574.00000000,1
1531165883174,1531165883168,9142116,0.00003109,1828.00000000,1
1531165891714,1531165891709,9142117,0.00003110,595.00000000,1
1531165895314,1531165895308,9142118,0.00003110,1864.00000000,1
1531165913506,1531165913502,9142119,0.00003111,2341.00000000,0
1531165913520,1531165913514,9142120,0.00003110,1952.00000000,1
1531165919919,1531165919890,9142121,0.00003110,197.00000000,1
1531165919922,1531165919916,9142122,0.00003110,1183.00000000,1
1531165927920,1531165927915,9142123,0.00003110,81.00000000,1
1531165931132,1531165931127,9142124,0.00003111,2112.00000000,0
1531165931147,1531165931140,9142125,0.00003110,988.00000000,1
1531165931164,1531165931159,9142126,0.00003110,1876.00000000,1
1531165931173,1531165931171,9142127,0.00003110,81.00000000,0
1531165940420,1531165940416,9142128,0.00003110,1173.00000000,1
1531165940432,1531165940425,9142129,0.00003110,1712.00000000,1
1531165944390,1531165944386,9142130,0.00003111,829.00000000,0
1531165944402,1531165944397,9142131,0.00003110,1752.00000000,1
1531165944421,1531165944415,9142132,0.00003111,388.00000000,1
1531165954381,1531165954373,9142133,0.00003112,56.00000000,0
1531165957482,1531165957478,9142134,0.00003111,3161.00000000,0
1531165957491,1531165957486,9142135,0.00003110,1176.00000000,1
1531165957511,1531165957507,9142136,0.00003111,1138.00000000,1
1531165973510,1531165973504,9142137,0.00003111,2365.00000000,0
1531165973521,1531165973515,9142138,0.00003110,1740.00000000,1
1531165978503,1531165978499,9142139,0.00003111,4070.00000000,0
1531165978513,1531165978508,9142140,0.00003111,1271.00000000,1
1531165984730,1531165984724,9142141,0.00003112,326.00000000,1
1531165989581,1531165989575,9142142,0.00003112,1875.00000000,1
1531165989594,1531165989587,9142143,0.00003112,2886.00000000,0
1531165989608,1531165989602,9142144,0.00003112,1875.00000000,1
1531166002196,1531166002190,9142145,0.00003113,2846.00000000,0
1531166004299,1531166004295,9142146,0.00003110,148.00000000,1
1531166010228,1531166010222,9142147,0.00003109,535.00000000,1
1531166010228,1531166010222,9142148,0.00003108,134.00000000,1
1531166010228,1531166010222,9142149,0.00003107,3178.00000000,1
1531166010228,1531166010222,9142150,0.00003106,2895.00000000,1
1531166015083,1531166015076,9142151,0.00003109,165.00000000,0
1531166015099,1531166015094,9142152,0.00003107,1142.00000000,1
1531166015115,1531166015110,9142153,0.00003107,78.00000000,1
1531166021481,1531166021475,9142154,0.00003106,344.00000000,1
1531166022410,1531166022403,9142155,0.00003112,950.00000000,0
1531166022420,1531166022414,9142156,0.00003112,319.00000000,0
1531166022430,1531166022425,9142157,0.00003112,102.00000000,0
1531166022431,1531166022425,9142158,0.00003112,950.00000000,0
1531166022900,1531166022894,9142159,0.00003112,979.00000000,0
1531166022900,1531166022894,9142160,0.00003113,757.00000000,0
1531166026731,1531166026724,9142161,0.00003107,664.00000000,1
1531166026742,1531166026737,9142162,0.00003107,282.00000000,1
1531166033450,1531166033445,9142163,0.00003110,5150.00000000,0
1531166033461,1531166033456,9142164,0.00003110,1895.00000000,1
1531166046563,1531166046557,9142165,0.00003112,278.00000000,0
1531166050428,1531166050422,9142166,0.00003111,1530.00000000,1
1531166050449,1531166050443,9142167,0.00003111,1499.00000000,0
1531166050460,1531166050456,9142168,0.00003111,1530.00000000,1
1531166050483,1531166050478,9142169,0.00003110,3255.00000000,1
1531166053467,1531166053461,9142170,0.00003110,1.00000000,0
1531166058376,1531166058370,9142171,0.00003107,950.00000000,1
1531166058403,1531166058397,9142172,0.00003107,1816.00000000,1
1531166058423,1531166058419,9142173,0.00003110,1894.00000000,0
1531166071418,1531166071413,9142174,0.00003111,897.00000000,1
1531166071440,1531166071434,9142175,0.00003110,3256.00000000,1
1531166071473,1531166071466,9142176,0.00003110,873.00000000,0
1531166071795,1531166071789,9142177,0.00003110,1021.00000000,0
1531166083790,1531166083784,9142178,0.00003110,3494.00000000,0
1531166083807,1531166083802,9142179,0.00003110,1839.00000000,1
1531166099204,1531166099197,9142180,0.00003111,1059.00000000,1
1531166099219,1531166099213,9142181,0.00003111,1693.00000000,0
1531166099238,1531166099233,9142182,0.00003111,1059.00000000,1
1531166105648,1531166105641,9142183,0.00003112,672.00000000,0
1531166105648,1531166105641,9142184,0.00003113,4841.00000000,0
1531166105648,1531166105641,9142185,0.00003114,48.00000000,0
1531166105648,1531166105641,9142186,0.00003115,1030.00000000,0
1531166106140,1531166106133,9142187,0.00003115,343.00000000,0
1531166107630,1531166107625,9142188,0.00003113,716.00000000,0
1531166107643,1531166107636,9142189,0.00003111,428.00000000,1
1531166107667,1531166107662,9142190,0.00003111,560.00000000,1
1531166111106,1531166111100,9142191,0.00003110,1190.00000000,1
1531166111106,1531166111100,9142192,0.00003106,901.00000000,1
1531166111106,1531166111100,9142193,0.00003105,5638.00000000,1
1531166114387,1531166114383,9142194,0.00003111,80.00000000,0
1531166114387,1531166114383,9142195,0.00003112,160.00000000,0
1531166114847,1531166114842,9142196,0.00003112,112.00000000,0
1531166114879,1531166114875,9142197,0.00003112,28.00000000,0
1531166114879,1531166114875,9142198,0.00003114,38.00000000,0
1531166114898,1531166114894,9142199,0.00003114,94.00000000,0
1531166115880,1531166115875,9142200,0.00003114,66.00000000,0
1531166115903,1531166115897,9142201,0.00003114,74.00000000,0
1531166116805,1531166116801,9142202,0.00003115,321.00000000,0
1531166125705,1531166125700,9142203,0.00003112,1687.00000000,0
1531166125721,1531166125716,9142204,0.00003110,917.00000000,1
1531166132321,1531166132314,9142205,0.00003112,992.00000000,0
1531166132335,1531166132331,9142206,0.00003110,720.00000000,1
1531166144012,1531166144005,9142207,0.00003115,97.00000000,0
1531166145657,1531166145652,9142208,0.00003112,60.00000000,0
1531166145671,1531166145665,9142209,0.00003110,34.00000000,1
1531166159388,1531166159382,9142210,0.00003112,377.00000000,0
1531166159403,1531166159398,9142211,0.00003110,247.00000000,1
1531166159420,1531166159415,9142212,0.00003110,220.00000000,1
1531166159929,1531166159922,9142213,0.00003106,200.00000000,1
1531166191942,1531166191936,9142214,0.00003111,1576.00000000,1
1531166205664,1531166205657,9142215,0.00003111,2396.00000000,1
1531166205687,1531166205681,9142216,0.00003111,1272.00000000,1
1531166209876,1531166209869,9142217,0.00003114,80.00000000,0
1531166209876,1531166209869,9142218,0.00003115,241.00000000,0
1531166211219,1531166211218,9142219,0.00003111,128.00000000,1
1531166214086,1531166214082,9142220,0.00003111,1503.00000000,1
1531166214106,1531166214100,9142221,0.00003111,2582.00000000,1
1531166214136,1531166214131,9142222,0.00003111,128.00000000,0
1531166220062,1531166220057,9142223,0.00003111,2771.00000000,1
1531166237286,1531166237280,9142224,0.00003115,726.00000000,0
1531166244888,1531166244883,9142225,0.00003111,1397.00000000,1
1531166244907,1531166244901,9142226,0.00003111,2730.00000000,1
1531166249948,1531166249943,9142227,0.00003113,2463.00000000,0
1531166249960,1531166249956,9142228,0.00003111,2443.00000000,1
1531166249980,1531166249975,9142229,0.00003111,2325.00000000,1
1531166250554,1531166250551,9142230,0.00003115,300.00000000,0
1531166258620,1531166258613,9142231,0.00003115,35.00000000,0
1531166266196,1531166266161,9142232,0.00003112,3048.00000000,1
1531166266196,1531166266187,9142233,0.00003112,2993.00000000,1
1531166273156,1531166273150,9142234,0.00003112,58.00000000,1
1531166273379,1531166273374,9142235,0.00003113,2668.00000000,0
1531166273396,1531166273390,9142236,0.00003112,2187.00000000,1
1531166273417,1531166273415,9142237,0.00003112,1610.00000000,1
1531166275882,1531166275875,9142238,0.00003111,2000.00000000,1
1531166275882,1531166275875,9142239,0.00003108,80.00000000,1
1531166275882,1531166275875,9142240,0.00003105,420.00000000,1
1531166277221,1531166277216,9142241,0.00003112,138.00000000,0
1531166278549,1531166278544,9142242,0.00003115,1.00000000,0
1531166284748,1531166284746,9142243,0.00003112,3009.00000000,0
1531166284763,1531166284757,9142244,0.00003110,2894.00000000,1
1531166289227,1531166289224,9142245,0.00003114,300.00000000,0
1531166290256,1531166290248,9142246,0.00003115,66.00000000,0
1531166290265,1531166290257,9142247,0.00003115,66.00000000,0
1531166290288,1531166290283,9142248,0.00003115,66.00000000,0
1531166290317,1531166290311,9142249,0.00003115,102.00000000,0
1531166292236,1531166292230,9142250,0.00003114,300.00000000,0
1531166293276,1531166293269,9142251,0.00003115,66.00000000,0
1531166293311,1531166293311,9142252,0.00003115,102.00000000,0
1531166293342,1531166293336,9142253,0.00003115,66.00000000,0
1531166294262,1531166294257,9142254,0.00003115,66.00000000,0
1531166297257,1531166297252,9142255,0.00003111,1245.00000000,0
1531166300101,1531166300100,9142256,0.00003115,1.00000000,0
1531166311708,1531166311694,9142257,0.00003108,1426.00000000,1
1531166314449,1531166314446,9142258,0.00003115,1.00000000,0
1531166325403,1531166325361,9142259,0.00003112,3184.00000000,0
1531166325403,1531166325370,9142260,0.00003110,175.00000000,1
1531166325403,1531166325392,9142261,0.00003110,1625.00000000,1
1531166333565,1531166333560,9142262,0.00003113,479.00000000,0
1531166333582,1531166333576,9142263,0.00003111,375.00000000,1
1531166345145,1531166345141,9142264,0.00003113,3919.00000000,0
1531166345157,1531166345151,9142265,0.00003112,1782.00000000,1
1531166347209,1531166347202,9142266,0.00003111,438.00000000,1
1531166347209,1531166347202,9142267,0.00003110,80.00000000,1
1531166347209,1531166347202,9142268,0.00003107,182.00000000,1
1531166357443,1531166357437,9142269,0.00003111,1474.00000000,1
1531166378963,1531166378958,9142270,0.00003111,729.00000000,0
1531166378980,1531166378975,9142271,0.00003109,474.00000000,1
1531166387011,1531166387004,9142272,0.00003110,779.00000000,0
1531166387024,1531166387019,9142273,0.00003108,828.00000000,1
1531166387051,1531166387046,9142274,0.00003108,610.00000000,1
1531166399917,1531166399910,9142275,0.00003108,912.00000000,1
1531166399937,1531166399931,9142276,0.00003108,651.00000000,1
1531166404178,1531166404171,9142277,0.00003107,633.00000000,1
1531166404703,1531166404701,9142278,0.00003114,80.00000000,0
1531166404703,1531166404701,9142279,0.00003115,466.00000000,0
1531166411299,1531166411292,9142280,0.00003110,5898.00000000,0
1531166411318,1531166411312,9142281,0.00003109,1993.00000000,1
1531166412492,1531166412484,9142282,0.00003111,6360.00000000,0
1531166424947,1531166424940,9142283,0.00003110,786.00000000,0
1531166424964,1531166424958,9142284,0.00003109,410.00000000,1
1531166428983,1531166428977,9142285,0.00003111,15830.00000000,0
1531166432742,1531166432736,9142286,0.00003110,283.00000000,0
1531166432755,1531166432752,9142287,0.00003109,253.00000000,1
1531166439460,1531166439459,9142288,0.00003110,107.00000000,0
1531166439460,1531166439459,9142289,0.00003111,506.00000000,0
1531166439473,1531166439469,9142290,0.00003110,86.00000000,1
1531166443433,1531166443428,9142291,0.00003110,21.00000000,1
1531166443433,1531166443428,9142292,0.00003108,49.00000000,1
1531166448693,1531166448685,9142293,0.00003111,55127.00000000,0
1531166450448,1531166450441,9142294,0.00003109,1296.00000000,1
1531166460621,1531166460615,9142295,0.00003110,3925.00000000,0
1531166460634,1531166460628,9142296,0.00003109,1673.00000000,1
1531166460649,1531166460644,9142297,0.00003109,1522.00000000,1
1531166473914,1531166473909,9142298,0.00003110,4592.00000000,0
1531166473926,1531166473920,9142299,0.00003109,1689.00000000,1
1531166473949,1531166473946,9142300,0.00003110,1898.00000000,1
1531166478481,1531166478475,9142301,0.00003110,931.00000000,1
1531166490934,1531166490928,9142302,0.00003111,62.00000000,1
1531166492424,1531166492418,9142303,0.00003112,3690.00000000,0
1531166492439,1531166492433,9142304,0.00003111,308.00000000,1
1531166492461,1531166492454,9142305,0.00003111,1631.00000000,1
1531166503797,1531166503791,9142306,0.00003107,361.00000000,1
1531166503797,1531166503791,9142307,0.00003106,4139.00000000,1
1531166504604,1531166504597,9142308,0.00003108,613.00000000,0
1531166504613,1531166504608,9142309,0.00003111,62.00000000,0
1531166518871,1531166518870,9142310,0.00003114,437.00000000,0
1531166518881,1531166518877,9142311,0.00003114,1.00000000,0
1531166518881,1531166518877,9142312,0.00003115,437.00000000,0
1531166520605,1531166520599,9142313,0.00003112,201.00000000,1
1531166521993,1531166521991,9142314,0.00003111,437.00000000,1
1531166524303,1531166524297,9142315,0.00003111,1194.00000000,1
1531166530394,1531166530386,9142316,0.00003109,438.00000000,0
1531166535238,1531166535234,9142317,0.00003109,940.00000000,0
1531166535248,1531166535243,9142318,0.00003108,692.00000000,1
1531166535266,1531166535260,9142319,0.00003108,724.00000000,1
1531166535288,1531166535284,9142320,0.00003111,548.00000000,0
1531166536432,1531166536431,9142321,0.00003111,1144.00000000,1
1531166551743,1531166551736,9142322,0.00003112,719.00000000,1
1531166551759,1531166551752,9142323,0.00003112,1330.00000000,1
1531166551776,1531166551771,9142324,0.00003111,1.00000000,1
1531166552231,1531166552225,9142325,0.00003111,1692.00000000,0
1531166555852,1531166555845,9142326,0.00003112,200.00000000,0
1531166570587,1531166570582,9142327,0.00003116,8.00000000,0
1531166579613,1531166579610,9142328,0.00003114,346.00000000,1
1531166579633,1531166579628,9142329,0.00003114,1156.00000000,1
1531166590068,1531166590063,9142330,0.00003115,307.00000000,0
1531166597155,1531166597149,9142331,0.00003114,59.00000000,1
1531166597176,1531166597170,9142332,0.00003114,1339.00000000,1
1531166602144,1531166602138,9142333,0.00003114,1291.00000000,1
1531166602166,1531166602162,9142334,0.00003114,33.00000000,1
1531166602214,1531166602208,9142335,0.00003115,100.00000000,0
1531166619439,1531166619433,9142336,0.00003114,1093.00000000,1
1531166619450,1531166619445,9142337,0.00003114,581.00000000,1
1531166629017,1531166629014,9142338,0.00003114,1156.00000000,1
1531166629026,1531166629020,9142339,0.00003114,993.00000000,0
1531166629043,1531166629037,9142340,0.00003114,1156.00000000,1
1531166639169,1531166639162,9142341,0.00003114,782.00000000,1
1531166639180,1531166639175,9142342,0.00003114,359.00000000,0
1531166639221,1531166639186,9142343,0.00003114,50.00000000,1
1531166639221,1531166639202,9142344,0.00003114,732.00000000,1
1531166651063,1531166651058,9142345,0.00003114,426.00000000,1
1531166657129,1531166657123,9142346,0.00003114,2952.00000000,1
1531166657142,1531166657135,9142347,0.00003114,1430.00000000,0
1531166657159,1531166657152,9142348,0.00003114,1046.00000000,1
1531166657174,1531166657168,9142349,0.00003114,1906.00000000,1
1531166667961,1531166667954,9142350,0.00003114,2743.00000000,1
1531166667976,1531166667971,9142351,0.00003114,2807.00000000,0
1531166667986,1531166667980,9142352,0.00003114,802.00000000,1
1531166668001,1531166667995,9142353,0.00003114,1941.00000000,1
1531166673204,1531166673199,9142354,0.00003113,100.00000000,1
1531166678404,1531166678399,9142355,0.00003114,12382.00000000,1
1531166678421,1531166678416,9142356,0.00003114,2047.00000000,1
1531166694052,1531166694049,9142357,0.00003115,100.00000000,0
1531166706446,1531166706441,9142358,0.00003114,63.00000000,1
1531166714383,1531166714376,9142359,0.00003114,87.00000000,1
1531166714383,1531166714376,9142360,0.00003113,13.00000000,1
1531166724715,1531166724709,9142361,0.00003114,2129.00000000,1
1531166724730,1531166724724,9142362,0.00003114,12259.00000000,1
1531166730349,1531166730345,9142363,0.00003114,10402.00000000,1
1531166730364,1531166730358,9142364,0.00003114,12064.00000000,0
1531166730380,1531166730375,9142365,0.00003114,10402.00000000,1
1531166738774,1531166738768,9142366,0.00003114,5184.00000000,1
1531166738792,1531166738787,9142367,0.00003114,11706.00000000,1
1531166753525,1531166753520,9142368,0.00003114,3121.00000000,1
1531166753550,1531166753543,9142369,0.00003114,3774.00000000,1
1531166753571,1531166753567,9142370,0.00003114,1055.00000000,1
1531166755261,1531166755255,9142371,0.00003115,100.00000000,0
1531166760561,1531166760555,9142372,0.00003115,321.00000000,0
1531166771385,1531166771384,9142373,0.00003114,4874.00000000,1
1531166771412,1531166771406,9142374,0.00003114,12085.00000000,1
1531166796908,1531166796903,9142375,0.00003113,100.00000000,1
1531166818931,1531166818925,9142376,0.00003113,135.00000000,1
1531166822457,1531166822454,9142377,0.00003113,53.00000000,1
1531166837692,1531166837687,9142378,0.00003113,5220.00000000,1
1531166837692,1531166837687,9142379,0.00003111,50.00000000,1
1531166837692,1531166837687,9142380,0.00003110,880.00000000,1
1531166838048,1531166838042,9142381,0.00003114,575.00000000,0
1531166843232,1531166843225,9142382,0.00003114,80.00000000,0
1531166843232,1531166843225,9142383,0.00003115,20.00000000,0
1531166846797,1531166846791,9142384,0.00003110,337.00000000,1
1531166858598,1531166858593,9142385,0.00003113,1633.00000000,0
1531166858605,1531166858600,9142386,0.00003111,1108.00000000,1
1531166858622,1531166858617,9142387,0.00003111,1433.00000000,1
1531166866014,1531166866008,9142388,0.00003110,100.00000000,1
1531166871045,1531166871040,9142389,0.00003111,2161.00000000,1
1531166883794,1531166883789,9142390,0.00003113,63.00000000,0
1531166883809,1531166883802,9142391,0.00003111,33.00000000,1
1531166892783,1531166892777,9142392,0.00003111,2549.00000000,1
1531166892802,1531166892797,9142393,0.00003111,447.00000000,1
1531166896615,1531166896608,9142394,0.00003115,124.00000000,0
1531166905095,1531166905089,9142395,0.00003113,3433.00000000,0
1531166905105,1531166905099,9142396,0.00003111,2146.00000000,1
1531166910866,1531166910863,9142397,0.00003111,633.00000000,0
1531166910866,1531166910863,9142398,0.00003115,798.00000000,0
1531166921514,1531166921507,9142399,0.00003115,1.00000000,0
1531166926497,1531166926492,9142400,0.00003113,2111.00000000,0
1531166926506,1531166926500,9142401,0.00003111,819.00000000,1
1531166938143,1531166938137,9142402,0.00003113,2583.00000000,0
1531166938150,1531166938145,9142403,0.00003111,1904.00000000,1
1531166938170,1531166938165,9142404,0.00003111,1068.00000000,1
1531166942113,1531166942106,9142405,0.00003115,321.00000000,0
1531166943851,1531166943845,9142406,0.00003111,434.00000000,1
1531166943851,1531166943845,9142407,0.00003110,412.00000000,1
1531166950106,1531166950101,9142408,0.00003113,4776.00000000,0
1531166950115,1531166950110,9142409,0.00003111,1896.00000000,1
1531166954332,1531166954326,9142410,0.00003111,1675.00000000,1
1531166964853,1531166964846,9142411,0.00003111,1158.00000000,1
1531166980088,1531166980082,9142412,0.00003111,97.00000000,1
1531166980100,1531166980093,9142413,0.00003110,349.00000000,1
1531166989105,1531166989099,9142414,0.00003111,450.00000000,1
1531166993043,1531166993039,9142415,0.00003113,3984.00000000,0
1531166993057,1531166993050,9142416,0.00003111,1345.00000000,1
1531166996883,1531166996877,9142417,0.00003111,450.00000000,0
1531166996883,1531166996877,9142418,0.00003115,88.00000000,0
1531167018299,1531167018293,9142419,0.00003111,540.00000000,1
1531167018836,1531167018831,9142420,0.00003114,537.00000000,0
1531167021716,1531167021710,9142421,0.00003114,130.00000000,0
1531167023811,1531167023806,9142422,0.00003112,974.00000000,0
1531167023827,1531167023822,9142423,0.00003111,696.00000000,1
1531167023840,1531167023835,9142424,0.00003111,428.00000000,1
1531167030642,1531167030640,9142425,0.00003114,1604.00000000,0
1531167030670,1531167030665,9142426,0.00003114,239.00000000,0
1531167030696,1531167030690,9142427,0.00003114,383.00000000,0
1531167039890,1531167039886,9142428,0.00003111,19702.00000000,1
1531167041831,1531167041826,9142429,0.00003114,585.00000000,0
1531167041839,1531167041837,9142430,0.00003114,585.00000000,0
1531167044041,1531167044035,9142431,0.00003112,8186.00000000,1
1531167044960,1531167044954,9142432,0.00003110,585.00000000,1
1531167046327,1531167046322,9142433,0.00003114,272.00000000,0
1531167059607,1531167059606,9142434,0.00003111,8443.00000000,1
1531167066374,1531167066371,9142435,0.00003111,7072.00000000,1
1531167066383,1531167066382,9142436,0.00003111,332.00000000,1
1531167066394,1531167066388,9142437,0.00003111,17737.00000000,1
1531167077838,1531167077833,9142438,0.00003111,955.00000000,1
1531167085425,1531167085420,9142439,0.00003111,12912.00000000,1
1531167099604,1531167099598,9142440,0.00003111,19065.00000000,1
1531167099629,1531167099622,9142441,0.00003111,733.00000000,1
1531167103310,1531167103303,9142442,0.00003112,552.00000000,0
1531167103322,1531167103322,9142443,0.00003111,461.00000000,1
1531167104878,1531167104872,9142444,0.00003114,145.00000000,0
1531167119170,1531167119165,9142445,0.00003111,7737.00000000,1
1531167119184,1531167119178,9142446,0.00003111,17536.00000000,1
1531167128199,1531167128198,9142447,0.00003112,302.00000000,0
1531167128214,1531167128208,9142448,0.00003111,146.00000000,1
1531167137615,1531167137610,9142449,0.00003111,2188.00000000,1
1531167137643,1531167137637,9142450,0.00003111,16774.00000000,1
1531167152814,1531167152809,9142451,0.00003112,3188.00000000,0
1531167152825,1531167152820,9142452,0.00003111,1480.00000000,1
1531167152848,1531167152841,9142453,0.00003111,1199.00000000,1
1531167159182,1531167159175,9142454,0.00003111,117.00000000,1
1531167164873,1531167164872,9142455,0.00003112,1099.00000000,0
1531167164890,1531167164885,9142456,0.00003111,573.00000000,1
1531167171071,1531167171065,9142457,0.00003111,520.00000000,0
1531167180064,1531167180057,9142458,0.00003111,1466.00000000,1
1531167180084,1531167180079,9142459,0.00003111,914.00000000,1
1531167184978,1531167184972,9142460,0.00003113,779.00000000,0
1531167184990,1531167184984,9142461,0.00003111,1748.00000000,1
1531167185015,1531167185010,9142462,0.00003111,317.00000000,1
1531167190553,1531167190548,9142463,0.00003111,199.00000000,1
1531167190570,1531167190570,9142464,0.00003111,1503.00000000,1
1531167202484,1531167202480,9142465,0.00003113,1702.00000000,0
1531167202499,1531167202494,9142466,0.00003111,792.00000000,1
1531167202523,1531167202518,9142467,0.00003111,626.00000000,1
1531167212800,1531167212794,9142468,0.00003113,1648.00000000,0
1531167212811,1531167212806,9142469,0.00003111,1151.00000000,1
1531167212832,1531167212826,9142470,0.00003111,594.00000000,1
1531167220504,1531167220499,9142471,0.00003113,2074.00000000,0
1531167220516,1531167220510,9142472,0.00003111,663.00000000,1
1531167220528,1531167220525,9142473,0.00003111,1504.00000000,1
1531167232170,1531167232164,9142474,0.00003111,1195.00000000,1
1531167232185,1531167232179,9142475,0.00003111,1451.00000000,1
1531167241426,1531167241421,9142476,0.00003111,1173.00000000,1
1531167250269,1531167250262,9142477,0.00003115,628.00000000,0
1531167250461,1531167250456,9142478,0.00003111,186.00000000,1
1531167250469,1531167250463,9142479,0.00003111,352.00000000,1
1531167251913,1531167251911,9142480,0.00003110,18.00000000,1
1531167264031,1531167264024,9142481,0.00003111,1029.00000000,1
1531167271169,1531167271164,9142482,0.00003113,2014.00000000,0
1531167271177,1531167271171,9142483,0.00003111,1901.00000000,1
1531167271560,1531167271557,9142484,0.00003111,206.00000000,0
1531167272476,1531167272470,9142485,0.00003111,2637.00000000,0
1531167286530,1531167286525,9142486,0.00003111,3165.00000000,1
1531167286542,1531167286535,9142487,0.00003111,1211.00000000,1
1531167292836,1531167292831,9142488,0.00003113,8601.00000000,0
1531167292851,1531167292846,9142489,0.00003111,2967.00000000,1
1531167301768,1531167301761,9142490,0.00003111,74.00000000,1
1531167301778,1531167301772,9142491,0.00003111,4202.00000000,1
1531167301975,1531167301969,9142492,0.00003111,2978.00000000,1
1531167302371,1531167302363,9142493,0.00003111,74.00000000,0
1531167302371,1531167302363,9142494,0.00003115,299.00000000,0
1531167305038,1531167305034,9142495,0.00003110,67.00000000,1
1531167311235,1531167311229,9142496,0.00003113,5413.00000000,0
1531167311249,1531167311246,9142497,0.00003111,2334.00000000,1
1531167316778,1531167316771,9142498,0.00003111,2117.00000000,1
1531167331141,1531167331135,9142499,0.00003111,2993.00000000,1
1531167341460,1531167341454,9142500,0.00003113,1800.00000000,0
1531167341468,1531167341463,9142501,0.00003111,1268.00000000,1
1531167346896,1531167346892,9142502,0.00003111,270.00000000,1
1531167346918,1531167346915,9142503,0.00003111,275.00000000,1
1531167352600,1531167352595,9142504,0.00003111,4104.00000000,1
1531167363961,1531167363954,9142505,0.00003113,2766.00000000,0
1531167363975,1531167363968,9142506,0.00003111,4049.00000000,1
1531167363990,1531167363985,9142507,0.00003111,2065.00000000,1
1531167376959,1531167376954,9142508,0.00003111,3874.00000000,1
1531167388623,1531167388623,9142509,0.00003111,39.00000000,0
1531167403009,1531167403005,9142510,0.00003113,4571.00000000,0
1531167403021,1531167403017,9142511,0.00003111,3113.00000000,1
1531167403041,1531167403035,9142512,0.00003111,2198.00000000,1
1531167419865,1531167419863,9142513,0.00003113,10968.00000000,0
1531167419885,1531167419879,9142514,0.00003112,4941.00000000,1
1531167426758,1531167426755,9142515,0.00003113,799.00000000,0
1531167426765,1531167426759,9142516,0.00003112,3227.00000000,1
1531167426778,1531167426773,9142517,0.00003112,440.00000000,1
1531167435435,1531167435428,9142518,0.00003111,37.00000000,1
1531167442728,1531167442721,9142519,0.00003112,3000.00000000,1
1531167443432,1531167443426,9142520,0.00003112,1411.00000000,1
1531167444850,1531167444844,9142521,0.00003112,6576.00000000,1
1531167456143,1531167456138,9142522,0.00003112,911.00000000,0
1531167479928,1531167479922,9142523,0.00003113,2664.00000000,0
1531167479943,1531167479937,9142524,0.00003112,1120.00000000,1
1531167486020,1531167486015,9142525,0.00003113,17389.00000000,0
1531167486033,1531167486029,9142526,0.00003112,10476.00000000,1
1531167486818,1531167486815,9142527,0.00003115,1250.00000000,0
1531167503657,1531167503650,9142528,0.00003113,1692.00000000,1
1531167505663,1531167505657,9142529,0.00003114,16856.00000000,0
1531167505679,1531167505673,9142530,0.00003113,7470.00000000,1
1531167516523,1531167516517,9142531,0.00003112,102.00000000,1
1531167516537,1531167516532,9142532,0.00003112,1136.00000000,0
1531167516546,1531167516540,9142533,0.00003113,1692.00000000,0
1531167519027,1531167519021,9142534,0.00003113,153.00000000,1
1531167525428,1531167525421,9142535,0.00003114,12582.00000000,1
1531167525482,1531167525476,9142536,0.00003113,7317.00000000,1
1531167525504,1531167525499,9142537,0.00003112,102.00000000,1
1531167535239,1531167535233,9142538,0.00003111,666.00000000,1
1531167535253,1531167535247,9142539,0.00003111,22726.00000000,0
1531167535268,1531167535261,9142540,0.00003112,1136.00000000,0
1531167543508,1531167543477,9142541,0.00003111,6755.00000000,1
1531167543508,1531167543496,9142542,0.00003111,10128.00000000,1
1531167555611,1531167555605,9142543,0.00003111,246.00000000,1
1531167557666,1531167557660,9142544,0.00003113,2627.00000000,0
1531167557681,1531167557676,9142545,0.00003111,2060.00000000,1
1531167571873,1531167571868,9142546,0.00003111,246.00000000,0
1531167580897,1531167580891,9142547,0.00003113,2538.00000000,0
1531167580914,1531167580908,9142548,0.00003112,9748.00000000,1
1531167580930,1531167580926,9142549,0.00003112,1282.00000000,1
1531167580953,1531167580948,9142550,0.00003111,2060.00000000,1
1531167580984,1531167580978,9142551,0.00003111,246.00000000,0
1531167582663,1531167582656,9142552,0.00003115,295.00000000,0
1531167582663,1531167582656,9142553,0.00003116,221.00000000,0
1531167582712,1531167582706,9142554,0.00003110,229.00000000,1
1531167593874,1531167593868,9142555,0.00003111,8128.00000000,1
1531167593903,1531167593898,9142556,0.00003111,10927.00000000,1
1531167605705,1531167605700,9142557,0.00003114,1905.00000000,0
1531167605720,1531167605714,9142558,0.00003112,640.00000000,1
1531167606443,1531167606437,9142559,0.00003116,665.00000000,0
1531167617890,1531167617883,9142560,0.00003112,5608.00000000,1
1531167617901,1531167617895,9142561,0.00003112,10724.00000000,1
1531167632887,1531167632883,9142562,0.00003112,20048.00000000,1
1531167639101,1531167639096,9142563,0.00003111,1.00000000,1
1531167659823,1531167659817,9142564,0.00003112,858.00000000,0
1531167666768,1531167666765,9142565,0.00003111,98.00000000,1
1531167666768,1531167666765,9142566,0.00003110,442.00000000,1
1531167667985,1531167667984,9142567,0.00003111,9529.00000000,1
1531167668173,1531167668167,9142568,0.00003110,39.00000000,1
1531167691853,1531167691847,9142569,0.00003110,6523.00000000,1
1531167712263,1531167712258,9142570,0.00003110,8990.00000000,1
1531167719833,1531167719828,9142571,0.00003110,1468.00000000,0
1531167719852,1531167719848,9142572,0.00003111,25415.00000000,0
1531167724786,1531167724783,9142573,0.00003112,24805.00000000,0
1531167724804,1531167724799,9142574,0.00003112,8576.00000000,1
1531167724814,1531167724807,9142575,0.00003109,998.00000000,1
1531167724814,1531167724807,9142576,0.00003107,7578.00000000,1
1531167729297,1531167729292,9142577,0.00003111,7314.00000000,0
1531167729312,1531167729307,9142578,0.00003109,5379.00000000,1
1531167738115,1531167738110,9142579,0.00003113,26865.00000000,0
1531167749406,1531167749401,9142580,0.00003108,2448.00000000,1
1531167749414,1531167749410,9142581,0.00003108,224.00000000,1
1531167755415,1531167755409,9142582,0.00003114,99.00000000,0
1531167755415,1531167755409,9142583,0.00003115,140.00000000,0
1531167762448,1531167762442,9142584,0.00003114,656.00000000,1
1531167766091,1531167766085,9142585,0.00003114,20239.00000000,1
1531167766110,1531167766104,9142586,0.00003114,7597.00000000,1
1531167766128,1531167766122,9142587,0.00003114,15157.00000000,1
1531167766700,1531167766695,9142588,0.00003114,63.00000000,0
1531167770903,1531167770896,9142589,0.00003114,593.00000000,0
1531167770903,1531167770896,9142590,0.00003115,5134.00000000,0
1531167770903,1531167770896,9142591,0.00003116,4273.00000000,0
1531167786527,1531167786526,9142592,0.00003114,18059.00000000,1
1531167808596,1531167808591,9142593,0.00003115,3404.00000000,1
1531167808613,1531167808609,9142594,0.00003115,816.00000000,0
1531167808627,1531167808621,9142595,0.00003115,3404.00000000,1
1531167826536,1531167826530,9142596,0.00003115,7764.00000000,1
1531167826551,1531167826545,9142597,0.00003115,11333.00000000,0
1531167826568,1531167826565,9142598,0.00003115,7764.00000000,1
1531167831523,1531167831517,9142599,0.00003115,2984.00000000,1
1531167840063,1531167840057,9142600,0.00003114,17821.00000000,1
1531167840085,1531167840083,9142601,0.00003115,9030.00000000,0
1531167848719,1531167848713,9142602,0.00003115,13708.00000000,1
1531167848734,1531167848728,9142603,0.00003115,7077.00000000,0
1531167848748,1531167848746,9142604,0.00003115,33.00000000,1
1531167848768,1531167848762,9142605,0.00003115,13675.00000000,1
1531167848789,1531167848787,9142606,0.00003114,17821.00000000,1
1531167863659,1531167863654,9142607,0.00003115,1020.00000000,1
1531167866037,1531167866031,9142608,0.00003115,4850.00000000,1
1531167872959,1531167872953,9142609,0.00003114,2011.00000000,1
1531167874292,1531167874285,9142610,0.00003114,2512.00000000,1
1531167874325,1531167874320,9142611,0.00003115,1020.00000000,0
1531167877171,1531167877166,9142612,0.00003115,4850.00000000,1
1531167877171,1531167877166,9142613,0.00003114,12207.00000000,1
1531167880532,1531167880529,9142614,0.00003116,1640.00000000,0
1531167891266,1531167891263,9142615,0.00003118,5.00000000,0
1531167893643,1531167893638,9142616,0.00003116,633.00000000,0
1531167893666,1531167893659,9142617,0.00003115,281.00000000,1
1531167893686,1531167893681,9142618,0.00003115,453.00000000,1
1531167894041,1531167894038,9142619,0.00003118,8.00000000,0
1531167894057,1531167894055,9142620,0.00003118,8.00000000,0
1531167901355,1531167901348,9142621,0.00003116,5404.00000000,0
1531167901371,1531167901367,9142622,0.00003115,1931.00000000,1
1531167901985,1531167901980,9142623,0.00003118,852.00000000,0
1531167902414,1531167902413,9142624,0.00003118,8.00000000,0
1531167904987,1531167904985,9142625,0.00003118,33.00000000,0
1531167905756,1531167905754,9142626,0.00003114,120.00000000,1
1531167905758,1531167905754,9142627,0.00003114,119.00000000,1
1531167922751,1531167922746,9142628,0.00003117,856.00000000,1
1531167922762,1531167922756,9142629,0.00003117,287.00000000,1
1531167938203,1531167938196,9142630,0.00003117,1157.00000000,1
1531167938211,1531167938209,9142631,0.00003117,1826.00000000,0
1531167938226,1531167938221,9142632,0.00003117,1157.00000000,1
1531167948406,1531167948400,9142633,0.00003117,2561.00000000,1
1531167948426,1531167948424,9142634,0.00003117,1920.00000000,1
1531167948443,1531167948438,9142635,0.00003117,1256.00000000,1
1531167964153,1531167964148,9142636,0.00003117,1400.00000000,1
1531167964167,1531167964162,9142637,0.00003117,2323.00000000,0
1531167964186,1531167964181,9142638,0.00003117,1400.00000000,1
1531167967261,1531167967259,9142639,0.00003118,1167.00000000,0
1531167974925,1531167974920,9142640,0.00003118,333.00000000,0
1531167975657,1531167975652,9142641,0.00003118,40.00000000,1
1531167976683,1531167976678,9142642,0.00003119,38.00000000,0
1531167977851,1531167977845,9142643,0.00003120,8.00000000,0
1531167983782,1531167983776,9142644,0.00003120,5405.00000000,0
1531167988152,1531167988145,9142645,0.00003120,518.00000000,1
1531167990831,1531167990824,9142646,0.00003120,1390.00000000,1
1531167990831,1531167990824,9142647,0.00003119,531.00000000,1
1531167990831,1531167990824,9142648,0.00003118,570.00000000,1
1531167996300,1531167996292,9142649,0.00003119,176.00000000,1
1531167996300,1531167996292,9142650,0.00003116,183.00000000,1
1531167996300,1531167996292,9142651,0.00003115,79.00000000,1
1531167996300,1531167996292,9142652,0.00003114,6779.00000000,1
1531167997325,1531167997320,9142653,0.00003119,80.00000000,0
1531167997325,1531167997320,9142654,0.00003120,3041.00000000,0
1531167997325,1531167997320,9142655,0.00003121,1938.00000000,0
1531167997325,1531167997320,9142656,0.00003122,70.00000000,0
1531167997325,1531167997320,9142657,0.00003123,147.00000000,0
1531167997325,1531167997320,9142658,0.00003125,2523.00000000,0
1531168001097,1531168001090,9142659,0.00003124,8.00000000,0
1531168029372,1531168029367,9142660,0.00003120,36.00000000,0
1531168030745,1531168030739,9142661,0.00003119,1025.00000000,0
1531168030757,1531168030751,9142662,0.00003118,766.00000000,1
1531168034240,1531168034236,9142663,0.00003115,128.00000000,1
1531168034240,1531168034236,9142664,0.00003114,2644.00000000,1
1531168038606,1531168038601,9142665,0.00003117,1429.00000000,1
1531168044281,1531168044278,9142666,0.00003115,1260.00000000,1
1531168049061,1531168049055,9142667,0.00003117,169.00000000,1
