event_time,trade_time,trade_id,price,quantity,maker
1531160442579,1531160442555,2641146,0.00000284,3660.00000000,1
1531160442579,1531160442555,2641147,0.00000283,112744.00000000,1
1531160442579,1531160442555,2641148,0.00000282,305045.00000000,1
1531160442579,1531160442555,2641149,0.00000281,120867.00000000,1
1531160442579,1531160442555,2641150,0.00000280,186090.00000000,1
1531160442579,1531160442555,2641151,0.00000280,1600.00000000,1
1531160442579,1531160442555,2641152,0.00000280,15984.00000000,1
1531160442579,1531160442555,2641153,0.00000280,13387.00000000,1
1531160442580,1531160442555,2641154,0.00000280,10884.00000000,1
1531160442581,1531160442555,2641155,0.00000280,33171.00000000,1
1531160442582,1531160442555,2641156,0.00000280,8000.00000000,1
1531160442583,1531160442555,2641157,0.00000280,7895.00000000,1
1531160442583,1531160442555,2641158,0.00000279,138011.00000000,1
1531160442583,1531160442555,2641159,0.00000279,87396.00000000,1
1531160442584,1531160442555,2641160,0.00000279,16949.00000000,1
1531160442584,1531160442555,2641161,0.00000279,94258.00000000,1
1531160442584,1531160442555,2641162,0.00000279,2490.00000000,1
1531160442585,1531160442555,2641163,0.00000279,612.00000000,1
1531160442585,1531160442555,2641164,0.00000279,173744.00000000,1
1531160442595,1531160442593,2641165,0.00000280,17487.00000000,0
1531160442597,1531160442593,2641166,0.00000280,7176.00000000,0
1531160442603,1531160442599,2641167,0.00000280,17487.00000000,0
1531160442613,1531160442609,2641168,0.00000280,2678.00000000,0
1531160442616,1531160442614,2641169,0.00000280,8888.00000000,0
1531160442616,1531160442614,2641170,0.00000281,8609.00000000,0
1531160442622,1531160442618,2641171,0.00000281,17497.00000000,0
1531160442664,1531160442660,2641172,0.00000281,3558.00000000,0
1531160442688,1531160442684,2641173,0.00000281,12510.00000000,0
1531160442696,1531160442692,2641174,0.00000281,7084.00000000,0
1531160442697,1531160442695,2641175,0.00000281,25157.00000000,0
1531160442698,1531160442695,2641176,0.00000281,810.00000000,0
1531160442699,1531160442695,2641177,0.00000281,14179.00000000,0
1531160443249,1531160443246,2641178,0.00000283,441.00000000,0
1531160443301,1531160443297,2641179,0.00000283,124.00000000,1
1531160443625,1531160443619,2641180,0.00000281,17487.00000000,1
1531160443743,1531160443738,2641181,0.00000281,15932.00000000,1
1531160443816,1531160443815,2641182,0.00000281,425.00000000,1
1531160443966,1531160443963,2641183,0.00000282,618.00000000,0
1531160444053,1531160444049,2641184,0.00000281,2253.00000000,1
1531160444604,1531160444601,2641185,0.00000281,1154.00000000,1
1531160444623,1531160444623,2641186,0.00000281,2404.00000000,0
1531160445178,1531160445173,2641187,0.00000280,201.00000000,1
1531160445762,1531160445758,2641188,0.00000280,201.00000000,1
1531160446302,1531160446298,2641189,0.00000282,6057.00000000,0
1531160446435,1531160446433,2641190,0.00000281,1303.00000000,0
1531160446443,1531160446441,2641191,0.00000281,880.00000000,0
1531160446463,1531160446459,2641192,0.00000281,1303.00000000,0
1531160446480,1531160446476,2641193,0.00000281,14573.00000000,0
1531160446698,1531160446694,2641194,0.00000281,26.00000000,0
1531160446698,1531160446694,2641195,0.00000282,1885.00000000,0
1531160447028,1531160447026,2641196,0.00000282,2117.00000000,0
1531160447437,1531160447434,2641197,0.00000281,709.00000000,1
1531160447468,1531160447465,2641198,0.00000281,1971.00000000,0
1531160447470,1531160447467,2641199,0.00000282,5.00000000,0
1531160448555,1531160448551,2641200,0.00000280,6075.00000000,1
1531160449559,1531160449556,2641201,0.00000281,497.00000000,1
1531160450815,1531160450812,2641202,0.00000281,2107.00000000,0
1531160450896,1531160450894,2641203,0.00000281,12745.00000000,0
1531160451352,1531160451349,2641204,0.00000281,59.00000000,0
1531160451582,1531160451578,2641205,0.00000281,32.00000000,0
1531160451591,1531160451588,2641206,0.00000281,4832.00000000,0
1531160451662,1531160451658,2641207,0.00000281,8258.00000000,0
1531160455142,1531160455139,2641208,0.00000282,2500.00000000,0
1531160471017,1531160471013,2641209,0.00000282,10638.00000000,0
1531160473741,1531160473737,2641210,0.00000281,2.00000000,1
1531160474170,1531160474166,2641211,0.00000281,3.00000000,1
1531160485783,1531160485780,2641212,0.00000281,3448.00000000,1
1531160486185,1531160486183,2641213,0.00000281,3378.00000000,1
1531160491419,1531160491416,2641214,0.00000282,355.00000000,0
1531160498583,1531160498579,2641215,0.00000280,1523.00000000,1
1531160500618,1531160500617,2641216,0.00000280,1083.00000000,1
1531160500710,1531160500684,2641217,0.00000280,361.00000000,1
1531160501140,1531160501137,2641218,0.00000280,4690.00000000,1
1531160503220,1531160503217,2641219,0.00000280,1911.00000000,1
1531160503737,1531160503734,2641220,0.00000280,19493.00000000,1
1531160522514,1531160522511,2641221,0.00000280,361.00000000,1
1531160524740,1531160524738,2641222,0.00000280,2054.00000000,1
1531160543228,1531160543225,2641223,0.00000280,29139.00000000,1
1531160562353,1531160562349,2641224,0.00000280,361.00000000,1
1531160589694,1531160589690,2641225,0.00000280,544.00000000,1
1531160589865,1531160589862,2641226,0.00000280,1269.00000000,1
1531160590032,1531160590031,2641227,0.00000280,544.00000000,1
1531160590088,1531160590085,2641228,0.00000280,399.00000000,1
1531160590163,1531160590159,2641229,0.00000280,399.00000000,1
1531160590332,1531160590328,2641230,0.00000280,399.00000000,1
1531160632938,1531160632933,2641231,0.00000281,357.00000000,0
1531160635425,1531160635420,2641232,0.00000281,4473.00000000,0
1531160636978,1531160636975,2641233,0.00000281,3912.00000000,0
1531160652284,1531160652280,2641234,0.00000280,399.00000000,1
1531160668374,1531160668371,2641235,0.00000281,924.00000000,0
1531160671147,1531160671144,2641236,0.00000281,533.00000000,0
1531160681678,1531160681674,2641237,0.00000281,1944.00000000,0
1531160706059,1531160706055,2641238,0.00000281,1280.00000000,0
1531160711389,1531160711384,2641239,0.00000281,27416.00000000,0
1531160716518,1531160716514,2641240,0.00000281,1254.00000000,0
1531160717802,1531160717800,2641241,0.00000281,1234.00000000,0
1531160730596,1531160730593,2641242,0.00000280,3037.00000000,1
1531160792015,1531160792010,2641243,0.00000280,6916.00000000,1
1531160813390,1531160813387,2641244,0.00000281,50.00000000,0
1531160884225,1531160884222,2641245,0.00000281,355.00000000,0
1531160885383,1531160885380,2641246,0.00000281,44037.00000000,0
1531160885383,1531160885380,2641247,0.00000282,5963.00000000,0
1531160886160,1531160886157,2641248,0.00000282,50000.00000000,0
1531160890442,1531160890438,2641249,0.00000282,567.00000000,0
1531160892867,1531160892863,2641250,0.00000282,4864.00000000,0
1531160894904,1531160894899,2641251,0.00000282,478.00000000,0
1531160930171,1531160930166,2641252,0.00000282,38348.00000000,0
1531160938630,1531160938626,2641253,0.00000282,7324.00000000,0
1531160950495,1531160950492,2641254,0.00000283,13.00000000,0
1531160953965,1531160953961,2641255,0.00000282,9176.00000000,1
1531160954007,1531160954005,2641256,0.00000282,2466.00000000,1
1531160960113,1531160960094,2641257,0.00000283,93935.00000000,0
1531160964273,1531160964269,2641258,0.00000282,7975.00000000,1
1531160993840,1531160993836,2641259,0.00000282,3412.00000000,1
1531160995086,1531160995082,2641260,0.00000282,4473.00000000,1
1531161004968,1531161004966,2641261,0.00000282,14090.00000000,1
1531161004969,1531161004966,2641262,0.00000281,3560.00000000,1
1531161005428,1531161005425,2641263,0.00000283,563.00000000,0
1531161006175,1531161006172,2641264,0.00000283,616.00000000,0
1531161013200,1531161013195,2641265,0.00000283,5.00000000,0
1531161103749,1531161103745,2641266,0.00000283,8313.00000000,0
1531161104086,1531161104083,2641267,0.00000283,13466.00000000,0
1531161114590,1531161114587,2641268,0.00000283,10247.00000000,0
1531161114896,1531161114891,2641269,0.00000283,3411.00000000,0
1531161115579,1531161115574,2641270,0.00000283,2826.00000000,0
1531161235625,1531161235622,2641271,0.00000282,3411.00000000,1
1531161243534,1531161243529,2641272,0.00000282,63630.00000000,1
1531161319203,1531161319202,2641273,0.00000282,7353.00000000,1
1531161369267,1531161369265,2641274,0.00000282,5904.00000000,1
1531161370239,1531161370235,2641275,0.00000282,3875.00000000,1
1531161385105,1531161385101,2641276,0.00000282,2185.00000000,1
1531161597377,1531161597373,2641277,0.00000282,3696.00000000,1
1531161613637,1531161613632,2641278,0.00000282,402.00000000,1
1531161630447,1531161630443,2641279,0.00000282,30815.00000000,1
1531161683652,1531161683647,2641280,0.00000282,1434.00000000,1
1531161746521,1531161746516,2641281,0.00000282,25036.00000000,1
1531161800422,1531161800418,2641282,0.00000282,1554.00000000,1
1531161818930,1531161818923,2641283,0.00000282,85210.00000000,1
1531161818930,1531161818923,2641284,0.00000281,122393.00000000,1
1531161818938,1531161818934,2641285,0.00000281,5541.00000000,0
1531161818954,1531161818951,2641286,0.00000281,5541.00000000,0
1531161818956,1531161818954,2641287,0.00000281,38537.00000000,0
1531161818976,1531161818972,2641288,0.00000281,720.00000000,0
1531161818980,1531161818976,2641289,0.00000281,5541.00000000,0
1531161818985,1531161818981,2641290,0.00000281,5541.00000000,0
1531161818993,1531161818989,2641291,0.00000281,10135.00000000,0
1531161819717,1531161819712,2641292,0.00000281,3616.00000000,0
1531161835682,1531161835679,2641293,0.00000281,118895.00000000,1
1531161961056,1531161961051,2641294,0.00000282,56664.00000000,0
1531161961080,1531161961077,2641295,0.00000282,35000.00000000,1
1531161961107,1531161961103,2641296,0.00000282,2536.00000000,1
1531161961918,1531161961916,2641297,0.00000282,3356.00000000,1
1531161965690,1531161965685,2641298,0.00000283,2092.00000000,0
1531161974391,1531161974386,2641299,0.00000282,5747.00000000,1
1531161983476,1531161983471,2641300,0.00000283,6229.00000000,0
1531161989771,1531161989766,2641301,0.00000283,530.00000000,0
1531162008309,1531162008304,2641302,0.00000282,7020.00000000,1
1531162030768,1531162030763,2641303,0.00000282,1387.00000000,1
1531162107950,1531162107946,2641304,0.00000283,12119.00000000,0
1531162174885,1531162174882,2641305,0.00000283,712.00000000,0
1531162374660,1531162374656,2641306,0.00000282,1050.00000000,1
1531162376164,1531162376159,2641307,0.00000283,618.00000000,0
1531162425371,1531162425365,2641308,0.00000282,4760.00000000,1
1531162486470,1531162486467,2641309,0.00000282,8313.00000000,1
1531162601884,1531162601879,2641310,0.00000282,13466.00000000,1
1531162612678,1531162612673,2641311,0.00000282,7406.00000000,1
1531162643086,1531162643081,2641312,0.00000282,5786.00000000,0
1531162757345,1531162757339,2641313,0.00000282,3659.00000000,1
1531162757345,1531162757339,2641314,0.00000281,29496.00000000,1
1531162789964,1531162789958,2641315,0.00000282,355.00000000,0
1531162793307,1531162793302,2641316,0.00000281,413.00000000,0
1531162866504,1531162866499,2641317,0.00000282,1000.00000000,0
1531162884102,1531162884098,2641318,0.00000281,750.00000000,1
1531162884677,1531162884672,2641319,0.00000281,758.00000000,0
1531162884875,1531162884870,2641320,0.00000281,50000.00000000,0
1531162886893,1531162886888,2641321,0.00000281,50000.00000000,0
1531162888988,1531162888983,2641322,0.00000281,2123.00000000,0
1531162904984,1531162904979,2641323,0.00000281,3750.00000000,0
1531162909010,1531162909005,2641324,0.00000281,5261.00000000,0
1531162909021,1531162909017,2641325,0.00000281,5271.00000000,0
1531162927323,1531162927320,2641326,0.00000281,10090.00000000,0
1531162934488,1531162934483,2641327,0.00000281,3496.00000000,0
1531162999198,1531162999193,2641328,0.00000281,2759.00000000,0
1531163025856,1531163025851,2641329,0.00000281,4070.00000000,0
1531163027562,1531163027558,2641330,0.00000281,2111.00000000,0
1531163027596,1531163027590,2641331,0.00000281,4034.00000000,0
1531163097004,1531163096997,2641332,0.00000280,124871.00000000,1
1531163097038,1531163097033,2641333,0.00000280,7780.00000000,0
1531163097161,1531163097155,2641334,0.00000280,161063.00000000,0
1531163097184,1531163097180,2641335,0.00000280,668.00000000,0
1531163105232,1531163105227,2641336,0.00000280,9967.00000000,1
1531163167940,1531163167935,2641337,0.00000281,3558.00000000,0
1531163186949,1531163186947,2641338,0.00000280,1083.00000000,1
1531163191632,1531163191627,2641339,0.00000281,625.00000000,0
1531163196700,1531163196698,2641340,0.00000281,7107.00000000,0
1531163218310,1531163218304,2641341,0.00000281,10920.00000000,0
1531163262667,1531163262662,2641342,0.00000281,5057.00000000,0
1531163263288,1531163263283,2641343,0.00000281,1042.00000000,1
1531163336076,1531163336070,2641344,0.00000280,43957.00000000,1
1531163376502,1531163376497,2641345,0.00000281,6.00000000,0
1531163391198,1531163391194,2641346,0.00000280,26121.00000000,1
1531163391207,1531163391201,2641347,0.00000280,199575.00000000,1
1531163392284,1531163392279,2641348,0.00000279,850.00000000,1
1531163392708,1531163392702,2641349,0.00000279,2114.00000000,1
1531163392814,1531163392808,2641350,0.00000280,9066.00000000,0
1531163392954,1531163392949,2641351,0.00000280,569.00000000,0
1531163393269,1531163393263,2641352,0.00000279,2113.00000000,1
1531163393285,1531163393281,2641353,0.00000280,623.00000000,0
1531163393298,1531163393291,2641354,0.00000279,850.00000000,1
1531163394187,1531163394184,2641355,0.00000279,2107.00000000,1
1531163394449,1531163394443,2641356,0.00000281,586.00000000,0
1531163395082,1531163395074,2641357,0.00000280,45.00000000,0
1531163402704,1531163402699,2641358,0.00000280,14.00000000,0
1531163414570,1531163414566,2641359,0.00000280,2901.00000000,0
1531163415550,1531163415543,2641360,0.00000280,6.00000000,0
1531163418901,1531163418897,2641361,0.00000280,1294.00000000,1
1531163421157,1531163421152,2641362,0.00000281,513.00000000,0
1531163448922,1531163448915,2641363,0.00000281,3558.00000000,0
1531163450246,1531163450242,2641364,0.00000281,1644.00000000,0
1531163464327,1531163464322,2641365,0.00000281,21799.00000000,0
1531163480254,1531163480248,2641366,0.00000281,10944.00000000,0
1531163489068,1531163489062,2641367,0.00000281,257.00000000,1
1531163515342,1531163515337,2641368,0.00000281,4070.00000000,1
1531163549569,1531163549564,2641369,0.00000281,24371.00000000,1
1531163554739,1531163554735,2641370,0.00000281,313.00000000,1
1531163568575,1531163568569,2641371,0.00000280,1.00000000,1
1531163597078,1531163597072,2641372,0.00000281,1758.00000000,0
1531163623744,1531163623738,2641373,0.00000280,1.00000000,1
1531163743989,1531163743983,2641374,0.00000281,357.00000000,0
1531163751379,1531163751373,2641375,0.00000281,3704.00000000,0
1531163763019,1531163763017,2641376,0.00000280,1.00000000,1
1531163785318,1531163785312,2641377,0.00000281,319.00000000,0
1531163785318,1531163785312,2641378,0.00000282,38.00000000,0
1531163794702,1531163794696,2641379,0.00000280,1.00000000,1
1531163851767,1531163851760,2641380,0.00000280,42200.00000000,1
1531163886048,1531163886043,2641381,0.00000280,572.00000000,1
1531163909666,1531163909660,2641382,0.00000282,300.00000000,0
1531164031473,1531164031468,2641383,0.00000282,5278.00000000,0
1531164060770,1531164060765,2641384,0.00000280,566.00000000,1
1531164133619,1531164133617,2641385,0.00000281,1423.00000000,0
1531164134001,1531164133995,2641386,0.00000281,357.00000000,0
1531164146543,1531164146540,2641387,0.00000281,1175.00000000,0
1531164148346,1531164148340,2641388,0.00000281,8692.00000000,1
1531164164496,1531164164492,2641389,0.00000281,7382.00000000,1
1531164167415,1531164167384,2641390,0.00000281,7287.00000000,1
1531164171544,1531164171537,2641391,0.00000281,3704.00000000,1
1531164190344,1531164190340,2641392,0.00000282,1695.00000000,0
1531164256895,1531164256891,2641393,0.00000282,4080.00000000,0
1531164308243,1531164308237,2641394,0.00000281,10586.00000000,1
1531164373038,1531164373015,2641395,0.00000282,11482.00000000,0
1531164443657,1531164443651,2641396,0.00000282,2250.00000000,0
1531164620962,1531164620956,2641397,0.00000282,7322.00000000,0
1531164629685,1531164629682,2641398,0.00000282,400.00000000,0
1531164659421,1531164659417,2641399,0.00000282,56760.00000000,0
1531164734657,1531164734651,2641400,0.00000282,1773.00000000,0
1531165000543,1531165000538,2641401,0.00000282,3628.00000000,0
1531165054581,1531165054576,2641402,0.00000282,5957.00000000,0
1531165065909,1531165065904,2641403,0.00000281,4034.00000000,1
1531165184118,1531165184112,2641404,0.00000281,12792.00000000,1
1531165191893,1531165191889,2641405,0.00000280,14672.00000000,1
1531165192214,1531165192208,2641406,0.00000281,535.00000000,0
1531165212893,1531165212888,2641407,0.00000281,3496.00000000,0
1531165216840,1531165216835,2641408,0.00000281,380.00000000,0
1531165362847,1531165362842,2641409,0.00000282,360.00000000,0
1531165605461,1531165605455,2641410,0.00000281,952.00000000,1
1531165607323,1531165607316,2641411,0.00000282,3152.00000000,0
1531165666963,1531165666956,2641412,0.00000282,9066.00000000,1
1531165689650,1531165689644,2641413,0.00000282,23517.00000000,1
1531165689650,1531165689644,2641414,0.00000281,112103.00000000,1
1531165689676,1531165689669,2641415,0.00000281,1020.00000000,0
1531165701541,1531165701535,2641416,0.00000282,15135.00000000,0
1531165704309,1531165704305,2641417,0.00000282,4688.00000000,0
1531165705948,1531165705941,2641418,0.00000281,2955.00000000,1
1531165705968,1531165705961,2641419,0.00000281,541.00000000,0
1531165711289,1531165711282,2641420,0.00000281,2955.00000000,1
1531165711289,1531165711282,2641421,0.00000280,27045.00000000,1
1531165714344,1531165714335,2641422,0.00000282,5588.00000000,0
1531165722941,1531165722940,2641423,0.00000281,8464.00000000,1
1531165722960,1531165722954,2641424,0.00000281,5639.00000000,0
1531165722991,1531165722989,2641425,0.00000282,5639.00000000,0
1531165733227,1531165733220,2641426,0.00000280,3550.00000000,1
1531165733258,1531165733252,2641427,0.00000280,1004.00000000,0
1531165734549,1531165734543,2641428,0.00000281,1424.00000000,0
1531165744623,1531165744616,2641429,0.00000281,392.00000000,0
1531165769890,1531165769884,2641430,0.00000280,1083.00000000,1
1531165770860,1531165770855,2641431,0.00000281,1083.00000000,0
1531165823590,1531165823583,2641432,0.00000282,32320.00000000,0
1531165850985,1531165850979,2641433,0.00000281,2091.00000000,1
1531165957294,1531165957288,2641434,0.00000281,1992.00000000,1
1531166008422,1531166008420,2641435,0.00000281,18515.00000000,1
1531166076755,1531166076749,2641436,0.00000281,4560.00000000,0
1531166081954,1531166081947,2641437,0.00000281,9.00000000,0
1531166134754,1531166134748,2641438,0.00000281,119.00000000,1
1531166162970,1531166162963,2641439,0.00000282,21945.00000000,0
1531166172277,1531166172272,2641440,0.00000282,5619.00000000,1
1531166172278,1531166172273,2641441,0.00000282,5619.00000000,1
1531166178723,1531166178717,2641442,0.00000283,16162.00000000,0
1531166180269,1531166180261,2641443,0.00000283,1531.00000000,0
1531166181374,1531166181367,2641444,0.00000283,3217.00000000,0
1531166183423,1531166183418,2641445,0.00000283,1956.00000000,0
1531166197338,1531166197332,2641446,0.00000283,16393.00000000,0
1531166200699,1531166200693,2641447,0.00000283,16371.00000000,0
1531166205808,1531166205802,2641448,0.00000282,26171.00000000,1
1531166232579,1531166232573,2641449,0.00000282,28352.00000000,1
1531166333110,1531166333104,2641450,0.00000282,7237.00000000,1
1531166344514,1531166344509,2641451,0.00000282,5476.00000000,1
1531166414258,1531166414253,2641452,0.00000282,566.00000000,1
1531166423802,1531166423797,2641453,0.00000282,1820.00000000,1
1531166424355,1531166424349,2641454,0.00000282,73769.00000000,1
1531166513664,1531166513659,2641455,0.00000282,1723.00000000,1
1531166527136,1531166527131,2641456,0.00000282,4229.00000000,1
1531166532066,1531166532060,2641457,0.00000282,933.00000000,1
1531166538543,1531166538537,2641458,0.00000282,9744.00000000,1
1531166544609,1531166544603,2641459,0.00000282,533.00000000,1
1531166564342,1531166564336,2641460,0.00000282,576.00000000,1
1531166740956,1531166740951,2641461,0.00000282,27848.00000000,1
1531166798870,1531166798864,2641462,0.00000282,10638.00000000,1
1531166919545,1531166919539,2641463,0.00000282,709.00000000,1
1531166989115,1531166989110,2641464,0.00000282,2002.00000000,1
1531166995522,1531166995517,2641465,0.00000282,25845.00000000,1
1531166995567,1531166995562,2641466,0.00000282,2326.00000000,0
1531166995583,1531166995577,2641467,0.00000282,521.00000000,0
1531166996377,1531166996371,2641468,0.00000282,9903.00000000,0
1531167017574,1531167017569,2641469,0.00000282,3324.00000000,0
1531167031566,1531167031565,2641470,0.00000282,6000.00000000,0
1531167031579,1531167031574,2641471,0.00000282,521.00000000,0
1531167049070,1531167049068,2641472,0.00000281,3368.00000000,1
1531167072199,1531167072195,2641473,0.00000282,7709.00000000,0
1531167171589,1531167171583,2641474,0.00000282,3362.00000000,0
1531167209608,1531167209603,2641475,0.00000282,4465.00000000,0
1531167307643,1531167307635,2641476,0.00000281,182634.00000000,1
1531167307656,1531167307652,2641477,0.00000281,7607.00000000,0
1531167307661,1531167307655,2641478,0.00000281,7607.00000000,0
1531167307670,1531167307666,2641479,0.00000281,7607.00000000,0
1531167307691,1531167307684,2641480,0.00000281,3703.00000000,0
1531167307697,1531167307695,2641481,0.00000281,41720.00000000,0
1531167307743,1531167307740,2641482,0.00000281,14224.00000000,0
1531167313802,1531167313797,2641483,0.00000281,50000.00000000,0
1531167315830,1531167315824,2641484,0.00000281,50000.00000000,0
1531167316610,1531167316604,2641485,0.00000281,50000.00000000,0
1531167317420,1531167317415,2641486,0.00000281,210000.00000000,0
1531167322100,1531167322099,2641487,0.00000281,50000.00000000,0
1531167322885,1531167322885,2641488,0.00000281,50000.00000000,0
1531167324098,1531167324092,2641489,0.00000281,50000.00000000,0
1531167370477,1531167370471,2641490,0.00000280,6740.00000000,1
1531167408984,1531167408977,2641491,0.00000281,3563.00000000,0
1531167424795,1531167424790,2641492,0.00000280,1083.00000000,1
1531167451985,1531167451980,2641493,0.00000281,17081.00000000,0
1531167489875,1531167489869,2641494,0.00000280,399.00000000,1
1531167592235,1531167592230,2641495,0.00000280,3907.00000000,1
1531167605551,1531167605545,2641496,0.00000280,18761.00000000,1
1531167686789,1531167686782,2641497,0.00000280,68330.00000000,1
1531167700764,1531167700759,2641498,0.00000280,6845.00000000,1
1531167770087,1531167770081,2641499,0.00000280,15243.00000000,1
1531167785782,1531167785779,2641500,0.00000281,50000.00000000,0
1531167785999,1531167785995,2641501,0.00000281,18717.00000000,0
1531167786603,1531167786603,2641502,0.00000281,16243.00000000,0
1531167786861,1531167786856,2641503,0.00000282,20611.00000000,0
1531167787491,1531167787485,2641504,0.00000282,9.00000000,0
1531167796233,1531167796226,2641505,0.00000282,1848.00000000,0
1531167812446,1531167812426,2641506,0.00000281,16864.00000000,1
1531167812446,1531167812426,2641507,0.00000280,107937.00000000,1
1531167812446,1531167812426,2641508,0.00000279,149186.00000000,1
1531167812446,1531167812426,2641509,0.00000278,481569.00000000,1
1531167812446,1531167812426,2641510,0.00000278,5889.00000000,1
1531167812446,1531167812426,2641511,0.00000277,568.00000000,1
1531167812449,1531167812426,2641512,0.00000277,69900.00000000,1
1531167812464,1531167812461,2641513,0.00000278,9443.00000000,0
1531167812464,1531167812461,2641514,0.00000278,36174.00000000,0
1531167812482,1531167812476,2641515,0.00000282,9246.00000000,0
1531167812482,1531167812476,2641516,0.00000283,197.00000000,0
1531167813167,1531167813161,2641517,0.00000279,19766.00000000,1
1531167813335,1531167813330,2641518,0.00000279,16044.00000000,1
1531167813494,1531167813487,2641519,0.00000279,478.00000000,1
1531167813892,1531167813886,2641520,0.00000280,105000.00000000,0
1531167814354,1531167814354,2641521,0.00000279,38335.00000000,1
1531167814418,1531167814415,2641522,0.00000279,1720.00000000,0
1531167814473,1531167814467,2641523,0.00000279,3639.00000000,0
1531167814567,1531167814562,2641524,0.00000279,13176.00000000,0
1531167814822,1531167814819,2641525,0.00000280,437.00000000,0
1531167814943,1531167814937,2641526,0.00000278,888.00000000,1
1531167815808,1531167815802,2641527,0.00000280,4201.00000000,0
1531167816172,1531167816164,2641528,0.00000280,50000.00000000,0
1531167819204,1531167819202,2641529,0.00000279,531.00000000,0
1531167819553,1531167819546,2641530,0.00000279,18279.00000000,0
1531167822581,1531167822579,2641531,0.00000279,2083.00000000,1
1531167822980,1531167822973,2641532,0.00000279,1690.00000000,1
1531167828503,1531167828499,2641533,0.00000280,374.00000000,0
1531167828592,1531167828591,2641534,0.00000280,803.00000000,0
1531167835857,1531167835851,2641535,0.00000280,100.00000000,0
1531167839190,1531167839181,2641536,0.00000280,2729.00000000,0
1531167839190,1531167839181,2641537,0.00000281,102271.00000000,0
1531167852870,1531167852864,2641538,0.00000279,363.00000000,1
1531167862752,1531167862752,2641539,0.00000281,9548.00000000,0
1531167872275,1531167872273,2641540,0.00000279,4707.00000000,1
1531167883933,1531167883901,2641541,0.00000280,5966.00000000,0
1531167883933,1531167883901,2641542,0.00000281,44034.00000000,0
1531167885152,1531167885146,2641543,0.00000281,50000.00000000,0
1531167888003,1531167887997,2641544,0.00000281,1541.00000000,0
1531167889663,1531167889656,2641545,0.00000281,513.00000000,0
1531167892937,1531167892932,2641546,0.00000279,1087.00000000,1
1531167914504,1531167914498,2641547,0.00000280,361.00000000,1
1531167949628,1531167949623,2641548,0.00000280,1452.00000000,1
1531167949658,1531167949653,2641549,0.00000280,2404.00000000,1
1531167963519,1531167963513,2641550,0.00000280,2411.00000000,1
1531167970188,1531167970184,2641551,0.00000280,948.00000000,1
1531167970188,1531167970184,2641552,0.00000279,139.00000000,1
1531167970303,1531167970302,2641553,0.00000279,544.00000000,1
1531167970744,1531167970740,2641554,0.00000279,544.00000000,1
1531167970874,1531167970869,2641555,0.00000279,399.00000000,1
1531167971198,1531167971192,2641556,0.00000279,1269.00000000,1
1531168031509,1531168031507,2641557,0.00000279,12318.00000000,1
1531168092257,1531168092256,2641558,0.00000279,399.00000000,1
1531168283934,1531168283929,2641559,0.00000280,1773.00000000,1
1531168290569,1531168290563,2641560,0.00000280,1076.00000000,1
1531168290569,1531168290563,2641561,0.00000279,10400.00000000,1
1531168298832,1531168298826,2641562,0.00000280,8419.00000000,1
1531168306975,1531168306968,2641563,0.00000280,6430.00000000,1
1531168331097,1531168331090,2641564,0.00000279,156449.00000000,1
1531168331108,1531168331102,2641565,0.00000279,22563.00000000,0
1531168331119,1531168331113,2641566,0.00000279,8074.00000000,0
1531168331141,1531168331141,2641567,0.00000279,90356.00000000,0
1531168331145,1531168331141,2641568,0.00000279,44450.00000000,0
1531168334258,1531168334252,2641569,0.00000280,4984.00000000,0
1531168336137,1531168336131,2641570,0.00000280,39658.00000000,1
1531168353201,1531168353194,2641571,0.00000281,7834.00000000,0
1531168353248,1531168353244,2641572,0.00000281,7905.00000000,1
1531168353335,1531168353332,2641573,0.00000281,2944.00000000,1
1531168418679,1531168418676,2641574,0.00000280,2849.00000000,1
1531168419275,1531168419269,2641575,0.00000280,105000.00000000,0
1531168420291,1531168420287,2641576,0.00000280,9061.00000000,0
1531168420312,1531168420306,2641577,0.00000280,2536.00000000,0
1531168420546,1531168420544,2641578,0.00000280,29523.00000000,0
1531168420546,1531168420544,2641579,0.00000281,20477.00000000,0
1531168422188,1531168422182,2641580,0.00000280,9455.00000000,0
1531168493435,1531168493433,2641581,0.00000280,8796.00000000,1
1531168494121,1531168494118,2641582,0.00000280,12403.00000000,0
1531168569778,1531168569773,2641583,0.00000280,2599.00000000,1
1531168679077,1531168679073,2641584,0.00000281,5.00000000,0
1531168806501,1531168806495,2641585,0.00000281,703.00000000,0
1531168806629,1531168806622,2641586,0.00000281,1407.00000000,0
1531168806661,1531168806658,2641587,0.00000281,8795.00000000,0
1531168806692,1531168806686,2641588,0.00000281,1741.00000000,0
1531168806703,1531168806701,2641589,0.00000281,1446.00000000,0
1531168806728,1531168806721,2641590,0.00000281,7085.00000000,0
1531168806744,1531168806737,2641591,0.00000281,4109.00000000,0
1531168806744,1531168806737,2641592,0.00000282,6797.00000000,0
1531168806749,1531168806741,2641593,0.00000282,3221.00000000,0
1531168806766,1531168806764,2641594,0.00000282,2110.00000000,0
1531168806814,1531168806812,2641595,0.00000282,424.00000000,0
1531168806817,1531168806812,2641596,0.00000282,3518.00000000,0
1531168806829,1531168806824,2641597,0.00000282,703.00000000,0
1531168806839,1531168806834,2641598,0.00000282,3506.00000000,0
1531168806879,1531168806873,2641599,0.00000282,17591.00000000,0
1531168806885,1531168806882,2641600,0.00000282,1759.00000000,0
1531168806897,1531168806894,2641601,0.00000282,2831.00000000,0
1531168806929,1531168806923,2641602,0.00000282,2108.00000000,0
1531168806949,1531168806946,2641603,0.00000282,17660.00000000,0
1531168806969,1531168806963,2641604,0.00000282,708.00000000,0
1531168806970,1531168806965,2641605,0.00000282,2101.00000000,0
1531168806981,1531168806978,2641606,0.00000282,3530.00000000,0
1531168807001,1531168806998,2641607,0.00000282,12313.00000000,0
1531168807047,1531168807042,2641608,0.00000282,2414.00000000,0
1531168807051,1531168807046,2641609,0.00000282,17660.00000000,0
1531168807056,1531168807050,2641610,0.00000282,2075.00000000,0
1531168807068,1531168807063,2641611,0.00000282,1935.00000000,0
1531168807113,1531168807108,2641612,0.00000282,1060.00000000,0
1531168807122,1531168807116,2641613,0.00000282,2104.00000000,0
1531168807159,1531168807157,2641614,0.00000282,3110.00000000,0
1531168807159,1531168807157,2641615,0.00000283,2167.00000000,0
1531168807185,1531168807178,2641616,0.00000282,707.00000000,1
1531168807217,1531168807210,2641617,0.00000283,2098.00000000,0
1531168807237,1531168807233,2641618,0.00000282,23322.00000000,1
1531168807347,1531168807342,2641619,0.00000282,879.00000000,0
1531168807407,1531168807400,2641620,0.00000282,3505.00000000,0
1531168807475,1531168807472,2641621,0.00000282,1963.00000000,0
1531168807590,1531168807560,2641622,0.00000282,1759.00000000,0
1531168807639,1531168807634,2641623,0.00000282,1400.00000000,0
1531168807669,1531168807663,2641624,0.00000282,2108.00000000,0
1531168807674,1531168807668,2641625,0.00000282,2098.00000000,0
1531168811377,1531168811370,2641626,0.00000281,5588.00000000,1
1531168818382,1531168818376,2641627,0.00000281,4471.00000000,1
1531168845767,1531168845761,2641628,0.00000282,2114.00000000,0
1531168896129,1531168896125,2641629,0.00000282,577.00000000,0
1531168925469,1531168925463,2641630,0.00000282,3007.00000000,0
1531168936525,1531168936520,2641631,0.00000282,10309.00000000,0
1531168950469,1531168950464,2641632,0.00000282,4052.00000000,1
1531168959203,1531168959197,2641633,0.00000282,462.00000000,1
1531168968329,1531168968325,2641634,0.00000282,4238.00000000,1
1531168971692,1531168971686,2641635,0.00000282,1.00000000,1
1531168999609,1531168999605,2641636,0.00000283,1290.00000000,0
1531169058969,1531169058959,2641637,0.00000283,131014.00000000,0
1531169058985,1531169058980,2641638,0.00000283,19445.00000000,1
1531169058991,1531169058989,2641639,0.00000283,7671.00000000,1
1531169058994,1531169058991,2641640,0.00000283,7671.00000000,1
1531169059004,1531169058996,2641641,0.00000283,2536.00000000,1
1531169059838,1531169059834,2641642,0.00000283,2856.00000000,1
1531169081846,1531169081841,2641643,0.00000283,3912.00000000,1
1531169106370,1531169106368,2641644,0.00000283,2535.00000000,1
1531169106391,1531169106386,2641645,0.00000283,958.00000000,1
1531169106748,1531169106741,2641646,0.00000283,958.00000000,1
1531169107130,1531169107127,2641647,0.00000284,1233.00000000,0
1531169114393,1531169114388,2641648,0.00000283,393.00000000,1
1531169184415,1531169184408,2641649,0.00000284,27103.00000000,0
1531169248133,1531169248130,2641650,0.00000283,7566.00000000,1
1531169262793,1531169262786,2641651,0.00000283,8281.00000000,1
1531169265463,1531169265457,2641652,0.00000284,1355.00000000,0
1531169291666,1531169291659,2641653,0.00000284,17405.00000000,0
1531169349924,1531169349919,2641654,0.00000283,7648.00000000,1
1531169361979,1531169361977,2641655,0.00000283,9585.00000000,1
1531169368579,1531169368572,2641656,0.00000283,259.00000000,1
1531169382928,1531169382922,2641657,0.00000283,3682.00000000,1
1531169398871,1531169398865,2641658,0.00000283,3484.00000000,1
1531169406782,1531169406776,2641659,0.00000283,39960.00000000,1
1531169435400,1531169435394,2641660,0.00000283,21858.00000000,1
1531169441148,1531169441141,2641661,0.00000283,2826.00000000,1
1531169480748,1531169480742,2641662,0.00000283,16307.00000000,1
1531169481845,1531169481839,2641663,0.00000283,5748.00000000,1
1531169511954,1531169511949,2641664,0.00000282,4401.00000000,1
1531169523216,1531169523210,2641665,0.00000282,1785.00000000,1
1531169527283,1531169527277,2641666,0.00000282,52367.00000000,1
1531169578893,1531169578888,2641667,0.00000282,3304.00000000,1
1531169649530,1531169649523,2641668,0.00000282,359.00000000,1
1531169698754,1531169698748,2641669,0.00000283,3533.00000000,0
1531169704756,1531169704750,2641670,0.00000283,5950.00000000,0
1531169737236,1531169737230,2641671,0.00000283,12000.00000000,0
1531169790314,1531169790307,2641672,0.00000283,3533.00000000,0
1531169917388,1531169917383,2641673,0.00000282,3000.00000000,1
1531169942399,1531169942393,2641674,0.00000283,139.00000000,0
1531169988880,1531169988873,2641675,0.00000282,888.00000000,1
1531170295963,1531170295957,2641676,0.00000282,16307.00000000,0
1531170303971,1531170303966,2641677,0.00000282,7493.00000000,0
1531170323058,1531170323053,2641678,0.00000282,9568.00000000,1
1531170342546,1531170342539,2641679,0.00000281,37519.00000000,1
1531170611715,1531170611711,2641680,0.00000281,4261.00000000,1
1531170641705,1531170641700,2641681,0.00000281,6147.00000000,1
1531170804821,1531170804815,2641682,0.00000281,141477.00000000,1
1531170816632,1531170816627,2641683,0.00000282,2550.00000000,0
1531170838056,1531170838050,2641684,0.00000281,2000.00000000,1
1531170879659,1531170879653,2641685,0.00000282,12448.00000000,0
1531170886361,1531170886355,2641686,0.00000282,6360.00000000,0
1531170893404,1531170893398,2641687,0.00000281,25.00000000,1
1531171032355,1531171032349,2641688,0.00000281,124322.00000000,1
1531171151819,1531171151815,2641689,0.00000282,7143.00000000,0
1531171151844,1531171151839,2641690,0.00000282,7124.00000000,0
1531171160877,1531171160872,2641691,0.00000282,6212.00000000,0
1531171161088,1531171161083,2641692,0.00000282,6218.00000000,0
1531171211373,1531171211367,2641693,0.00000281,10592.00000000,1
1531171250168,1531171250163,2641694,0.00000282,4714.00000000,0
1531171297250,1531171297246,2641695,0.00000282,57.00000000,0
1531171312857,1531171312852,2641696,0.00000282,1.00000000,0
1531171427683,1531171427678,2641697,0.00000281,1092.00000000,1
1531171470724,1531171470718,2641698,0.00000282,19222.00000000,0
1531171481186,1531171481182,2641699,0.00000282,11119.00000000,0
1531171487763,1531171487759,2641700,0.00000282,7841.00000000,0
1531171501506,1531171501503,2641701,0.00000282,4133.00000000,0
1531171507913,1531171507908,2641702,0.00000282,2836.00000000,0
1531171509906,1531171509901,2641703,0.00000282,3764.00000000,0
1531171586261,1531171586256,2641704,0.00000281,4080.00000000,1
1531171618122,1531171618117,2641705,0.00000281,2310.00000000,1
1531171652063,1531171652057,2641706,0.00000281,1161352.00000000,1
1531171652104,1531171652099,2641707,0.00000281,2994.00000000,0
1531171653313,1531171653307,2641708,0.00000281,50000.00000000,0
1531171654198,1531171654197,2641709,0.00000281,9057.00000000,0
1531171670754,1531171670749,2641710,0.00000281,423105.00000000,0
1531171696189,1531171696184,2641711,0.00000282,2423.00000000,0
1531171696189,1531171696184,2641712,0.00000283,86260.00000000,0
1531171707036,1531171707031,2641713,0.00000282,8492.00000000,1
1531171756177,1531171756172,2641714,0.00000283,5395.00000000,0
1531171763961,1531171763957,2641715,0.00000282,5529.00000000,1
1531171788783,1531171788779,2641716,0.00000282,5788.00000000,1
1531171808932,1531171808930,2641717,0.00000282,8008.00000000,1
1531171818524,1531171818519,2641718,0.00000283,10000.00000000,0
1531171908142,1531171908137,2641719,0.00000282,12235.00000000,1
1531171918002,1531171917998,2641720,0.00000281,762487.00000000,1
1531171941575,1531171941571,2641721,0.00000282,33468.00000000,0
1531171967744,1531171967738,2641722,0.00000282,14312.00000000,0
1531171967744,1531171967738,2641723,0.00000283,22688.00000000,0
1531171970744,1531171970739,2641724,0.00000283,750.00000000,0
1531172021177,1531172021172,2641725,0.00000283,13058.00000000,0
1531172021369,1531172021364,2641726,0.00000283,724.00000000,1
1531172023002,1531172022998,2641727,0.00000283,15346.00000000,1
1531172032670,1531172032666,2641728,0.00000283,6781.00000000,1
1531172032703,1531172032701,2641729,0.00000283,725.00000000,1
1531172046856,1531172046853,2641730,0.00000283,7376.00000000,1
1531172047769,1531172047764,2641731,0.00000283,7177.00000000,1
1531172056796,1531172056791,2641732,0.00000283,9836.00000000,1
1531172088739,1531172088735,2641733,0.00000283,52367.00000000,1
1531172102359,1531172102355,2641734,0.00000283,28351.00000000,1
1531172113977,1531172113974,2641735,0.00000283,649.00000000,1
1531172128093,1531172128090,2641736,0.00000283,19222.00000000,1
1531172147383,1531172147379,2641737,0.00000284,23962.00000000,0
1531172193097,1531172193092,2641738,0.00000283,20341.00000000,1
1531172198821,1531172198817,2641739,0.00000283,1500.00000000,1
1531172631323,1531172631322,2641740,0.00000284,7481.00000000,0
1531172652305,1531172652301,2641741,0.00000284,9918.00000000,0
1531172665331,1531172665326,2641742,0.00000284,7243.00000000,0
1531172705667,1531172705662,2641743,0.00000283,49663.00000000,1
1531172745038,1531172745034,2641744,0.00000282,9462.00000000,1
1531172770268,1531172770263,2641745,0.00000282,6263.00000000,1
1531172770273,1531172770270,2641746,0.00000281,6263.00000000,1
1531172787228,1531172787224,2641747,0.00000283,4344.00000000,0
1531172918796,1531172918793,2641748,0.00000283,883.00000000,0
1531173006800,1531173006796,2641749,0.00000282,743.00000000,1
1531173048913,1531173048910,2641750,0.00000282,32786.00000000,1
1531173048925,1531173048922,2641751,0.00000282,2536.00000000,1
1531173258080,1531173258076,2641752,0.00000283,1578.00000000,0
1531173301753,1531173301751,2641753,0.00000283,47843.00000000,0
1531173301783,1531173301780,2641754,0.00000283,2000.00000000,1
1531173301908,1531173301904,2641755,0.00000283,2000.00000000,1
1531173302209,1531173302206,2641756,0.00000283,7088.00000000,1
1531173470599,1531173470594,2641757,0.00000283,3842.00000000,0
1531173470599,1531173470594,2641758,0.00000284,212.00000000,0
1531173493803,1531173493799,2641759,0.00000283,8345.00000000,1
1531173504999,1531173504997,2641760,0.00000283,2890.00000000,1
1531173508323,1531173508319,2641761,0.00000283,3496.00000000,1
1531173532872,1531173532870,2641762,0.00000283,7822.00000000,1
1531173569963,1531173569959,2641763,0.00000283,15863.00000000,1
1531173570002,1531173569998,2641764,0.00000283,4168.00000000,0
1531173706429,1531173706426,2641765,0.00000283,4133.00000000,1
1531173747775,1531173747772,2641766,0.00000283,9826.00000000,0
1531173810837,1531173810834,2641767,0.00000283,12942.00000000,1
1531173831244,1531173831240,2641768,0.00000283,5040.00000000,0
1531173831265,1531173831263,2641769,0.00000283,12.00000000,0
1531173836938,1531173836935,2641770,0.00000283,3806.00000000,1
1531173859604,1531173859602,2641771,0.00000283,2.00000000,1
1531173861850,1531173861844,2641772,0.00000284,137192.00000000,0
1531173862748,1531173862745,2641773,0.00000285,53380.00000000,0
1531173863863,1531173863860,2641774,0.00000284,883.00000000,0
1531173864204,1531173864202,2641775,0.00000285,259.00000000,0
1531173880154,1531173880150,2641776,0.00000284,350.00000000,0
1531173904573,1531173904569,2641777,0.00000284,1233.00000000,0
1531173934858,1531173934855,2641778,0.00000284,13378.00000000,0
1531173949389,1531173949386,2641779,0.00000283,5259.00000000,1
1531173960558,1531173960556,2641780,0.00000283,2098.00000000,1
1531174068487,1531174068484,2641781,0.00000283,7343.00000000,1
1531174100388,1531174100385,2641782,0.00000283,432.00000000,1
1531174100389,1531174100385,2641783,0.00000282,29278.00000000,1
1531174105445,1531174105442,2641784,0.00000282,2635.00000000,1
1531174213929,1531174213926,2641785,0.00000284,25059.00000000,0
1531174217406,1531174217404,2641786,0.00000284,14731.00000000,0
1531174230376,1531174230371,2641787,0.00000285,39533.00000000,0
1531174251497,1531174251495,2641788,0.00000285,7841.00000000,0
1531174334767,1531174334764,2641789,0.00000284,1233.00000000,1
1531174339900,1531174339897,2641790,0.00000284,2809.00000000,1
1531174342133,1531174342131,2641791,0.00000283,707.00000000,1
1531174342395,1531174342392,2641792,0.00000283,6875.00000000,1
1531174343548,1531174343545,2641793,0.00000282,459.00000000,1
1531174344118,1531174344115,2641794,0.00000283,210.00000000,0
1531174344118,1531174344115,2641795,0.00000284,3434.00000000,0
1531174344118,1531174344115,2641796,0.00000285,533.00000000,0
1531174356980,1531174356977,2641797,0.00000283,380.00000000,1
1531174373144,1531174373142,2641798,0.00000283,1644.00000000,1
1531174383784,1531174383781,2641799,0.00000284,39048.00000000,0
1531174394113,1531174394109,2641800,0.00000285,15269.00000000,0
1531174395880,1531174395878,2641801,0.00000284,13372.00000000,1
1531174397558,1531174397555,2641802,0.00000284,8399.00000000,0
1531174403070,1531174403067,2641803,0.00000284,13410.00000000,0
1531174429641,1531174429638,2641804,0.00000284,2114.00000000,1
1531174433168,1531174433165,2641805,0.00000284,3806.00000000,1
1531174454282,1531174454278,2641806,0.00000284,567.00000000,1
1531174468982,1531174468980,2641807,0.00000284,5375.00000000,1
1531174473360,1531174473357,2641808,0.00000284,3496.00000000,1
1531174485445,1531174485443,2641809,0.00000284,8353.00000000,1
1531174686003,1531174686001,2641810,0.00000285,1500.00000000,0
1531174688591,1531174688589,2641811,0.00000284,27066.00000000,1
1531174688610,1531174688609,2641812,0.00000283,27066.00000000,1
1531174690304,1531174690300,2641813,0.00000283,2942.00000000,1
1531174702677,1531174702674,2641814,0.00000284,4744.00000000,0
1531174702690,1531174702687,2641815,0.00000284,4735.00000000,0
1531174705807,1531174705803,2641816,0.00000283,4735.00000000,1
1531174744595,1531174744592,2641817,0.00000283,3534.00000000,1
1531174770718,1531174770716,2641818,0.00000283,1357.00000000,1
1531174797730,1531174797727,2641819,0.00000283,9602.00000000,1
1531174820740,1531174820738,2641820,0.00000283,379.00000000,1
1531174844890,1531174844888,2641821,0.00000284,5034.00000000,0
1531174892171,1531174892169,2641822,0.00000284,11589.00000000,0
1531174980738,1531174980737,2641823,0.00000284,1169.00000000,0
1531175055977,1531175055974,2641824,0.00000284,6640.00000000,0
1531175057347,1531175057344,2641825,0.00000284,17110.00000000,0
1531175182426,1531175182424,2641826,0.00000283,2955.00000000,1
1531175197478,1531175197473,2641827,0.00000284,32507.00000000,0
1531175197478,1531175197473,2641828,0.00000285,17493.00000000,0
1531175212348,1531175212346,2641829,0.00000284,1665.00000000,0
1531175224650,1531175224649,2641830,0.00000284,200.00000000,0
1531175262343,1531175262339,2641831,0.00000284,10563.00000000,0
1531175284695,1531175284693,2641832,0.00000284,1233.00000000,0
1531175294965,1531175294963,2641833,0.00000283,4535.00000000,1
1531175298536,1531175298534,2641834,0.00000282,22381.00000000,1
1531175333165,1531175333162,2641835,0.00000283,3370.00000000,0
1531175339283,1531175339282,2641836,0.00000284,738.00000000,0
1531175367854,1531175367853,2641837,0.00000284,5285.00000000,0
1531175461158,1531175461157,2641838,0.00000284,3576.00000000,0
1531175590394,1531175590391,2641839,0.00000283,3669.00000000,1
1531175590394,1531175590391,2641840,0.00000282,1001.00000000,1
1531175596836,1531175596834,2641841,0.00000282,3903.00000000,1
1531175639479,1531175639478,2641842,0.00000282,12056.00000000,1
1531175645044,1531175645041,2641843,0.00000282,9210.00000000,1
1531175660881,1531175660876,2641844,0.00000282,7626.00000000,1
1531175660881,1531175660876,2641845,0.00000281,34439.00000000,1
1531175660881,1531175660876,2641846,0.00000281,16322.00000000,1
1531175661188,1531175661187,2641847,0.00000281,258.00000000,1
1531175678722,1531175678719,2641848,0.00000282,39627.00000000,0
1531175678722,1531175678719,2641849,0.00000283,10373.00000000,0
1531175679498,1531175679495,2641850,0.00000283,50000.00000000,0
1531175704991,1531175704991,2641851,0.00000282,532.00000000,0
1531175711499,1531175711498,2641852,0.00000281,1079.00000000,1
1531175732639,1531175732638,2641853,0.00000281,360.00000000,1
1531175763360,1531175763358,2641854,0.00000282,391.00000000,1
1531175803709,1531175803707,2641855,0.00000283,6472.00000000,0
1531175884154,1531175884152,2641856,0.00000283,563.00000000,1
1531175884373,1531175884372,2641857,0.00000284,347.00000000,0
1531175884971,1531175884969,2641858,0.00000283,601.00000000,1
1531175885764,1531175885763,2641859,0.00000283,354.00000000,1
1531175950089,1531175950087,2641860,0.00000284,9484.00000000,0
1531175959209,1531175959208,2641861,0.00000283,6350.00000000,1
1531175959217,1531175959215,2641862,0.00000283,133.00000000,1
1531175959217,1531175959215,2641863,0.00000282,2403.00000000,1
1531175984162,1531175984159,2641864,0.00000283,2819.00000000,1
1531175984191,1531175984189,2641865,0.00000282,1777.00000000,1
1531175997113,1531175997109,2641866,0.00000283,137.00000000,1
1531176106931,1531176106930,2641867,0.00000283,101.00000000,1
1531176155614,1531176155613,2641868,0.00000283,8308.00000000,1
1531176156142,1531176156142,2641869,0.00000283,532.00000000,1
1531176193782,1531176193781,2641870,0.00000283,7080.00000000,1
1531176280105,1531176280104,2641871,0.00000283,2819.00000000,1
1531176280116,1531176280115,2641872,0.00000282,2536.00000000,1
1531176344453,1531176344451,2641873,0.00000282,10000.00000000,1
1531176571803,1531176571801,2641874,0.00000282,8372.00000000,1
1531176577045,1531176577044,2641875,0.00000282,1414.00000000,1
1531176744871,1531176744870,2641876,0.00000283,70.00000000,0
1531176766427,1531176766424,2641877,0.00000282,88821.00000000,1
1531176821845,1531176821844,2641878,0.00000282,4521.00000000,1
1531176862531,1531176862529,2641879,0.00000282,339.00000000,1
1531176862531,1531176862529,2641880,0.00000281,3934.00000000,1
1531176941615,1531176941614,2641881,0.00000281,541.00000000,1
1531177029820,1531177029816,2641882,0.00000281,8645.00000000,1
1531177029912,1531177029911,2641883,0.00000281,3569.00000000,0
1531177030108,1531177030108,2641884,0.00000281,3572.00000000,0
1531177042300,1531177042300,2641885,0.00000281,2.00000000,0
1531177065179,1531177065179,2641886,0.00000280,399.00000000,1
1531177065374,1531177065372,2641887,0.00000280,544.00000000,1
1531177082979,1531177082976,2641888,0.00000281,1172.00000000,0
1531177084429,1531177084427,2641889,0.00000280,1083.00000000,1
1531177205662,1531177205662,2641890,0.00000281,54.00000000,0
1531177208230,1531177208228,2641891,0.00000281,31.00000000,0
1531177216890,1531177216889,2641892,0.00000280,350.00000000,1
1531177219766,1531177219766,2641893,0.00000281,663.00000000,0
1531177272814,1531177272814,2641894,0.00000281,362.00000000,0
1531177275205,1531177275205,2641895,0.00000281,1.00000000,0
1531177372854,1531177372854,2641896,0.00000281,1141.00000000,0
1531177374229,1531177374230,2641897,0.00000281,1967.00000000,0
1531177516484,1531177516485,2641898,0.00000281,3462.00000000,0
1531177537863,1531177537864,2641899,0.00000281,10617.00000000,1
1531177537863,1531177537864,2641900,0.00000280,8626.00000000,1
1531177557340,1531177557338,2641901,0.00000282,5697.00000000,0
1531177628749,1531177628750,2641902,0.00000281,2839.00000000,1
1531177638331,1531177638331,2641903,0.00000280,91.00000000,1
1531177656231,1531177656232,2641904,0.00000280,1879.00000000,1
1531177799094,1531177799095,2641905,0.00000282,847.00000000,0
1531177824546,1531177824548,2641906,0.00000282,3045.00000000,1
1531177824566,1531177824569,2641907,0.00000281,1431.00000000,1
1531177835529,1531177835531,2641908,0.00000282,5448.00000000,1
1531177872752,1531177872754,2641909,0.00000282,2.00000000,1
1531177903934,1531177903935,2641910,0.00000282,4234.00000000,1
1531177905551,1531177905551,2641911,0.00000282,3521.00000000,1
1531178014060,1531178014063,2641912,0.00000283,140.00000000,0
1531178138146,1531178138150,2641913,0.00000282,1967.00000000,1
1531178245877,1531178245880,2641914,0.00000282,2495.00000000,1
1531178327427,1531178327429,2641915,0.00000282,192.00000000,0
1531178405430,1531178405434,2641916,0.00000282,7000.00000000,0
1531178523660,1531178523661,2641917,0.00000281,14037.00000000,1
1531178523660,1531178523661,2641918,0.00000280,213616.00000000,1
1531178533238,1531178533243,2641919,0.00000281,39068.00000000,0
1531178533238,1531178533243,2641920,0.00000282,10932.00000000,0
1531178534018,1531178534022,2641921,0.00000282,13361.00000000,0
1531178537237,1531178537241,2641922,0.00000281,2839.00000000,0
1531178540919,1531178540924,2641923,0.00000282,2.00000000,0
1531178549288,1531178549291,2641924,0.00000281,12818.00000000,0
1531178549288,1531178549291,2641925,0.00000282,37182.00000000,0
1531178550538,1531178550543,2641926,0.00000282,50000.00000000,0
1531178581557,1531178581559,2641927,0.00000280,1083.00000000,1
1531178591701,1531178591704,2641928,0.00000281,4869.00000000,0
1531178591701,1531178591704,2641929,0.00000282,45131.00000000,0
1531178602295,1531178602300,2641930,0.00000280,4690.00000000,1
1531178613181,1531178613186,2641931,0.00000281,6206.00000000,1
1531178631203,1531178631204,2641932,0.00000281,7303.00000000,1
1531178631910,1531178631913,2641933,0.00000282,3893.00000000,0
1531178631910,1531178631913,2641934,0.00000283,46107.00000000,0
1531178646252,1531178646255,2641935,0.00000283,50000.00000000,0
1531178648835,1531178648837,2641936,0.00000284,36383.00000000,0
1531178665197,1531178665202,2641937,0.00000282,5968.00000000,1
1531178665200,1531178665205,2641938,0.00000282,450.00000000,1
1531178687177,1531178687181,2641939,0.00000283,429.00000000,0
1531178723111,1531178723116,2641940,0.00000283,5926.00000000,0
1531178725005,1531178725011,2641941,0.00000283,859.00000000,0
1531178728866,1531178728871,2641942,0.00000283,4444.00000000,0
1531178732604,1531178732607,2641943,0.00000283,7263.00000000,1
1531178732620,1531178732626,2641944,0.00000283,4318.00000000,0
1531178732652,1531178732658,2641945,0.00000283,1753.00000000,0
1531178741993,1531178741998,2641946,0.00000283,7901.00000000,1
1531178764421,1531178764425,2641947,0.00000284,1233.00000000,0
1531178811014,1531178811020,2641948,0.00000283,67.00000000,0
1531178832914,1531178832919,2641949,0.00000283,1766.00000000,0
1531178853135,1531178853138,2641950,0.00000282,27558.00000000,1
1531178872186,1531178872191,2641951,0.00000282,26865.00000000,1
1531178875622,1531178875626,2641952,0.00000282,2000.00000000,1
1531178916026,1531178916032,2641953,0.00000282,5477.00000000,1
1531178925535,1531178925541,2641954,0.00000283,245.00000000,0
1531178954653,1531178954657,2641955,0.00000283,3472.00000000,0
1531178954653,1531178954657,2641956,0.00000284,61.00000000,0
1531178975498,1531178975503,2641957,0.00000282,1496.00000000,1
1531178975498,1531178975503,2641958,0.00000281,1821.00000000,1
1531178986582,1531178986586,2641959,0.00000284,880.00000000,0
1531179020969,1531179020974,2641960,0.00000283,362.00000000,0
1531179021835,1531179021841,2641961,0.00000282,59.00000000,1
1531179068212,1531179068218,2641962,0.00000282,6865.00000000,1
1531179132469,1531179132475,2641963,0.00000283,2402.00000000,0
1531179132469,1531179132475,2641964,0.00000284,1131.00000000,0
1531179192180,1531179192184,2641965,0.00000284,59.00000000,0
1531179256168,1531179256175,2641966,0.00000281,1090.00000000,1
1531179329427,1531179329433,2641967,0.00000281,24395.00000000,1
1531179364978,1531179364981,2641968,0.00000281,2233.00000000,1
1531179670584,1531179670590,2641969,0.00000282,7927.00000000,1
1531179699750,1531179699756,2641970,0.00000282,7625.00000000,1
1531179699759,1531179699766,2641971,0.00000282,7624.00000000,1
1531179730864,1531179730869,2641972,0.00000282,4.00000000,0
1531179792388,1531179792389,2641973,0.00000281,119621.00000000,1
1531179792388,1531179792389,2641974,0.00000280,110097.00000000,1
1531179816167,1531179816174,2641975,0.00000281,3.00000000,0
1531179833753,1531179833760,2641976,0.00000280,1766.00000000,1
1531179855332,1531179855339,2641977,0.00000280,4690.00000000,1
1531179876332,1531179876338,2641978,0.00000280,361.00000000,1
1531179889858,1531179889864,2641979,0.00000280,15394.00000000,1
1531179890314,1531179890320,2641980,0.00000280,1087.00000000,0
1531179890351,1531179890355,2641981,0.00000280,3608.00000000,0
1531179903577,1531179903583,2641982,0.00000279,395.00000000,1
1531179904880,1531179904887,2641983,0.00000279,1572.00000000,1
1531179905647,1531179905652,2641984,0.00000279,395.00000000,1
1531179923340,1531179923346,2641985,0.00000280,6660.00000000,0
1531179933963,1531179933969,2641986,0.00000279,1087.00000000,1
1531179945489,1531179945496,2641987,0.00000279,546.00000000,1
1531179945898,1531179945906,2641988,0.00000279,1273.00000000,1
1531179984882,1531179984889,2641989,0.00000279,4081.00000000,1
1531180016078,1531180016086,2641990,0.00000279,3409.00000000,1
1531180024035,1531180024038,2641991,0.00000279,431.00000000,1
1531180024437,1531180024442,2641992,0.00000280,516.00000000,0
1531180084558,1531180084564,2641993,0.00000279,825.00000000,1
1531180085419,1531180085428,2641994,0.00000280,608.00000000,0
1531180145476,1531180145483,2641995,0.00000279,395.00000000,1
1531180180051,1531180180055,2641996,0.00000279,5960.00000000,1
1531180180051,1531180180055,2641997,0.00000278,121960.00000000,1
1531180180051,1531180180055,2641998,0.00000278,8340.00000000,1
1531180184466,1531180184474,2641999,0.00000279,242.00000000,0
1531180184785,1531180184793,2642000,0.00000279,1.00000000,0
1531180187427,1531180187433,2642001,0.00000278,17162.00000000,1
1531180187811,1531180187817,2642002,0.00000278,2794.00000000,1
1531180188774,1531180188781,2642003,0.00000279,8446.00000000,0
1531180188782,1531180188789,2642004,0.00000279,905.00000000,0
1531180220011,1531180220019,2642005,0.00000278,364.00000000,1
1531180224368,1531180224376,2642006,0.00000278,3424.00000000,1
1531180227337,1531180227343,2642007,0.00000279,215000.00000000,0
1531180228595,1531180228602,2642008,0.00000279,105000.00000000,0
1531180239101,1531180239107,2642009,0.00000278,4724.00000000,0
1531180239340,1531180239346,2642010,0.00000278,19000.00000000,0
1531180263532,1531180263538,2642011,0.00000278,1080.00000000,1
1531180263712,1531180263719,2642012,0.00000278,1799.00000000,1
1531180264146,1531180264151,2642013,0.00000278,396.00000000,1
1531180264492,1531180264500,2642014,0.00000278,396.00000000,1
1531180264940,1531180264946,2642015,0.00000278,1259.00000000,1
1531180265288,1531180265294,2642016,0.00000278,540.00000000,1
1531180265848,1531180265853,2642017,0.00000278,28562.00000000,1
1531180267613,1531180267620,2642018,0.00000277,3424.00000000,1
1531180272977,1531180272983,2642019,0.00000279,35.00000000,0
1531180276037,1531180276042,2642020,0.00000279,85935.00000000,0
1531180276754,1531180276763,2642021,0.00000280,513.00000000,0
1531180317227,1531180317233,2642022,0.00000280,36126.00000000,0
1531180324693,1531180324698,2642023,0.00000279,395.00000000,1
1531180334714,1531180334720,2642024,0.00000279,8154.00000000,1
1531180334738,1531180334745,2642025,0.00000279,2536.00000000,1
1531180430683,1531180430692,2642026,0.00000279,540.00000000,1
1531180430735,1531180430742,2642027,0.00000278,540.00000000,1
1531180545530,1531180545537,2642028,0.00000280,506.00000000,0
1531180571327,1531180571332,2642029,0.00000280,1785.00000000,0
1531180688375,1531180688382,2642030,0.00000279,9128.00000000,1
1531180707178,1531180707183,2642031,0.00000278,368.00000000,1
1531180821460,1531180821467,2642032,0.00000278,2.00000000,1
1531180967769,1531180967773,2642033,0.00000280,3571.00000000,0
1531181021536,1531181021542,2642034,0.00000278,50711.00000000,1
1531181054472,1531181054476,2642035,0.00000280,11.00000000,0
1531181195863,1531181195868,2642036,0.00000280,2000.00000000,0
1531181204768,1531181204772,2642037,0.00000278,4585.00000000,1
1531181209744,1531181209748,2642038,0.00000278,4598.00000000,1
1531181209775,1531181209780,2642039,0.00000278,2536.00000000,1
1531181236569,1531181236573,2642040,0.00000280,3571.00000000,0
1531181303240,1531181303245,2642041,0.00000278,3405.00000000,1
1531181518471,1531181518459,2642042,0.00000278,3694.00000000,1
1531181569702,1531181569706,2642043,0.00000278,17.00000000,1
1531181623681,1531181623685,2642044,0.00000278,1998.00000000,1
1531181643831,1531181643819,2642045,0.00000278,38712.00000000,1
1531181643831,1531181643819,2642046,0.00000277,64835.00000000,1
1531181643831,1531181643819,2642047,0.00000276,436937.00000000,1
1531181643831,1531181643819,2642048,0.00000275,106689.00000000,1
1531181643831,1531181643819,2642049,0.00000274,8165.00000000,1
1531181643831,1531181643819,2642050,0.00000274,1000.00000000,1
1531181643832,1531181643819,2642051,0.00000274,29220.00000000,1
1531181643832,1531181643819,2642052,0.00000274,15000.00000000,1
1531181643833,1531181643819,2642053,0.00000274,31565.00000000,1
1531181643833,1531181643819,2642054,0.00000274,632.00000000,1
1531181643834,1531181643819,2642055,0.00000274,1518.00000000,1
1531181643834,1531181643819,2642056,0.00000274,20351.00000000,1
1531181643835,1531181643819,2642057,0.00000274,22499.00000000,1
1531181643836,1531181643819,2642058,0.00000274,23486.00000000,1
1531181643837,1531181643819,2642059,0.00000273,5435.00000000,1
1531181643839,1531181643819,2642060,0.00000273,118702.00000000,1
1531181643840,1531181643819,2642061,0.00000273,36346.00000000,1
1531181643840,1531181643819,2642062,0.00000273,5159.00000000,1
1531181643841,1531181643819,2642063,0.00000273,34253.00000000,1
1531181643841,1531181643819,2642064,0.00000273,6000.00000000,1
1531181643842,1531181643819,2642065,0.00000273,1750.00000000,1
1531181643842,1531181643819,2642066,0.00000273,48967.00000000,1
1531181643843,1531181643819,2642067,0.00000273,35767.00000000,1
1531181643853,1531181643850,2642068,0.00000274,18960.00000000,0
1531181643853,1531181643850,2642069,0.00000274,1350.00000000,0
1531181643857,1531181643857,2642070,0.00000274,1350.00000000,0
1531181643857,1531181643857,2642071,0.00000274,1350.00000000,0
1531181643859,1531181643858,2642072,0.00000274,3181.00000000,0
1531181643859,1531181643860,2642073,0.00000274,932.00000000,0
1531181643866,1531181643870,2642074,0.00000274,2536.00000000,0
1531181643867,1531181643871,2642075,0.00000274,3401.00000000,0
1531181643869,1531181643872,2642076,0.00000273,2700.00000000,1
1531181643875,1531181643878,2642077,0.00000274,932.00000000,0
1531181643875,1531181643879,2642078,0.00000274,113284.00000000,0
1531181643887,1531181643891,2642079,0.00000274,3401.00000000,0
1531181643898,1531181643901,2642080,0.00000274,3401.00000000,0
1531181643908,1531181643913,2642081,0.00000274,912.00000000,0
1531181643910,1531181643913,2642082,0.00000274,1824.00000000,0
1531181643937,1531181643941,2642083,0.00000274,172349.00000000,0
1531181643942,1531181643945,2642084,0.00000274,2631.00000000,0
1531181643968,1531181643973,2642085,0.00000274,5831.00000000,0
1531181643996,1531181643999,2642086,0.00000275,23227.00000000,0
1531181644002,1531181644004,2642087,0.00000275,128455.00000000,0
1531181644002,1531181644004,2642088,0.00000276,10512.00000000,0
1531181644329,1531181644333,2642089,0.00000275,13987.00000000,0
1531181644395,1531181644398,2642090,0.00000276,394.00000000,0
1531181644440,1531181644445,2642091,0.00000276,579.00000000,0
1531181644492,1531181644493,2642092,0.00000276,11301.00000000,0
1531181644662,1531181644666,2642093,0.00000276,5086.00000000,0
1531181644785,1531181644789,2642094,0.00000276,5086.00000000,0
1531181644915,1531181644918,2642095,0.00000276,631.00000000,0
1531181645029,1531181645032,2642096,0.00000276,51890.00000000,0
1531181645029,1531181645032,2642097,0.00000277,53110.00000000,0
1531181645547,1531181645552,2642098,0.00000275,462.00000000,1
1531181645611,1531181645614,2642099,0.00000276,957.00000000,0
1531181645758,1531181645759,2642100,0.00000275,4.00000000,1
1531181645965,1531181645969,2642101,0.00000275,25516.00000000,1
1531181646744,1531181646747,2642102,0.00000276,8658.00000000,0
1531181646744,1531181646747,2642103,0.00000277,41342.00000000,0
1531181648430,1531181648434,2642104,0.00000276,18478.00000000,0
1531181648430,1531181648434,2642105,0.00000277,31522.00000000,0
1531181649298,1531181649300,2642106,0.00000277,105000.00000000,0
1531181650473,1531181650476,2642107,0.00000277,4853.00000000,0
1531181652881,1531181652885,2642108,0.00000275,3342.00000000,1
1531181652882,1531181652885,2642109,0.00000274,1498.00000000,1
1531181653522,1531181653527,2642110,0.00000277,365.00000000,0
1531181654228,1531181654232,2642111,0.00000277,513.00000000,0
1531181654351,1531181654353,2642112,0.00000275,20000.00000000,1
1531181654359,1531181654362,2642113,0.00000275,14143.00000000,1
1531181654824,1531181654827,2642114,0.00000275,14143.00000000,1
1531181654842,1531181654845,2642115,0.00000275,2739.00000000,1
1531181655209,1531181655212,2642116,0.00000277,3000.00000000,0
1531181655493,1531181655495,2642117,0.00000277,2000.00000000,0
1531181655735,1531181655739,2642118,0.00000277,400.00000000,0
1531181656014,1531181656017,2642119,0.00000277,1000.00000000,0
1531181656666,1531181656669,2642120,0.00000277,1.00000000,0
1531181662469,1531181662471,2642121,0.00000277,50000.00000000,0
1531181663373,1531181663374,2642122,0.00000277,32329.00000000,0
1531181664094,1531181664098,2642123,0.00000276,3071.00000000,1
1531181664937,1531181664941,2642124,0.00000276,363.00000000,1
1531181668277,1531181668280,2642125,0.00000276,2.00000000,1
1531181668735,1531181668739,2642126,0.00000276,3.00000000,1
1531181670082,1531181670086,2642127,0.00000276,3.00000000,1
1531181673359,1531181673364,2642128,0.00000276,366.00000000,1
1531181675334,1531181675337,2642129,0.00000276,2516.00000000,1
1531181675334,1531181675337,2642130,0.00000275,20.00000000,1
1531181682993,1531181682996,2642131,0.00000275,1265.00000000,1
1531181683482,1531181683482,2642132,0.00000275,3184.00000000,1
1531181684527,1531181684531,2642133,0.00000275,3401.00000000,1
1531181685559,1531181685561,2642134,0.00000275,3436.00000000,1
1531181693723,1531181693727,2642135,0.00000275,1102.00000000,1
1531181694286,1531181694252,2642136,0.00000275,4775.00000000,1
1531181694754,1531181694757,2642137,0.00000275,368.00000000,1
1531181694915,1531181694919,2642138,0.00000275,772.00000000,1
1531181696855,1531181696856,2642139,0.00000275,1030.00000000,1
1531181703519,1531181703523,2642140,0.00000275,437.00000000,1
1531181703841,1531181703843,2642141,0.00000275,401.00000000,1
1531181704012,1531181704016,2642142,0.00000276,577.00000000,0
1531181704161,1531181704164,2642143,0.00000275,1091.00000000,1
1531181704218,1531181704221,2642144,0.00000275,401.00000000,1
1531181704256,1531181704259,2642145,0.00000275,546.00000000,1
1531181704517,1531181704521,2642146,0.00000275,401.00000000,1
1531181704551,1531181704554,2642147,0.00000275,837.00000000,1
1531181704967,1531181704971,2642148,0.00000275,1273.00000000,1
1531181705174,1531181705177,2642149,0.00000275,401.00000000,1
1531181706941,1531181706944,2642150,0.00000276,222.00000000,0
1531181713905,1531181713908,2642151,0.00000275,368.00000000,1
1531181714415,1531181714418,2642152,0.00000275,368.00000000,1
1531181717318,1531181717321,2642153,0.00000276,1195.00000000,0
1531181726157,1531181726161,2642154,0.00000275,30000.00000000,1
1531181735690,1531181735694,2642155,0.00000275,2063.00000000,1
1531181746207,1531181746209,2642156,0.00000276,7191.00000000,0
1531181748181,1531181748185,2642157,0.00000276,19144.00000000,0
1531181751096,1531181751099,2642158,0.00000275,3607.00000000,1
1531181755722,1531181755724,2642159,0.00000275,368.00000000,0
1531181806833,1531181806835,2642160,0.00000274,3389.00000000,1
1531181819151,1531181819152,2642161,0.00000276,16200.00000000,1
1531181819151,1531181819152,2642162,0.00000275,150252.00000000,1
1531181819151,1531181819152,2642163,0.00000274,97242.00000000,1
1531181819167,1531181819170,2642164,0.00000274,3275.00000000,0
1531181819197,1531181819201,2642165,0.00000275,1757.00000000,1
1531181820065,1531181820067,2642166,0.00000275,12313.00000000,1
1531181821788,1531181821790,2642167,0.00000275,12809.00000000,1
1531181821801,1531181821804,2642168,0.00000275,5804.00000000,0
1531181821835,1531181821838,2642169,0.00000276,5804.00000000,0
1531181832278,1531181832282,2642170,0.00000276,6909.00000000,0
1531181832280,1531181832284,2642171,0.00000276,6790.00000000,0
1531181832289,1531181832294,2642172,0.00000276,6921.00000000,0
1531181832313,1531181832317,2642173,0.00000276,2412.00000000,0
1531181853380,1531181853383,2642174,0.00000276,1281.00000000,0
1531181854693,1531181854695,2642175,0.00000276,50.00000000,0
1531181880403,1531181880405,2642176,0.00000276,1257.00000000,0
1531181884072,1531181884076,2642177,0.00000275,401.00000000,1
1531181884165,1531181884169,2642178,0.00000275,1273.00000000,1
1531181884477,1531181884480,2642179,0.00000275,401.00000000,1
1531181884635,1531181884639,2642180,0.00000275,546.00000000,1
1531181892630,1531181892633,2642181,0.00000276,317.00000000,0
1531181892678,1531181892681,2642182,0.00000276,2536.00000000,1
1531181895458,1531181895460,2642183,0.00000277,3972.00000000,0
1531181896640,1531181896644,2642184,0.00000277,8838.00000000,0
1531181898228,1531181898231,2642185,0.00000277,4833.00000000,0
1531181915743,1531181915744,2642186,0.00000276,556.00000000,1
1531181926369,1531181926373,2642187,0.00000276,3858.00000000,0
1531181926406,1531181926409,2642188,0.00000276,2277.00000000,0
1531181927741,1531181927743,2642189,0.00000276,9821.00000000,0
1531181927741,1531181927743,2642190,0.00000277,150179.00000000,0
1531181928953,1531181928954,2642191,0.00000277,43145.00000000,0
1531181928953,1531181928954,2642192,0.00000278,61855.00000000,0
1531181950553,1531181950553,2642193,0.00000277,1063.00000000,0
1531182009857,1531182009861,2642194,0.00000278,19.00000000,0
1531182026712,1531182026715,2642195,0.00000277,10000.00000000,1
1531182026714,1531182026718,2642196,0.00000277,1573.00000000,1
1531182026714,1531182026718,2642197,0.00000276,8427.00000000,1
1531182026721,1531182026725,2642198,0.00000276,2536.00000000,1
1531182026850,1531182026852,2642199,0.00000276,11520.00000000,1
1531182050510,1531182050513,2642200,0.00000276,132827.00000000,1
1531182060371,1531182060371,2642201,0.00000278,57452.00000000,0
1531182065891,1531182065895,2642202,0.00000278,3807.00000000,1
1531182066020,1531182066023,2642203,0.00000279,3229.00000000,0
1531182067522,1531182067524,2642204,0.00000279,1349.00000000,0
1531182105285,1531182105287,2642205,0.00000278,4220.00000000,1
1531182115176,1531182115178,2642206,0.00000278,3965.00000000,1
1531182172184,1531182172185,2642207,0.00000278,27943.00000000,1
1531182173228,1531182173230,2642208,0.00000278,4051.00000000,0
1531182205540,1531182205543,2642209,0.00000278,1899.00000000,0
1531182244484,1531182244486,2642210,0.00000278,519.00000000,0
1531182306865,1531182306866,2642211,0.00000277,486.00000000,1
1531182313244,1531182313246,2642212,0.00000277,2311.00000000,0
1531182319701,1531182319702,2642213,0.00000278,513.00000000,0
1531182346332,1531182346335,2642214,0.00000277,5201.00000000,0
1531182389503,1531182389506,2642215,0.00000278,7611.00000000,0
1531182414356,1531182414356,2642216,0.00000278,18.00000000,0
1531182522720,1531182522722,2642217,0.00000278,8.00000000,0
1531182624549,1531182624552,2642218,0.00000278,69.00000000,0
1531182652188,1531182652191,2642219,0.00000277,5146.00000000,1
1531182652188,1531182652191,2642220,0.00000276,5449.00000000,1
1531182655966,1531182655969,2642221,0.00000276,20000.00000000,1
1531182660882,1531182660884,2642222,0.00000276,12000.00000000,1
1531182673590,1531182673591,2642223,0.00000277,49119.00000000,0
1531182673590,1531182673591,2642224,0.00000278,881.00000000,0
1531182684748,1531182684750,2642225,0.00000277,4992.00000000,0
1531182695544,1531182695544,2642226,0.00000278,170034.00000000,0
1531182695544,1531182695544,2642227,0.00000279,44966.00000000,0
1531182727542,1531182727546,2642228,0.00000279,40.00000000,0
1531182783749,1531182783751,2642229,0.00000279,81.00000000,0
1531182806130,1531182806133,2642230,0.00000279,1470.00000000,0
1531182815587,1531182815587,2642231,0.00000278,400.00000000,1
1531182846175,1531182846177,2642232,0.00000278,4600.00000000,1
1531182934189,1531182934188,2642233,0.00000278,21307.00000000,1
1531182934189,1531182934188,2642234,0.00000277,11602.00000000,1
1531182942947,1531182942948,2642235,0.00000278,3647.00000000,0
1531182945581,1531182945582,2642236,0.00000278,7103.00000000,0
1531182945588,1531182945590,2642237,0.00000278,500.00000000,0
1531182993622,1531182993621,2642238,0.00000277,25267.00000000,1
1531182994354,1531182994356,2642239,0.00000277,24888.00000000,0
1531182994517,1531182994519,2642240,0.00000277,1255.00000000,0
1531182995600,1531182995602,2642241,0.00000277,3189.00000000,0
1531182999396,1531182999397,2642242,0.00000278,470.00000000,0
1531183001404,1531183001406,2642243,0.00000278,513.00000000,0
1531183002476,1531183002479,2642244,0.00000278,3436.00000000,0
1531183004514,1531183004514,2642245,0.00000277,1846.00000000,0
1531183013870,1531183013869,2642246,0.00000276,500.00000000,1
1531183015499,1531183015499,2642247,0.00000277,1890.00000000,0
1531183024299,1531183024297,2642248,0.00000277,1.00000000,0
1531183024495,1531183024496,2642249,0.00000277,1669.00000000,0
1531183031645,1531183031644,2642250,0.00000278,37377.00000000,0
1531183031645,1531183031644,2642251,0.00000279,12623.00000000,0
1531183032434,1531183032434,2642252,0.00000279,50000.00000000,0
1531183035529,1531183035529,2642253,0.00000278,1861.00000000,0
1531183045507,1531183045508,2642254,0.00000278,2103.00000000,0
1531183047397,1531183047399,2642255,0.00000277,365.00000000,1
1531183055663,1531183055664,2642256,0.00000278,1997.00000000,0
1531183205395,1531183205394,2642257,0.00000279,2429.00000000,0
1531183205679,1531183205677,2642258,0.00000279,413.00000000,0
1531183218657,1531183218657,2642259,0.00000279,1598.00000000,0
1531183226736,1531183226737,2642260,0.00000279,1890.00000000,0
1531183237734,1531183237733,2642261,0.00000279,1516.00000000,0
1531183246763,1531183246764,2642262,0.00000279,1933.00000000,0
1531183249990,1531183249991,2642263,0.00000278,80.00000000,1
1531183350964,1531183350963,2642264,0.00000279,1634.00000000,0
1531183356528,1531183356529,2642265,0.00000279,1650.00000000,0
1531183376622,1531183376622,2642266,0.00000279,1506.00000000,0
1531183385553,1531183385553,2642267,0.00000279,1609.00000000,0
1531183393549,1531183393549,2642268,0.00000279,1636.00000000,0
1531183403988,1531183403987,2642269,0.00000279,1505.00000000,0
1531183414557,1531183414557,2642270,0.00000279,1838.00000000,0
1531183433658,1531183433656,2642271,0.00000279,1565.00000000,0
1531183443965,1531183443965,2642272,0.00000280,80.00000000,0
1531183445699,1531183445699,2642273,0.00000279,2097.00000000,0
1531183453761,1531183453761,2642274,0.00000279,1650.00000000,0
1531183464919,1531183464918,2642275,0.00000279,2011.00000000,0
1531183469175,1531183469175,2642276,0.00000279,4754.00000000,1
1531183478945,1531183478943,2642277,0.00000279,6934.00000000,1
1531183484234,1531183484234,2642278,0.00000279,3585.00000000,1
1531183488690,1531183488690,2642279,0.00000279,26208.00000000,1
1531183489686,1531183489686,2642280,0.00000279,6006.00000000,1
1531183490684,1531183490684,2642281,0.00000279,6938.00000000,1
1531183533770,1531183533769,2642282,0.00000279,5080.00000000,0
1531183533770,1531183533769,2642283,0.00000280,733.00000000,0
1531183555005,1531183555003,2642284,0.00000278,80.00000000,1
1531183665859,1531183665859,2642285,0.00000280,513.00000000,0
1531183763276,1531183763272,2642286,0.00000279,1787.00000000,0
1531183763276,1531183763272,2642287,0.00000280,105785.00000000,0
1531183763289,1531183763284,2642288,0.00000280,6450.00000000,1
1531183763675,1531183763673,2642289,0.00000279,57567.00000000,1
1531183763706,1531183763704,2642290,0.00000278,26217.00000000,1
1531183786300,1531183786298,2642291,0.00000279,79.00000000,0
1531183960259,1531183960258,2642292,0.00000278,11.00000000,1
1531184018212,1531184018208,2642293,0.00000278,2.00000000,1
1531184163313,1531184163311,2642294,0.00000278,2000.00000000,1
1531184171814,1531184171812,2642295,0.00000279,27489.00000000,0
1531184171814,1531184171812,2642296,0.00000280,22511.00000000,0
1531184175159,1531184175157,2642297,0.00000279,5.00000000,0
1531184176309,1531184176307,2642298,0.00000279,1031.00000000,0
1531184185385,1531184185384,2642299,0.00000279,1572.00000000,0
1531184185423,1531184185422,2642300,0.00000279,20939.00000000,1
1531184185666,1531184185664,2642301,0.00000280,451.00000000,0
1531184185682,1531184185680,2642302,0.00000280,2295.00000000,1
1531184263668,1531184263664,2642303,0.00000279,1648.00000000,0
1531184271070,1531184271068,2642304,0.00000279,3239.00000000,1
1531184271078,1531184271077,2642305,0.00000278,2985.00000000,1
1531184271082,1531184271079,2642306,0.00000278,2536.00000000,1
1531184321657,1531184321654,2642307,0.00000278,21175.00000000,1
1531184428934,1531184428931,2642308,0.00000279,3584.00000000,0
1531184584059,1531184584055,2642309,0.00000278,400.00000000,1
1531184601294,1531184601289,2642310,0.00000278,54.00000000,1
1531184816546,1531184816543,2642311,0.00000279,46.00000000,0
1531184905162,1531184905157,2642312,0.00000278,17711.00000000,1
1531184905828,1531184905824,2642313,0.00000278,4517.00000000,0
1531184919450,1531184919447,2642314,0.00000278,3603.00000000,0
1531184927785,1531184927782,2642315,0.00000277,3590.00000000,1
1531184934684,1531184934680,2642316,0.00000278,1.00000000,0
1531184960361,1531184960357,2642317,0.00000278,6156.00000000,0
1531184960406,1531184960402,2642318,0.00000278,2536.00000000,0
1531184966217,1531184966213,2642319,0.00000278,3951.00000000,0
1531184967788,1531184967782,2642320,0.00000279,513.00000000,0
1531185004008,1531185004003,2642321,0.00000277,398.00000000,1
1531185028439,1531185028436,2642322,0.00000278,22589.00000000,0
1531185047309,1531185047303,2642323,0.00000278,3625.00000000,0
1531185048818,1531185048814,2642324,0.00000278,3908.00000000,0
1531185051509,1531185051506,2642325,0.00000278,3577.00000000,0
1531185087855,1531185087852,2642326,0.00000278,5050.00000000,0
1531185088883,1531185088880,2642327,0.00000278,5050.00000000,0
1531185094310,1531185094306,2642328,0.00000278,13.00000000,0
1531185094786,1531185094781,2642329,0.00000278,5950.00000000,0
1531185110824,1531185110818,2642330,0.00000278,1712.00000000,0
1531185130511,1531185130505,2642331,0.00000278,2078.00000000,0
1531185322356,1531185322350,2642332,0.00000278,50574.00000000,0
1531185376869,1531185376865,2642333,0.00000278,4151.00000000,0
1531185428917,1531185428910,2642334,0.00000278,5506.00000000,0
1531185446992,1531185446986,2642335,0.00000278,4974.00000000,0
1531185683893,1531185683888,2642336,0.00000277,250.00000000,1
1531185685330,1531185685326,2642337,0.00000279,513.00000000,0
1531185712687,1531185712680,2642338,0.00000278,1855.00000000,0
1531185712706,1531185712700,2642339,0.00000278,1651.00000000,1
1531185722658,1531185722652,2642340,0.00000278,1.00000000,0
1531185748408,1531185748403,2642341,0.00000278,59.00000000,0
1531185871247,1531185871242,2642342,0.00000277,9602.00000000,1
1531185874203,1531185874198,2642343,0.00000278,5.00000000,0
1531185881681,1531185881675,2642344,0.00000277,2836.00000000,1
1531185883507,1531185883501,2642345,0.00000277,1103.00000000,1
1531185903632,1531185903627,2642346,0.00000277,1805.00000000,0
1531185914576,1531185914570,2642347,0.00000277,495.00000000,0
1531185923126,1531185923120,2642348,0.00000276,1379.00000000,1
1531185945215,1531185945208,2642349,0.00000277,5800.00000000,0
1531185966088,1531185966081,2642350,0.00000277,8.00000000,0
1531185969103,1531185969097,2642351,0.00000277,1.00000000,0
1531185979460,1531185979455,2642352,0.00000277,10786.00000000,0
1531186000393,1531186000387,2642353,0.00000277,7490.00000000,0
1531186000400,1531186000395,2642354,0.00000277,2099.00000000,0
1531186007400,1531186007394,2642355,0.00000277,3565.00000000,0
1531186022406,1531186022399,2642356,0.00000277,2888.00000000,0
1531186027933,1531186027927,2642357,0.00000277,8035.00000000,0
1531186050397,1531186050390,2642358,0.00000276,25840.00000000,1
1531186050421,1531186050415,2642359,0.00000276,1921.00000000,0
1531186050423,1531186050418,2642360,0.00000276,1918.00000000,0
1531186050437,1531186050430,2642361,0.00000276,437.00000000,0
1531186050444,1531186050438,2642362,0.00000276,6856.00000000,0
1531186053598,1531186053592,2642363,0.00000276,423.00000000,1
1531186057972,1531186057966,2642364,0.00000276,4.00000000,0
1531186083726,1531186083721,2642365,0.00000275,401.00000000,1
1531186095891,1531186095885,2642366,0.00000275,1102.00000000,1
1531186096585,1531186096579,2642367,0.00000275,4775.00000000,1
1531186108093,1531186108086,2642368,0.00000275,1814.00000000,1
1531186116892,1531186116885,2642369,0.00000275,368.00000000,1
1531186143701,1531186143695,2642370,0.00000275,546.00000000,1
1531186143784,1531186143778,2642371,0.00000275,437.00000000,1
1531186144232,1531186144227,2642372,0.00000276,523.00000000,0
1531186144424,1531186144419,2642373,0.00000275,1273.00000000,1
1531186162370,1531186162364,2642374,0.00000276,1270.00000000,0
1531186221068,1531186221061,2642375,0.00000276,50000.00000000,0
1531186221847,1531186221840,2642376,0.00000276,50000.00000000,0
1531186284844,1531186284838,2642377,0.00000276,1274.00000000,0
1531186299147,1531186299140,2642378,0.00000275,2362.00000000,1
1531186341822,1531186341816,2642379,0.00000276,51352.00000000,0
1531186349615,1531186349609,2642380,0.00000277,3247.00000000,0
1531186356829,1531186356824,2642381,0.00000277,2409.00000000,0
1531186413949,1531186413943,2642382,0.00000276,7142.00000000,1
1531186413949,1531186413943,2642383,0.00000275,2858.00000000,1
1531186562260,1531186562255,2642384,0.00000275,34333.00000000,1
1531186586796,1531186586792,2642385,0.00000276,14562.00000000,0
1531186655926,1531186655919,2642386,0.00000276,1275.00000000,0
1531186688791,1531186688784,2642387,0.00000276,8156.00000000,0
1531186787522,1531186787517,2642388,0.00000276,5000.00000000,0
1531186790435,1531186790430,2642389,0.00000276,4545.00000000,0
1531186792107,1531186792102,2642390,0.00000276,3402.00000000,0
1531186792107,1531186792102,2642391,0.00000277,1598.00000000,0
1531186795619,1531186795614,2642392,0.00000277,513.00000000,0
1531186820452,1531186820447,2642393,0.00000276,1931.00000000,0
1531186918765,1531186918758,2642394,0.00000276,2665.00000000,0
1531186918765,1531186918758,2642395,0.00000277,1335.00000000,0
1531186975223,1531186975218,2642396,0.00000276,1627.00000000,0
1531186975223,1531186975218,2642397,0.00000277,1996.00000000,0
1531187167301,1531187167296,2642398,0.00000276,22.00000000,0
1531187259138,1531187259132,2642399,0.00000276,160000.00000000,0
1531187260602,1531187260597,2642400,0.00000276,160000.00000000,0
1531187260968,1531187260963,2642401,0.00000276,206881.00000000,0
1531187261533,1531187261528,2642402,0.00000275,31088.00000000,1
1531187270245,1531187270241,2642403,0.00000277,3.00000000,0
1531187317958,1531187317951,2642404,0.00000276,8526.00000000,0
1531187337976,1531187337971,2642405,0.00000276,10168.00000000,0
1531187346967,1531187346963,2642406,0.00000276,8520.00000000,0
1531187356955,1531187356950,2642407,0.00000276,6902.00000000,0
1531187365968,1531187365963,2642408,0.00000276,8397.00000000,0
1531187375964,1531187375960,2642409,0.00000276,6111.00000000,0
1531187433624,1531187433619,2642410,0.00000276,4164.00000000,1
1531187454134,1531187454130,2642411,0.00000276,544.00000000,0
1531187464592,1531187464586,2642412,0.00000276,50000.00000000,0
1531187494970,1531187494964,2642413,0.00000276,38878.00000000,0
1531187494970,1531187494964,2642414,0.00000277,11122.00000000,0
1531187495875,1531187495870,2642415,0.00000277,513.00000000,0
1531187496654,1531187496650,2642416,0.00000277,49213.00000000,0
1531187500221,1531187500217,2642417,0.00000277,7326.00000000,1
1531187500223,1531187500219,2642418,0.00000277,4614.00000000,1
1531187500223,1531187500219,2642419,0.00000276,2712.00000000,1
1531187500254,1531187500250,2642420,0.00000276,2536.00000000,1
1531187555624,1531187555620,2642421,0.00000278,1.00000000,0
1531187599710,1531187599706,2642422,0.00000277,4964.00000000,1
1531187620446,1531187620441,2642423,0.00000278,2.00000000,0
1531187628931,1531187628925,2642424,0.00000277,2880.00000000,1
1531187874136,1531187874132,2642425,0.00000276,3577.00000000,1
1531187928858,1531187928853,2642426,0.00000276,4429.00000000,1
1531187939784,1531187939779,2642427,0.00000276,12485.00000000,1
1531187967410,1531187967407,2642428,0.00000276,22584.00000000,1
1531188018299,1531188018295,2642429,0.00000276,4252.00000000,1
1531188101450,1531188101446,2642430,0.00000277,3610.00000000,0
1531188130242,1531188130239,2642431,0.00000276,1724.00000000,1
1531188130330,1531188130327,2642432,0.00000276,6483.00000000,1
1531188131124,1531188131120,2642433,0.00000275,4162.00000000,1
1531188155948,1531188155944,2642434,0.00000277,2.00000000,0
1531188187513,1531188187508,2642435,0.00000276,1899.00000000,0
1531188197530,1531188197527,2642436,0.00000275,1102.00000000,1
1531188245801,1531188245797,2642437,0.00000276,2.00000000,0
1531188277441,1531188277435,2642438,0.00000276,3623.00000000,0
1531188414802,1531188414798,2642439,0.00000275,738.00000000,1
1531188416993,1531188416989,2642440,0.00000275,100.00000000,1
1531188521615,1531188521611,2642441,0.00000275,4866.00000000,1
1531188521640,1531188521637,2642442,0.00000275,2290.00000000,1
1531188543634,1531188543630,2642443,0.00000275,401.00000000,1
1531188548825,1531188548817,2642444,0.00000275,28062.00000000,1
1531188548825,1531188548817,2642445,0.00000274,107502.00000000,1
1531188552458,1531188552453,2642446,0.00000275,2167.00000000,0
1531188552458,1531188552453,2642447,0.00000276,1456.00000000,0
1531188557179,1531188557176,2642448,0.00000276,513.00000000,0
1531188567232,1531188567230,2642449,0.00000274,1324.00000000,1
1531188605192,1531188605187,2642450,0.00000274,1095.00000000,1
1531188606116,1531188606112,2642451,0.00000274,402.00000000,1
1531188628659,1531188628658,2642452,0.00000275,14.00000000,0
1531188631541,1531188631536,2642453,0.00000275,1499.00000000,0
1531188639114,1531188639111,2642454,0.00000275,11.00000000,0
1531188640398,1531188640394,2642455,0.00000274,67005.00000000,1
1531188640414,1531188640411,2642456,0.00000274,16659.00000000,1
1531188640423,1531188640418,2642457,0.00000274,7541.00000000,1
1531188640543,1531188640539,2642458,0.00000274,9370.00000000,1
1531188641092,1531188641088,2642459,0.00000274,3636.00000000,0
1531188642253,1531188642248,2642460,0.00000273,3983.00000000,1
1531188642340,1531188642334,2642461,0.00000273,12747.00000000,1
1531188643755,1531188643752,2642462,0.00000273,65177.00000000,1
1531188643966,1531188643963,2642463,0.00000273,33563.00000000,1
1531188647173,1531188647169,2642464,0.00000273,2922.00000000,1
1531188656835,1531188656832,2642465,0.00000272,6623.00000000,1
1531188656838,1531188656832,2642466,0.00000272,176688.00000000,1
1531188656838,1531188656832,2642467,0.00000272,6586.00000000,1
1531188658911,1531188658909,2642468,0.00000273,15.00000000,0
1531188659038,1531188659035,2642469,0.00000272,3976.00000000,1
1531188660096,1531188660093,2642470,0.00000273,1.00000000,0
1531188661279,1531188661277,2642471,0.00000272,40627.00000000,1
1531188662667,1531188662664,2642472,0.00000272,20715.00000000,1
1531188665613,1531188665609,2642473,0.00000273,814.00000000,0
1531188667545,1531188667541,2642474,0.00000272,3994.00000000,1
1531188672060,1531188672056,2642475,0.00000273,1273.00000000,0
1531188674941,1531188674938,2642476,0.00000272,3979.00000000,1
1531188675611,1531188675607,2642477,0.00000273,402.00000000,0
1531188683664,1531188683661,2642478,0.00000272,3994.00000000,1
1531188693058,1531188693055,2642479,0.00000272,3986.00000000,1
1531188694703,1531188694698,2642480,0.00000272,2.00000000,1
1531188694975,1531188694972,2642481,0.00000272,3.00000000,1
1531188700460,1531188700457,2642482,0.00000272,3994.00000000,1
1531188700723,1531188700721,2642483,0.00000272,1114.00000000,1
1531188702276,1531188702275,2642484,0.00000272,4828.00000000,1
1531188708021,1531188708016,2642485,0.00000272,3961.00000000,1
1531188710698,1531188710696,2642486,0.00000272,1699.00000000,1
1531188716019,1531188716015,2642487,0.00000272,3980.00000000,1
1531188723369,1531188723365,2642488,0.00000272,3907.00000000,1
1531188723448,1531188723445,2642489,0.00000272,846.00000000,1
1531188723548,1531188723545,2642490,0.00000272,405.00000000,1
1531188723556,1531188723552,2642491,0.00000272,405.00000000,1
1531188723755,1531188723754,2642492,0.00000272,442.00000000,1
1531188723800,1531188723796,2642493,0.00000272,405.00000000,1
1531188742104,1531188742099,2642494,0.00000272,372.00000000,1
1531188742292,1531188742288,2642495,0.00000272,372.00000000,1
1531188769505,1531188769499,2642496,0.00000273,31562.00000000,0
1531188769655,1531188769652,2642497,0.00000273,58.00000000,0
1531188773896,1531188773893,2642498,0.00000273,6601.00000000,1
1531188776446,1531188776443,2642499,0.00000274,5632.00000000,0
1531188784254,1531188784250,2642500,0.00000273,1283.00000000,1
1531188833396,1531188833393,2642501,0.00000274,100.00000000,0
1531188903098,1531188903095,2642502,0.00000272,1000.00000000,1
1531188911258,1531188911256,2642503,0.00000272,411.00000000,1
1531188950735,1531188950731,2642504,0.00000273,5477.00000000,0
1531188952282,1531188952279,2642505,0.00000272,3590.00000000,1
1531189008852,1531189008848,2642506,0.00000272,3702.00000000,1
1531189016494,1531189016490,2642507,0.00000272,62.00000000,0
1531189024073,1531189024070,2642508,0.00000272,9326.00000000,0
1531189024439,1531189024433,2642509,0.00000271,6876.00000000,1
1531189024439,1531189024433,2642510,0.00000271,10871.00000000,1
1531189024439,1531189024433,2642511,0.00000271,2131.00000000,1
1531189027199,1531189027197,2642512,0.00000273,1062.00000000,0
1531189030577,1531189030573,2642513,0.00000273,377.00000000,0
1531189084122,1531189084118,2642514,0.00000271,1292.00000000,1
1531189089985,1531189089982,2642515,0.00000272,370.00000000,0
1531189098303,1531189098299,2642516,0.00000272,1111.00000000,0
1531189111363,1531189111360,2642517,0.00000273,30412.00000000,0
1531189152287,1531189152284,2642518,0.00000273,732.00000000,0
1531189178113,1531189178110,2642519,0.00000272,29438.00000000,1
1531189182865,1531189182863,2642520,0.00000272,5895.00000000,0
1531189182873,1531189182872,2642521,0.00000272,5895.00000000,0
1531189188037,1531189188034,2642522,0.00000272,3676.00000000,0
1531189191838,1531189191835,2642523,0.00000271,3313.00000000,1
1531189208199,1531189208195,2642524,0.00000271,39224.00000000,1
1531189208215,1531189208210,2642525,0.00000271,12814.00000000,0
1531189208711,1531189208706,2642526,0.00000271,13250.00000000,1
1531189209403,1531189209399,2642527,0.00000270,2098.00000000,1
1531189209404,1531189209399,2642528,0.00000270,33334.00000000,1
1531189209405,1531189209399,2642529,0.00000270,17500.00000000,1
1531189209405,1531189209399,2642530,0.00000270,1034.00000000,1
1531189209405,1531189209399,2642531,0.00000270,2500.00000000,1
1531189209406,1531189209399,2642532,0.00000270,7314.00000000,1
1531189209406,1531189209399,2642533,0.00000270,7763.00000000,1
1531189209407,1531189209399,2642534,0.00000270,17824.00000000,1
1531189209407,1531189209399,2642535,0.00000270,7322.00000000,1
1531189209407,1531189209399,2642536,0.00000270,21319.00000000,1
1531189209447,1531189209444,2642537,0.00000270,1389.00000000,1
1531189210019,1531189210015,2642538,0.00000271,588.00000000,0
1531189210275,1531189210273,2642539,0.00000270,3218.00000000,1
1531189210361,1531189210358,2642540,0.00000271,643.00000000,0
1531189210394,1531189210392,2642541,0.00000270,2108.00000000,1
1531189211624,1531189211621,2642542,0.00000270,2108.00000000,1
1531189212242,1531189212239,2642543,0.00000270,2108.00000000,1
1531189214192,1531189214192,2642544,0.00000271,9722.00000000,0
1531189238351,1531189238344,2642545,0.00000270,355217.00000000,1
1531189238889,1531189238886,2642546,0.00000270,9259.00000000,0
1531189239057,1531189239054,2642547,0.00000270,3703.00000000,0
1531189239088,1531189239084,2642548,0.00000270,18518.00000000,0
1531189239137,1531189239135,2642549,0.00000269,2.00000000,1
1531189239138,1531189239135,2642550,0.00000269,18000.00000000,1
1531189239139,1531189239135,2642551,0.00000269,14154.00000000,1
1531189239140,1531189239135,2642552,0.00000269,1800.00000000,1
1531189239141,1531189239135,2642553,0.00000269,6232.00000000,1
1531189239142,1531189239135,2642554,0.00000269,32320.00000000,1
1531189239142,1531189239135,2642555,0.00000269,2664.00000000,1
1531189239392,1531189239390,2642556,0.00000270,55000.00000000,0
1531189240011,1531189240008,2642557,0.00000269,12.00000000,1
1531189240866,1531189240864,2642558,0.00000270,55000.00000000,0
1531189241690,1531189241687,2642559,0.00000269,1741.00000000,1
1531189247463,1531189247459,2642560,0.00000270,1.00000000,0
1531189250478,1531189250476,2642561,0.00000268,3322.00000000,1
1531189251107,1531189251104,2642562,0.00000268,1651.00000000,1
1531189251971,1531189251968,2642563,0.00000268,794.00000000,1
1531189252780,1531189252775,2642564,0.00000268,3508.00000000,1
1531189253022,1531189253019,2642565,0.00000268,1446.00000000,1
1531189253735,1531189253730,2642566,0.00000268,3550.00000000,1
1531189256279,1531189256275,2642567,0.00000269,2549.00000000,0
1531189256279,1531189256275,2642568,0.00000270,2763.00000000,0
1531189257544,1531189257541,2642569,0.00000268,4509.00000000,1
1531189260171,1531189260168,2642570,0.00000268,10651.00000000,1
1531189260805,1531189260802,2642571,0.00000270,8823.00000000,0
1531189261730,1531189261727,2642572,0.00000268,3.00000000,1
1531189262602,1531189262599,2642573,0.00000270,5000.00000000,0
1531189263453,1531189263449,2642574,0.00000268,2.00000000,1
1531189265088,1531189265085,2642575,0.00000268,448.00000000,1
1531189267857,1531189267853,2642576,0.00000269,13426.00000000,0
1531189267857,1531189267853,2642577,0.00000270,41574.00000000,0
1531189273212,1531189273208,2642578,0.00000269,1274.00000000,0
1531189277732,1531189277728,2642579,0.00000268,3533.00000000,1
1531189278441,1531189278438,2642580,0.00000268,3533.00000000,1
1531189280526,1531189280522,2642581,0.00000268,3424.00000000,1
1531189287810,1531189287806,2642582,0.00000268,377.00000000,1
1531189287838,1531189287835,2642583,0.00000268,377.00000000,1
1531189287897,1531189287894,2642584,0.00000268,1131.00000000,1
1531189288861,1531189288858,2642585,0.00000268,4900.00000000,1
1531189292947,1531189292945,2642586,0.00000270,404.00000000,0
1531189296316,1531189296314,2642587,0.00000270,67.00000000,0
1531189296316,1531189296314,2642588,0.00000271,8.00000000,0
1531189298447,1531189298446,2642589,0.00000271,9441.00000000,0
1531189301846,1531189301843,2642590,0.00000269,478.00000000,1
1531189301846,1531189301843,2642591,0.00000268,754.00000000,1
1531189307481,1531189307479,2642592,0.00000268,377.00000000,1
1531189308373,1531189308370,2642593,0.00000268,792.00000000,1
1531189308532,1531189308529,2642594,0.00000270,1112.00000000,0
1531189308532,1531189308529,2642595,0.00000271,733.00000000,0
1531189312511,1531189312509,2642596,0.00000268,6114.00000000,1
1531189318393,1531189318389,2642597,0.00000268,2591.00000000,1
1531189326487,1531189326480,2642598,0.00000268,28710.00000000,1
1531189326487,1531189326480,2642599,0.00000267,4196.00000000,1
1531189326487,1531189326480,2642600,0.00000267,630.00000000,1
1531189326487,1531189326480,2642601,0.00000267,1400.00000000,1
1531189326487,1531189326480,2642602,0.00000267,46918.00000000,1
1531189326488,1531189326480,2642603,0.00000267,23976.00000000,1
1531189327531,1531189327528,2642604,0.00000268,2243.00000000,1
1531189329011,1531189329006,2642605,0.00000267,2110.00000000,1
1531189329045,1531189329041,2642606,0.00000267,1400.00000000,1
1531189329158,1531189329155,2642607,0.00000267,703.00000000,1
1531189329238,1531189329235,2642608,0.00000267,1759.00000000,1
1531189329318,1531189329315,2642609,0.00000267,1935.00000000,1
1531189329394,1531189329392,2642610,0.00000267,2414.00000000,1
1531189329414,1531189329411,2642611,0.00000267,879.00000000,1
1531189329497,1531189329497,2642612,0.00000267,3506.00000000,1
1531189329723,1531189329721,2642613,0.00000267,2831.00000000,1
1531189329784,1531189329780,2642614,0.00000267,10906.00000000,1
1531189330099,1531189330096,2642615,0.00000267,2101.00000000,1
1531189330197,1531189330194,2642616,0.00000267,17591.00000000,1
1531189330296,1531189330292,2642617,0.00000267,2075.00000000,1
1531189330391,1531189330387,2642618,0.00000267,3530.00000000,1
1531189330665,1531189330661,2642619,0.00000267,17660.00000000,1
1531189330668,1531189330666,2642620,0.00000267,3518.00000000,1
1531189330922,1531189330919,2642621,0.00000267,3221.00000000,1
1531189331258,1531189331254,2642622,0.00000267,1963.00000000,1
1531189332608,1531189332604,2642623,0.00000268,1000.00000000,1
1531189332608,1531189332604,2642624,0.00000267,262.00000000,1
1531189347647,1531189347644,2642625,0.00000269,2.00000000,0
1531189363210,1531189363206,2642626,0.00000268,377.00000000,1
1531189366011,1531189366007,2642627,0.00000268,2536.00000000,1
1531189378253,1531189378249,2642628,0.00000269,12.00000000,0
1531189382977,1531189382972,2642629,0.00000269,3742.00000000,0
1531189382999,1531189382996,2642630,0.00000269,6673.00000000,1
1531189384462,1531189384458,2642631,0.00000269,409.00000000,1
1531189388487,1531189388483,2642632,0.00000269,1127.00000000,1
1531189388505,1531189388503,2642633,0.00000269,977.00000000,1
1531189388505,1531189388503,2642634,0.00000268,1127.00000000,1
1531189388541,1531189388541,2642635,0.00000268,2535.00000000,1
1531189413200,1531189413197,2642636,0.00000268,21799.00000000,1
1531189489078,1531189489075,2642637,0.00000268,121962.00000000,1
1531189491684,1531189491680,2642638,0.00000269,57.00000000,0
1531189521156,1531189521155,2642639,0.00000269,459.00000000,0
1531189525324,1531189525322,2642640,0.00000268,1015.00000000,1
1531189534824,1531189534820,2642641,0.00000269,1288.00000000,0
1531189548650,1531189548648,2642642,0.00000268,20000.00000000,1
1531189569386,1531189569383,2642643,0.00000269,9373.00000000,0
1531189570723,1531189570721,2642644,0.00000269,98.00000000,0
1531189575340,1531189575337,2642645,0.00000269,8220.00000000,0
1531189581217,1531189581214,2642646,0.00000269,2535.00000000,0
1531189604894,1531189604890,2642647,0.00000269,781.00000000,0
1531189604920,1531189604917,2642648,0.00000269,2685.00000000,0
1531189604927,1531189604924,2642649,0.00000269,2691.00000000,0
1531189604927,1531189604924,2642650,0.00000269,2323.00000000,0
1531189604932,1531189604929,2642651,0.00000269,2691.00000000,0
1531189604943,1531189604941,2642652,0.00000269,1858.00000000,0
1531189604970,1531189604967,2642653,0.00000269,2693.00000000,0
1531189604993,1531189604989,2642654,0.00000269,2691.00000000,0
1531189607523,1531189607518,2642655,0.00000268,2691.00000000,1
1531189608052,1531189608049,2642656,0.00000268,1685.00000000,1
1531189610964,1531189610961,2642657,0.00000269,3299.00000000,0
1531189662128,1531189662124,2642658,0.00000269,110000.00000000,0
1531189675075,1531189675072,2642659,0.00000267,1845.00000000,1
1531189683672,1531189683668,2642660,0.00000268,411.00000000,1
1531189683930,1531189683926,2642661,0.00000268,1306.00000000,1
1531189684177,1531189684174,2642662,0.00000268,411.00000000,1
1531189687846,1531189687843,2642663,0.00000269,55000.00000000,0
1531189690271,1531189690268,2642664,0.00000269,24616.00000000,0
1531189697023,1531189697019,2642665,0.00000270,5082.00000000,0
1531189704689,1531189704685,2642666,0.00000270,1100.00000000,0
1531189800278,1531189800274,2642667,0.00000269,860.00000000,0
1531189817634,1531189817631,2642668,0.00000268,699633.00000000,1
1531189818182,1531189818178,2642669,0.00000270,592.00000000,0
1531189819136,1531189819133,2642670,0.00000270,648.00000000,0
1531189911324,1531189911321,2642671,0.00000270,1282.00000000,0
1531189915849,1531189915846,2642672,0.00000270,13453.00000000,0
1531189962153,1531189962150,2642673,0.00000270,834.00000000,0
1531189962180,1531189962179,2642674,0.00000270,2690.00000000,1
1531189980637,1531189980636,2642675,0.00000270,2536.00000000,1
1531189997421,1531189997421,2642676,0.00000270,598.00000000,1
1531190067534,1531190067529,2642677,0.00000270,2955.00000000,0
1531190068688,1531190068689,2642678,0.00000270,4295.00000000,1
1531190072034,1531190072030,2642679,0.00000269,878.00000000,1
1531190076512,1531190076508,2642680,0.00000271,531.00000000,0
1531190086865,1531190086862,2642681,0.00000271,480.00000000,0
1531190106657,1531190106655,2642682,0.00000271,1531.00000000,0
1531190175170,1531190175165,2642683,0.00000269,4536.00000000,1
1531190230726,1531190230723,2642684,0.00000269,9435.00000000,1
1531190240487,1531190240484,2642685,0.00000269,7325.00000000,1
1531190429456,1531190429452,2642686,0.00000269,16135.00000000,1
1531190596231,1531190596226,2642687,0.00000269,7079.00000000,1
1531190600432,1531190600431,2642688,0.00000269,4961.00000000,1
1531190696124,1531190696121,2642689,0.00000270,1851.00000000,0
1531190717525,1531190717522,2642690,0.00000269,5896.00000000,1
1531190725153,1531190725148,2642691,0.00000269,21000.00000000,1
1531190733810,1531190733808,2642692,0.00000269,3235.00000000,1
1531190776719,1531190776715,2642693,0.00000269,4824.00000000,0
1531190780809,1531190780804,2642694,0.00000270,4184.00000000,0
1531190842578,1531190842575,2642695,0.00000270,30937.00000000,0
1531190846332,1531190846331,2642696,0.00000270,49.00000000,0
1531190946687,1531190946684,2642697,0.00000270,7.00000000,0
1531191024401,1531191024399,2642698,0.00000269,459.00000000,0
1531191028453,1531191028451,2642699,0.00000269,1.00000000,0
1531191035430,1531191035425,2642700,0.00000268,47753.00000000,1
1531191080660,1531191080656,2642701,0.00000267,1851.00000000,1
1531191085859,1531191085856,2642702,0.00000268,3000.00000000,0
1531191089061,1531191089058,2642703,0.00000268,2394.00000000,0
1531191092380,1531191092376,2642704,0.00000267,35609.00000000,1
1531191093898,1531191093894,2642705,0.00000267,2582.00000000,1
1531191096174,1531191096173,2642706,0.00000266,703.00000000,1
1531191096174,1531191096173,2642707,0.00000266,3389.00000000,1
1531191096698,1531191096695,2642708,0.00000267,599.00000000,0
1531191096949,1531191096944,2642709,0.00000266,12533.00000000,1
1531191097024,1531191097020,2642710,0.00000266,8795.00000000,1
1531191098944,1531191098941,2642711,0.00000266,17061.00000000,1
1531191099057,1531191099054,2642712,0.00000266,1407.00000000,1
1531191099416,1531191099413,2642713,0.00000266,1060.00000000,1
1531191103109,1531191103106,2642714,0.00000268,1285.00000000,0
1531191103519,1531191103518,2642715,0.00000268,376.00000000,0
1531191104746,1531191104743,2642716,0.00000268,1.00000000,0
1531191109936,1531191109932,2642717,0.00000268,14368.00000000,0
1531191115443,1531191115439,2642718,0.00000267,6400.00000000,1
1531191117420,1531191117417,2642719,0.00000267,2988.00000000,1
1531191121528,1531191121527,2642720,0.00000266,3.00000000,1
1531191124512,1531191124509,2642721,0.00000268,59.00000000,0
1531191132331,1531191132328,2642722,0.00000268,24910.00000000,0
1531191132350,1531191132347,2642723,0.00000266,3378.00000000,1
1531191146934,1531191146929,2642724,0.00000266,4937.00000000,1
1531191147173,1531191147170,2642725,0.00000266,1140.00000000,1
1531191152827,1531191152825,2642726,0.00000268,3418.00000000,0
1531191154502,1531191154498,2642727,0.00000267,2400.00000000,1
1531191154740,1531191154739,2642728,0.00000267,346.00000000,0
1531191168552,1531191168548,2642729,0.00000267,379.00000000,1
1531191172933,1531191172930,2642730,0.00000268,9243.00000000,0
1531191186091,1531191186088,2642731,0.00000268,400.00000000,0
1531191193001,1531191192997,2642732,0.00000268,10680.00000000,0
1531191216495,1531191216491,2642733,0.00000268,400.00000000,0
