event_time,trade_time,trade_id,price,quantity,maker
1531160281201,1531160281199,4572197,0.00010175,20.00000000,0
1531160287780,1531160287776,4572198,0.00010174,244.00000000,1
1531160305812,1531160305809,4572199,0.00010172,288.00000000,0
1531160310543,1531160310540,4572200,0.00010180,236.00000000,0
1531160316271,1531160316271,4572201,0.00010171,290.00000000,1
1531160328792,1531160328791,4572202,0.00010180,228.00000000,0
1531160351905,1531160351902,4572203,0.00010179,211.00000000,0
1531160355720,1531160355718,4572204,0.00010179,179.00000000,1
1531160357723,1531160357719,4572205,0.00010179,98.00000000,0
1531160380871,1531160380868,4572206,0.00010173,196.00000000,0
1531160391896,1531160391894,4572207,0.00010175,166.00000000,0
1531160396026,1531160396026,4572208,0.00010171,130.00000000,1
1531160408091,1531160408087,4572209,0.00010174,93.00000000,1
1531160422155,1531160422151,4572210,0.00010173,94.00000000,1
1531160429093,1531160429090,4572211,0.00010177,81.00000000,0
1531160429093,1531160429090,4572212,0.00010178,61.00000000,0
1531160434111,1531160434108,4572213,0.00010176,118.00000000,1
1531160447233,1531160447232,4572214,0.00010176,106.00000000,0
1531160473284,1531160473280,4572215,0.00010175,170.00000000,0
1531160483088,1531160483085,4572216,0.00010174,244.00000000,0
1531160496175,1531160496171,4572217,0.00010165,183.00000000,1
1531160506110,1531160506106,4572218,0.00010170,118.00000000,1
1531160506115,1531160506112,4572219,0.00010170,135.00000000,1
1531160530072,1531160530068,4572220,0.00010166,184.00000000,0
1531160538017,1531160538013,4572221,0.00010157,12.00000000,1
1531160538017,1531160538013,4572222,0.00010150,150.00000000,1
1531160544255,1531160544251,4572223,0.00010164,206.00000000,0
1531160556981,1531160556979,4572224,0.00010168,155.00000000,0
1531160565995,1531160565992,4572225,0.00010167,199.00000000,0
1531160594129,1531160594126,4572226,0.00010150,105.00000000,1
1531160594913,1531160594910,4572227,0.00010159,124.00000000,0
1531160597942,1531160597939,4572228,0.00010159,154.00000000,0
1531160610912,1531160610908,4572229,0.00010161,117.00000000,1
1531160630983,1531160630979,4572230,0.00010160,118.00000000,1
1531160652012,1531160652009,4572231,0.00010160,258.00000000,0
1531160656260,1531160656255,4572232,0.00010160,208.00000000,1
1531160661167,1531160661161,4572233,0.00010170,118.00000000,0
1531160661167,1531160661161,4572234,0.00010176,595.00000000,0
1531160661167,1531160661161,4572235,0.00010177,171.00000000,0
1531160661197,1531160661193,4572236,0.00010177,23.00000000,0
1531160661841,1531160661837,4572237,0.00010177,300.00000000,0
1531160682927,1531160682924,4572238,0.00010176,237.00000000,1
1531160683063,1531160683058,4572239,0.00010177,237.00000000,0
1531160686477,1531160686473,4572240,0.00010176,63.00000000,1
1531160686477,1531160686473,4572241,0.00010159,32.00000000,1
1531160689118,1531160689114,4572242,0.00010167,206.00000000,1
1531160712077,1531160712074,4572243,0.00010162,104.00000000,0
1531160718025,1531160718022,4572244,0.00010160,114.00000000,1
1531160733333,1531160733328,4572245,0.00010160,12.00000000,0
1531160738869,1531160738865,4572246,0.00010159,98.00000000,1
1531160739001,1531160738998,4572247,0.00010159,20.00000000,0
1531160739001,1531160738998,4572248,0.00010160,98.00000000,0
1531160748093,1531160748089,4572249,0.00010159,130.00000000,1
1531160771113,1531160771109,4572250,0.00010156,183.00000000,1
1531160776060,1531160776055,4572251,0.00010157,228.00000000,0
1531160800505,1531160800503,4572252,0.00010151,132.00000000,1
1531160800505,1531160800503,4572253,0.00010150,84.00000000,1
1531160800993,1531160800989,4572254,0.00010151,235.00000000,1
1531160802150,1531160802147,4572255,0.00010157,12.00000000,0
1531160805954,1531160805950,4572256,0.00010152,215.00000000,1
1531160816481,1531160816477,4572257,0.00010157,9.00000000,0
1531160829768,1531160829764,4572258,0.00010152,217.00000000,0
1531160836732,1531160836730,4572259,0.00010151,218.00000000,0
1531160856006,1531160856002,4572260,0.00010150,364.00000000,1
1531160857716,1531160857712,4572261,0.00010148,197.00000000,0
1531160867721,1531160867718,4572262,0.00010148,225.00000000,0
1531160876144,1531160876137,4572263,0.00010149,17.00000000,0
1531160876179,1531160876176,4572264,0.00010149,13.00000000,0
1531160889902,1531160889897,4572265,0.00010125,40.00000000,0
1531160891453,1531160891447,4572266,0.00010124,18.00000000,1
1531160891572,1531160891569,4572267,0.00010124,229.00000000,0
1531160891572,1531160891569,4572268,0.00010125,18.00000000,0
1531160895487,1531160895485,4572269,0.00010123,238.00000000,0
1531160922575,1531160922571,4572270,0.00010112,211.00000000,0
1531160930565,1531160930562,4572271,0.00010112,212.00000000,0
1531160937696,1531160937692,4572272,0.00010100,766.00000000,1
1531160937738,1531160937734,4572273,0.00010100,62.00000000,0
1531160937744,1531160937740,4572274,0.00010100,99.00000000,0
1531160937746,1531160937741,4572275,0.00010100,99.00000000,0
1531160937780,1531160937779,4572276,0.00010100,15.00000000,0
1531160937857,1531160937854,4572277,0.00010100,300.00000000,0
1531160937898,1531160937894,4572278,0.00010100,78.00000000,0
1531160938863,1531160938861,4572279,0.00010100,300.00000000,0
1531160941469,1531160941464,4572280,0.00010097,39.00000000,1
1531160941469,1531160941464,4572281,0.00010093,10.00000000,1
1531160946240,1531160946237,4572282,0.00010088,8.00000000,0
1531160948410,1531160948407,4572283,0.00010098,176.00000000,0
1531160950223,1531160950220,4572284,0.00010088,58.00000000,1
1531160954423,1531160954418,4572285,0.00010088,293.00000000,1
1531160954423,1531160954418,4572286,0.00010087,103.00000000,1
1531160954423,1531160954418,4572287,0.00010073,22.00000000,1
1531160954423,1531160954418,4572288,0.00010067,11.00000000,1
1531160954423,1531160954418,4572289,0.00010066,33.00000000,1
1531160954446,1531160954443,4572290,0.00010050,3289.00000000,0
1531160954455,1531160954450,4572291,0.00010050,5249.00000000,0
1531160954459,1531160954455,4572292,0.00010099,686.00000000,0
1531160954459,1531160954455,4572293,0.00010100,309.00000000,0
1531160954461,1531160954456,4572294,0.00010100,460.00000000,0
1531160954461,1531160954456,4572295,0.00010108,82.00000000,0
1531160954461,1531160954456,4572296,0.00010149,766.00000000,0
1531160954461,1531160954456,4572297,0.00010171,40.00000000,0
1531160954461,1531160954456,4572298,0.00010176,359.00000000,0
1531160955493,1531160955489,4572299,0.00010100,46.00000000,1
1531160964411,1531160964406,4572300,0.00010120,199.00000000,0
1531160973334,1531160973332,4572301,0.00010120,187.00000000,1
1531160978167,1531160978165,4572302,0.00010158,23.00000000,0
1531160983421,1531160983417,4572303,0.00010119,114.00000000,0
1531160989325,1531160989321,4572304,0.00010103,11.00000000,0
1531160989344,1531160989340,4572305,0.00010103,217.00000000,0
1531160998073,1531160998068,4572306,0.00010118,14.00000000,0
1531161013278,1531161013274,4572307,0.00010101,144.00000000,1
1531161020382,1531161020379,4572308,0.00010103,121.00000000,1
1531161021531,1531161021528,4572309,0.00010099,11.00000000,1
1531161027128,1531161027124,4572310,0.00010117,11.00000000,0
1531161027128,1531161027124,4572311,0.00010129,8.00000000,0
1531161027222,1531161027218,4572312,0.00010129,24.00000000,0
1531161038326,1531161038323,4572313,0.00010101,149.00000000,1
1531161051296,1531161051293,4572314,0.00010101,154.00000000,0
1531161074224,1531161074221,4572315,0.00010108,279.00000000,1
1531161087186,1531161087182,4572316,0.00010106,259.00000000,1
1531161105233,1531161105229,4572317,0.00010116,254.00000000,1
1531161110162,1531161110157,4572318,0.00010113,273.00000000,1
1531161127139,1531161127135,4572319,0.00010129,23.00000000,0
1531161127233,1531161127230,4572320,0.00010129,29.00000000,0
1531161131957,1531161131957,4572321,0.00010120,267.00000000,0
1531161144921,1531161144918,4572322,0.00010122,266.00000000,0
1531161149688,1531161149685,4572323,0.00010129,379.00000000,0
1531161154019,1531161154016,4572324,0.00010112,244.00000000,0
1531161165955,1531161165952,4572325,0.00010114,266.00000000,1
1531161194827,1531161194827,4572326,0.00010118,194.00000000,1
1531161200888,1531161200885,4572327,0.00010118,225.00000000,0
1531161218728,1531161218724,4572328,0.00010118,168.00000000,0
1531161225175,1531161225170,4572329,0.00010119,105.00000000,0
1531161225192,1531161225189,4572330,0.00010119,99.00000000,0
1531161225256,1531161225253,4572331,0.00010119,29.00000000,0
1531161225256,1531161225253,4572332,0.00010119,23.00000000,0
1531161230807,1531161230803,4572333,0.00010118,194.00000000,1
1531161251749,1531161251745,4572334,0.00010118,258.00000000,1
1531161256865,1531161256861,4572335,0.00010118,186.00000000,0
1531161274202,1531161274198,4572336,0.00010119,27.00000000,0
1531161279760,1531161279757,4572337,0.00010108,260.00000000,1
1531161285699,1531161285695,4572338,0.00010112,187.00000000,0
1531161304097,1531161304094,4572339,0.00010120,98.00000000,0
1531161313998,1531161313993,4572340,0.00010104,200.00000000,0
1531161317714,1531161317709,4572341,0.00010104,223.00000000,1
1531161322831,1531161322827,4572342,0.00010102,91.00000000,1
1531161322831,1531161322827,4572343,0.00010099,100.00000000,1
1531161322831,1531161322827,4572344,0.00010083,83.00000000,1
1531161322831,1531161322827,4572345,0.00010062,11.00000000,1
1531161322831,1531161322827,4572346,0.00010058,11.00000000,1
1531161322873,1531161322847,4572347,0.00010050,274.00000000,0
1531161322873,1531161322852,4572348,0.00010050,673.00000000,0
1531161322873,1531161322855,4572349,0.00010050,3170.00000000,0
1531161322873,1531161322862,4572350,0.00010050,274.00000000,0
1531161322873,1531161322869,4572351,0.00010050,995.00000000,0
1531161322882,1531161322878,4572352,0.00010050,2622.00000000,0
1531161322891,1531161322887,4572353,0.00010049,274.00000000,1
1531161322896,1531161322892,4572354,0.00010050,2826.00000000,0
1531161322903,1531161322900,4572355,0.00010050,47.00000000,0
1531161322908,1531161322904,4572356,0.00010050,200.00000000,0
1531161322908,1531161322905,4572357,0.00010050,555.00000000,0
1531161322914,1531161322908,4572358,0.00010050,951.00000000,0
1531161322915,1531161322910,4572359,0.00010050,2687.00000000,0
1531161322915,1531161322910,4572360,0.00010050,1211.00000000,0
1531161322920,1531161322917,4572361,0.00010050,896.00000000,0
1531161322923,1531161322919,4572362,0.00010050,323.00000000,0
1531161322923,1531161322921,4572363,0.00010120,1814.00000000,0
1531161323835,1531161323831,4572364,0.00010070,274.00000000,1
1531161324857,1531161324852,4572365,0.00010071,648.00000000,1
1531161328183,1531161328179,4572366,0.00010071,23.00000000,1
1531161329627,1531161329626,4572367,0.00010110,23.00000000,0
1531161329627,1531161329626,4572368,0.00010111,36.00000000,0
1531161337610,1531161337606,4572369,0.00010107,186.00000000,1
1531161346608,1531161346605,4572370,0.00010101,222.00000000,1
1531161371581,1531161371577,4572371,0.00010088,117.00000000,1
1531161380491,1531161380487,4572372,0.00010070,11.00000000,1
1531161385758,1531161385754,4572373,0.00010080,117.00000000,1
1531161395856,1531161395852,4572374,0.00010070,288.00000000,1
1531161395856,1531161395852,4572375,0.00010068,83.00000000,1
1531161395913,1531161395910,4572376,0.00010050,194.00000000,0
1531161396186,1531161396181,4572377,0.00010050,432.00000000,0
1531161396277,1531161396272,4572378,0.00010050,351.00000000,0
1531161396294,1531161396289,4572379,0.00010050,109.00000000,0
1531161396468,1531161396467,4572380,0.00010049,389.00000000,0
1531161396468,1531161396467,4572381,0.00010050,2298.00000000,0
1531161396476,1531161396472,4572382,0.00010050,2687.00000000,0
1531161396504,1531161396500,4572383,0.00010050,299.00000000,0
1531161396531,1531161396529,4572384,0.00010050,1759.00000000,0
1531161396751,1531161396747,4572385,0.00010050,9500.00000000,0
1531161397694,1531161397693,4572386,0.00010068,133.00000000,1
1531161397925,1531161397919,4572387,0.00010069,83.00000000,0
1531161410534,1531161410530,4572388,0.00010083,122.00000000,0
1531161423645,1531161423640,4572389,0.00010049,67.00000000,1
1531161423645,1531161423640,4572390,0.00010048,27.00000000,1
1531161423645,1531161423640,4572391,0.00010048,125.00000000,1
1531161423645,1531161423640,4572392,0.00010044,83.00000000,1
1531161423830,1531161423826,4572393,0.00010043,100.00000000,0
1531161423850,1531161423845,4572394,0.00010043,119.00000000,0
1531161423860,1531161423856,4572395,0.00010043,327.00000000,0
1531161429635,1531161429631,4572396,0.00010080,211.00000000,0
1531161441662,1531161441658,4572397,0.00010072,189.00000000,1
1531161446154,1531161446149,4572398,0.00010050,100.00000000,0
1531161446159,1531161446154,4572399,0.00010050,2687.00000000,0
1531161446159,1531161446157,4572400,0.00010050,3200.00000000,0
1531161446296,1531161446291,4572401,0.00010050,10202.00000000,0
1531161447983,1531161447978,4572402,0.00010035,30.00000000,1
1531161449163,1531161449158,4572403,0.00010049,254.00000000,0
1531161449163,1531161449158,4572404,0.00010050,813.00000000,0
1531161450105,1531161450103,4572405,0.00010050,119.00000000,0
1531161451698,1531161451694,4572406,0.00010049,235.00000000,1
1531161452173,1531161452169,4572407,0.00010050,299.00000000,0
1531161454129,1531161454124,4572408,0.00010050,100.00000000,0
1531161454146,1531161454142,4572409,0.00010050,480.00000000,0
1531161465529,1531161465525,4572410,0.00010066,119.00000000,0
1531161465568,1531161465561,4572411,0.00010066,130.00000000,0
1531161488267,1531161488262,4572412,0.00010062,11.00000000,0
1531161490709,1531161490704,4572413,0.00010066,227.00000000,0
1531161491313,1531161491310,4572414,0.00010067,19.00000000,0
1531161495654,1531161495652,4572415,0.00010066,176.00000000,1
1531161501971,1531161501969,4572416,0.00010067,9.00000000,0
1531161503041,1531161503037,4572417,0.00010067,9.00000000,0
1531161513696,1531161513692,4572418,0.00010056,172.00000000,1
1531161519637,1531161519633,4572419,0.00010067,17.00000000,0
1531161530615,1531161530610,4572420,0.00010059,208.00000000,0
1531161530632,1531161530625,4572421,0.00010067,29.00000000,0
1531161539874,1531161539870,4572422,0.00010058,83.00000000,1
1531161549431,1531161549427,4572423,0.00010050,12620.00000000,0
1531161550749,1531161550746,4572424,0.00010049,193.00000000,1
1531161567663,1531161567662,4572425,0.00010049,227.00000000,0
1531161571685,1531161571681,4572426,0.00010049,218.00000000,1
1531161589804,1531161589800,4572427,0.00010049,244.00000000,1
1531161614473,1531161614469,4572428,0.00010049,237.00000000,1
1531161614504,1531161614498,4572429,0.00010049,49.00000000,1
1531161614597,1531161614594,4572430,0.00010050,237.00000000,0
1531161628593,1531161628589,4572431,0.00010039,191.00000000,1
1531161634178,1531161634174,4572432,0.00010035,97.00000000,1
1531161641656,1531161641652,4572433,0.00010049,199.00000000,0
1531161648538,1531161648533,4572434,0.00010049,230.00000000,1
1531161669456,1531161669451,4572435,0.00010044,216.00000000,0
1531161686658,1531161686653,4572436,0.00010041,181.00000000,1
1531161688057,1531161688053,4572437,0.00010050,106.00000000,0
1531161688072,1531161688067,4572438,0.00010050,100.00000000,0
1531161690481,1531161690477,4572439,0.00010049,232.00000000,1
1531161705464,1531161705459,4572440,0.00010047,194.00000000,1
1531161732565,1531161732562,4572441,0.00010043,172.00000000,0
1531161749479,1531161749475,4572442,0.00010041,154.00000000,0
1531161762334,1531161762329,4572443,0.00010046,178.00000000,1
1531161768569,1531161768564,4572444,0.00010046,122.00000000,1
1531161794620,1531161794619,4572445,0.00010048,171.00000000,0
1531161794647,1531161794643,4572446,0.00010050,4213.00000000,0
1531161798243,1531161798239,4572447,0.00010050,9.00000000,0
1531161800567,1531161800562,4572448,0.00010048,186.00000000,0
1531161818619,1531161818618,4572449,0.00010047,198.00000000,0
1531161828645,1531161828640,4572450,0.00010047,252.00000000,0
1531161849422,1531161849417,4572451,0.00010045,200.00000000,0
1531161862588,1531161862584,4572452,0.00010050,99.00000000,0
1531161869474,1531161869473,4572453,0.00010043,180.00000000,0
1531161879390,1531161879386,4572454,0.00010049,196.00000000,0
1531161884073,1531161884071,4572455,0.00010050,10.00000000,0
1531161884888,1531161884884,4572456,0.00010050,10.00000000,0
1531161886470,1531161886466,4572457,0.00010049,206.00000000,1
1531161904542,1531161904537,4572458,0.00010050,99.00000000,0
1531161911316,1531161911311,4572459,0.00010040,104.00000000,0
1531161918313,1531161918309,4572460,0.00010040,150.00000000,1
1531161932305,1531161932277,4572461,0.00010044,110.00000000,0
1531161951215,1531161951211,4572462,0.00010043,130.00000000,1
1531161969130,1531161969126,4572463,0.00010049,245.00000000,0
1531161973124,1531161973119,4572464,0.00010050,118.00000000,0
1531161976085,1531161976081,4572465,0.00010050,118.00000000,0
1531161977846,1531161977843,4572466,0.00010050,178.00000000,0
1531161983099,1531161983094,4572467,0.00010052,170.00000000,1
1531162001042,1531162001039,4572468,0.00010051,176.00000000,1
1531162012078,1531162012074,4572469,0.00010051,216.00000000,0
1531162034050,1531162034046,4572470,0.00010054,175.00000000,0
1531162046096,1531162046092,4572471,0.00010053,184.00000000,0
1531162053531,1531162053526,4572472,0.00010069,61.00000000,0
1531162059054,1531162059049,4572473,0.00010058,176.00000000,0
1531162072112,1531162072106,4572474,0.00010056,184.00000000,1
1531162072321,1531162072318,4572475,0.00010052,37.00000000,1
1531162072321,1531162072318,4572476,0.00010050,320.00000000,1
1531162087916,1531162087912,4572477,0.00010041,126.00000000,1
1531162092689,1531162092682,4572478,0.00010039,50.00000000,1
1531162092689,1531162092682,4572479,0.00010035,112.00000000,1
1531162092689,1531162092682,4572480,0.00010030,46.00000000,1
1531162092689,1531162092682,4572481,0.00010029,11.00000000,1
1531162092689,1531162092682,4572482,0.00010028,83.00000000,1
1531162092689,1531162092682,4572483,0.00010023,20.00000000,1
1531162092689,1531162092682,4572484,0.00010021,2621.00000000,1
1531162092689,1531162092682,4572485,0.00010020,499.00000000,1
1531162092798,1531162092796,4572486,0.00010020,2695.00000000,0
1531162092811,1531162092807,4572487,0.00010020,2695.00000000,0
1531162093018,1531162093013,4572488,0.00010020,168.00000000,0
1531162097136,1531162097129,4572489,0.00010015,57.00000000,1
1531162098259,1531162098254,4572490,0.00010016,10.00000000,0
1531162098259,1531162098254,4572491,0.00010026,22.00000000,0
1531162098836,1531162098831,4572492,0.00010025,124.00000000,0
1531162098847,1531162098843,4572493,0.00010026,45.00000000,0
1531162098847,1531162098843,4572494,0.00010037,38.00000000,0
1531162102032,1531162102026,4572495,0.00010037,17.00000000,1
1531162102032,1531162102026,4572496,0.00010015,23.00000000,1
1531162102032,1531162102026,4572497,0.00010014,10.00000000,1
1531162116071,1531162116070,4572498,0.00010049,136.00000000,0
1531162116071,1531162116070,4572499,0.00010050,148.00000000,0
1531162120841,1531162120835,4572500,0.00010048,96.00000000,1
1531162123927,1531162123921,4572501,0.00010017,49.00000000,1
1531162127894,1531162127890,4572502,0.00010047,137.00000000,1
1531162147889,1531162147884,4572503,0.00010015,11.00000000,0
1531162152790,1531162152787,4572504,0.00010033,100.00000000,0
1531162152813,1531162152811,4572505,0.00010033,60.00000000,0
1531162152894,1531162152889,4572506,0.00010034,49.00000000,0
1531162158791,1531162158785,4572507,0.00010042,161.00000000,0
1531162171832,1531162171828,4572508,0.00010044,100.00000000,0
1531162174511,1531162174508,4572509,0.00010044,100.00000000,0
1531162176739,1531162176735,4572510,0.00010032,165.00000000,0
1531162177197,1531162177192,4572511,0.00010044,100.00000000,0
1531162191729,1531162191725,4572512,0.00010032,174.00000000,1
1531162192878,1531162192874,4572513,0.00010044,174.00000000,0
1531162192878,1531162192874,4572514,0.00010045,11.00000000,0
1531162192878,1531162192874,4572515,0.00010050,810.00000000,0
1531162212605,1531162212600,4572516,0.00010025,215.00000000,1
1531162219480,1531162219476,4572517,0.00010023,162.00000000,1
1531162239543,1531162239542,4572518,0.00010029,194.00000000,0
1531162249553,1531162249548,4572519,0.00010027,179.00000000,0
1531162274385,1531162274381,4572520,0.00010027,189.00000000,0
1531162289394,1531162289389,4572521,0.00010026,234.00000000,1
1531162302544,1531162302539,4572522,0.00010037,210.00000000,1
1531162309410,1531162309407,4572523,0.00010036,176.00000000,1
1531162330181,1531162330177,4572524,0.00010027,135.00000000,0
1531162344153,1531162344150,4572525,0.00010037,133.00000000,0
1531162355250,1531162355242,4572526,0.00010044,35.00000000,0
1531162355250,1531162355242,4572527,0.00010050,58.00000000,0
1531162357234,1531162357216,4572528,0.00010036,120.00000000,0
1531162358720,1531162358717,4572529,0.00010050,19.00000000,0
1531162367152,1531162367151,4572530,0.00010034,136.00000000,1
1531162367802,1531162367798,4572531,0.00010050,829.00000000,0
1531162391981,1531162391976,4572532,0.00010037,164.00000000,0
1531162396904,1531162396900,4572533,0.00010038,195.00000000,0
1531162401217,1531162401214,4572534,0.00010050,21.00000000,0
1531162408021,1531162408016,4572535,0.00010050,100.00000000,0
1531162411476,1531162411471,4572536,0.00010050,188.00000000,0
1531162414544,1531162414540,4572537,0.00010050,80.00000000,0
1531162415936,1531162415930,4572538,0.00010035,77.00000000,0
1531162415955,1531162415950,4572539,0.00010035,69.00000000,0
1531162419487,1531162419483,4572540,0.00010050,27.00000000,0
1531162426877,1531162426872,4572541,0.00010036,196.00000000,1
1531162451753,1531162451747,4572542,0.00010039,190.00000000,1
1531162459840,1531162459835,4572543,0.00010041,186.00000000,1
1531162478962,1531162478957,4572544,0.00010031,160.00000000,1
1531162489872,1531162489867,4572545,0.00010034,210.00000000,0
1531162514592,1531162514587,4572546,0.00010033,155.00000000,1
1531162529684,1531162529679,4572547,0.00010034,190.00000000,0
1531162543633,1531162543628,4572548,0.00010023,201.00000000,1
1531162546674,1531162546672,4572549,0.00010025,194.00000000,0
1531162569548,1531162569543,4572550,0.00010024,218.00000000,0
1531162585554,1531162585549,4572551,0.00010025,257.00000000,0
1531162590588,1531162590583,4572552,0.00010022,193.00000000,1
1531162596621,1531162596615,4572553,0.00010016,11.00000000,1
1531162608330,1531162608324,4572554,0.00010020,28.00000000,1
1531162609527,1531162609522,4572555,0.00010023,173.00000000,1
1531162614987,1531162614982,4572556,0.00010020,139.00000000,1
1531162615440,1531162615438,4572557,0.00010020,60.00000000,0
1531162631614,1531162631609,4572558,0.00010019,141.00000000,0
1531162643708,1531162643703,4572559,0.00010016,188.00000000,1
1531162643708,1531162643703,4572560,0.00010014,130.00000000,1
1531162644579,1531162644575,4572561,0.00010012,16.00000000,0
1531162649414,1531162649409,4572562,0.00010011,42.00000000,1
1531162649550,1531162649543,4572563,0.00010011,55.00000000,0
1531162649550,1531162649543,4572564,0.00010012,42.00000000,0
1531162664722,1531162664718,4572565,0.00010011,141.00000000,1
1531162667496,1531162667491,4572566,0.00010011,132.00000000,0
1531162670112,1531162670106,4572567,0.00010012,12.00000000,0
1531162670569,1531162670564,4572568,0.00010012,700.00000000,0
1531162677194,1531162677190,4572569,0.00010012,898.00000000,0
1531162677203,1531162677198,4572570,0.00010012,951.00000000,0
1531162677205,1531162677202,4572571,0.00010012,63.00000000,0
1531162677209,1531162677205,4572572,0.00010020,951.00000000,0
1531162691376,1531162691372,4572573,0.00010016,187.00000000,1
1531162697441,1531162697435,4572574,0.00010020,106.00000000,0
1531162707468,1531162707462,4572575,0.00010016,190.00000000,1
1531162713488,1531162713482,4572576,0.00010016,169.00000000,0
1531162727426,1531162727420,4572577,0.00010016,164.00000000,1
1531162740173,1531162740168,4572578,0.00010015,92.00000000,1
1531162740173,1531162740168,4572579,0.00010012,8.00000000,1
1531162748616,1531162748613,4572580,0.00010016,219.00000000,0
1531162757528,1531162757523,4572581,0.00010015,189.00000000,1
1531162773717,1531162773711,4572582,0.00010016,203.00000000,0
1531162774409,1531162774404,4572583,0.00010012,827.00000000,1
1531162787542,1531162787535,4572584,0.00010010,189.00000000,1
1531162787676,1531162787671,4572585,0.00010011,73.00000000,0
1531162810886,1531162810882,4572586,0.00010011,163.00000000,0
1531162814064,1531162814059,4572587,0.00010020,100.00000000,0
1531162819136,1531162819134,4572588,0.00010010,358.00000000,1
1531162830148,1531162830142,4572589,0.00010011,187.00000000,1
1531162835805,1531162835799,4572590,0.00010018,222.00000000,0
1531162840462,1531162840457,4572591,0.00010020,1644.00000000,0
1531162848861,1531162848857,4572592,0.00010022,176.00000000,0
1531162861613,1531162861608,4572593,0.00010021,10.00000000,1
1531162869903,1531162869898,4572594,0.00010029,227.00000000,0
1531162877107,1531162877102,4572595,0.00010030,211.00000000,0
1531162897897,1531162897891,4572596,0.00010036,249.00000000,0
1531162900957,1531162900951,4572597,0.00010035,35.00000000,1
1531162910973,1531162910967,4572598,0.00010035,253.00000000,1
1531162913003,1531162912999,4572599,0.00010027,237.00000000,1
1531162930829,1531162930824,4572600,0.00010030,271.00000000,0
1531162938608,1531162938603,4572601,0.00010034,248.00000000,0
1531162947000,1531162946995,4572602,0.00010030,266.00000000,1
1531162958918,1531162958913,4572603,0.00010020,268.00000000,1
1531162967121,1531162967117,4572604,0.00010021,196.00000000,1
1531162988193,1531162988185,4572605,0.00010017,245.00000000,1
1531163009954,1531163009951,4572606,0.00010016,281.00000000,1
1531163019129,1531163019124,4572607,0.00010020,215.00000000,0
1531163028219,1531163028213,4572608,0.00010019,191.00000000,0
1531163054335,1531163054331,4572609,0.00010023,128.00000000,1
1531163069410,1531163069404,4572610,0.00010022,107.00000000,1
1531163074695,1531163074689,4572611,0.00010037,19.00000000,0
1531163078609,1531163078605,4572612,0.00010032,93.00000000,0
1531163086568,1531163086564,4572613,0.00010031,130.00000000,0
1531163107650,1531163107644,4572614,0.00010011,145.00000000,1
1531163107650,1531163107644,4572615,0.00010010,1647.00000000,1
1531163107650,1531163107644,4572616,0.00010009,1091.00000000,1
1531163107801,1531163107796,4572617,0.00010009,100.00000000,0
1531163108055,1531163108049,4572618,0.00010009,300.00000000,0
1531163114614,1531163114608,4572619,0.00010008,211.00000000,0
1531163126733,1531163126728,4572620,0.00010008,214.00000000,1
1531163136554,1531163136548,4572621,0.00010008,178.00000000,1
1531163140926,1531163140923,4572622,0.00010007,11.00000000,1
1531163140926,1531163140923,4572623,0.00010004,8.00000000,1
1531163143652,1531163143633,4572624,0.00010004,12.00000000,1
1531163146473,1531163146467,4572625,0.00010008,156.00000000,0
1531163152606,1531163152600,4572626,0.00010004,182.00000000,1
1531163152693,1531163152687,4572627,0.00010002,64.00000000,0
1531163153245,1531163153239,4572628,0.00010002,48.00000000,0
1531163174125,1531163174120,4572629,0.00010002,6.00000000,0
1531163174337,1531163174333,4572630,0.00010008,171.00000000,1
1531163177513,1531163177509,4572631,0.00010009,327.00000000,0
1531163185086,1531163185081,4572632,0.00010009,170.00000000,0
1531163185091,1531163185087,4572633,0.00010009,17.00000000,0
1531163185091,1531163185087,4572634,0.00010010,153.00000000,0
1531163185144,1531163185138,4572635,0.00010002,37.00000000,1
1531163185144,1531163185138,4572636,0.00010001,41.00000000,1
1531163188541,1531163188539,4572637,0.00010008,182.00000000,1
1531163190723,1531163190717,4572638,0.00010001,124.00000000,1
1531163190750,1531163190745,4572639,0.00010001,71.00000000,1
1531163198398,1531163198392,4572640,0.00010005,178.00000000,1
1531163212025,1531163212018,4572641,0.00010010,395.00000000,0
1531163212025,1531163212018,4572642,0.00010028,83.00000000,0
1531163212025,1531163212018,4572643,0.00010037,280.00000000,0
1531163212025,1531163212018,4572644,0.00010038,42.00000000,0
1531163212025,1531163212018,4572645,0.00010070,95.00000000,0
1531163212447,1531163212442,4572646,0.00010006,148.00000000,1
1531163226170,1531163226164,4572647,0.00010055,249.00000000,0
1531163228689,1531163228686,4572648,0.00010016,4.00000000,1
1531163230548,1531163230544,4572649,0.00010016,4.00000000,1
1531163233536,1531163233530,4572650,0.00010022,245.00000000,1
1531163236889,1531163236884,4572651,0.00010017,10.00000000,1
1531163246583,1531163246577,4572652,0.00010019,250.00000000,1
1531163254577,1531163254570,4572653,0.00010027,278.00000000,1
1531163266432,1531163266426,4572654,0.00010025,246.00000000,0
1531163289441,1531163289436,4572655,0.00010015,235.00000000,0
1531163296201,1531163296196,4572656,0.00010013,220.00000000,0
1531163302179,1531163302174,4572657,0.00010020,10.00000000,0
1531163305204,1531163305200,4572658,0.00010021,11.00000000,0
1531163308218,1531163308214,4572659,0.00010027,38.00000000,0
1531163313333,1531163313328,4572660,0.00010027,105.00000000,0
1531163313333,1531163313328,4572661,0.00010040,251.00000000,0
1531163317452,1531163317446,4572662,0.00010021,213.00000000,1
1531163328194,1531163328188,4572663,0.00010019,238.00000000,0
1531163352291,1531163352287,4572664,0.00010015,209.00000000,0
1531163355381,1531163355375,4572665,0.00010012,11.00000000,1
1531163363147,1531163363141,4572666,0.00010014,250.00000000,1
1531163380168,1531163380162,4572667,0.00010017,279.00000000,0
1531163392129,1531163392122,4572668,0.00010016,192.00000000,1
1531163409144,1531163409139,4572669,0.00010016,222.00000000,0
1531163413277,1531163413271,4572670,0.00010015,103.00000000,1
1531163413277,1531163413271,4572671,0.00010010,53.00000000,1
1531163413277,1531163413271,4572672,0.00010009,19.00000000,1
1531163424305,1531163424300,4572673,0.00010015,247.00000000,1
1531163444052,1531163444046,4572674,0.00010025,221.00000000,0
1531163451112,1531163451107,4572675,0.00010025,244.00000000,1
1531163452215,1531163452210,4572676,0.00010040,99.00000000,0
1531163469514,1531163469509,4572677,0.00010016,201.00000000,0
1531163476256,1531163476250,4572678,0.00010019,247.00000000,1
1531163494387,1531163494382,4572679,0.00010011,212.00000000,0
1531163512431,1531163512424,4572680,0.00010012,260.00000000,1
1531163534421,1531163534416,4572681,0.00010019,198.00000000,1
1531163534947,1531163534942,4572682,0.00010010,4.00000000,1
1531163545265,1531163545260,4572683,0.00010021,180.00000000,0
1531163560266,1531163560261,4572684,0.00010011,228.00000000,1
1531163572474,1531163572469,4572685,0.00010014,243.00000000,0
1531163593619,1531163593613,4572686,0.00010017,139.00000000,1
1531163597270,1531163597263,4572687,0.00010010,216.00000000,1
1531163602640,1531163602637,4572688,0.00010016,127.00000000,0
1531163624533,1531163624528,4572689,0.00010018,134.00000000,1
1531163631502,1531163631499,4572690,0.00010017,170.00000000,1
1531163650254,1531163650249,4572691,0.00010012,18.00000000,0
1531163650265,1531163650260,4572692,0.00010012,95.00000000,0
1531163650349,1531163650344,4572693,0.00010040,74.00000000,0
1531163662236,1531163662231,4572694,0.00010014,103.00000000,1
1531163676423,1531163676419,4572695,0.00010011,126.00000000,0
1531163692316,1531163692311,4572696,0.00010012,152.00000000,0
1531163708477,1531163708472,4572697,0.00010016,156.00000000,0
1531163721143,1531163721139,4572698,0.00010015,211.00000000,1
1531163735211,1531163735204,4572699,0.00010019,169.00000000,1
1531163750362,1531163750358,4572700,0.00010018,166.00000000,1
1531163773469,1531163773466,4572701,0.00010013,177.00000000,0
1531163788138,1531163788135,4572702,0.00010014,255.00000000,1
1531163799361,1531163799358,4572703,0.00010020,187.00000000,0
1531163808250,1531163808246,4572704,0.00010020,119.00000000,0
1531163808359,1531163808357,4572705,0.00010020,87.00000000,0
1531163831914,1531163831909,4572706,0.00010040,39.00000000,0
1531163832095,1531163832091,4572707,0.00010040,109.00000000,0
1531163832131,1531163832128,4572708,0.00010041,72.00000000,0
1531163832491,1531163832484,4572709,0.00010040,39.00000000,1
1531163832491,1531163832484,4572710,0.00010022,89.00000000,1
1531163847526,1531163847519,4572711,0.00010024,90.00000000,0
1531163862934,1531163862928,4572712,0.00010055,48.00000000,0
1531163916935,1531163916930,4572713,0.00010036,205.00000000,0
1531163925958,1531163925953,4572714,0.00010033,169.00000000,1
1531163951786,1531163951780,4572715,0.00010039,91.00000000,1
1531163956936,1531163956933,4572716,0.00010038,116.00000000,0
1531163974264,1531163974259,4572717,0.00010050,119.00000000,0
1531163980976,1531163980971,4572718,0.00010041,123.00000000,1
1531163992006,1531163991999,4572719,0.00010040,108.00000000,1
1531164005005,1531164004999,4572720,0.00010050,117.00000000,0
1531164011340,1531164011334,4572721,0.00010045,94.00000000,0
1531164019214,1531164019210,4572722,0.00010043,90.00000000,0
1531164042424,1531164042419,4572723,0.00010044,106.00000000,0
1531164047154,1531164047151,4572724,0.00010044,113.00000000,0
1531164074182,1531164074177,4572725,0.00010038,206.00000000,0
1531164084292,1531164084287,4572726,0.00010037,158.00000000,0
1531164105168,1531164105160,4572727,0.00010040,152.00000000,0
1531164113333,1531164113329,4572728,0.00010039,208.00000000,1
1531164134975,1531164134969,4572729,0.00010043,150.00000000,0
1531164145811,1531164145805,4572730,0.00010043,156.00000000,0
1531164148070,1531164148068,4572731,0.00010041,40.00000000,0
1531164160787,1531164160780,4572732,0.00010033,175.00000000,1
1531164173017,1531164173010,4572733,0.00010036,151.00000000,1
1531164188869,1531164188864,4572734,0.00010045,267.00000000,0
1531164203957,1531164203951,4572735,0.00010043,213.00000000,1
1531164220958,1531164220955,4572736,0.00010053,255.00000000,1
1531164231901,1531164231893,4572737,0.00010052,226.00000000,1
1531164253970,1531164253966,4572738,0.00010047,182.00000000,0
1531164257796,1531164257791,4572739,0.00010048,153.00000000,1
1531164272771,1531164272764,4572740,0.00010038,163.00000000,1
1531164290916,1531164290911,4572741,0.00010039,140.00000000,1
1531164311839,1531164311835,4572742,0.00010029,275.00000000,0
1531164321948,1531164321944,4572743,0.00010028,225.00000000,0
1531164334179,1531164334175,4572744,0.00010055,9.00000000,0
1531164344036,1531164344035,4572745,0.00010033,208.00000000,1
1531164348950,1531164348947,4572746,0.00010032,209.00000000,0
1531164370954,1531164370948,4572747,0.00010038,180.00000000,0
1531164384825,1531164384819,4572748,0.00010044,179.00000000,0
1531164403987,1531164403982,4572749,0.00010044,215.00000000,1
1531164412074,1531164412067,4572750,0.00010044,202.00000000,0
1531164434974,1531164434971,4572751,0.00010044,158.00000000,0
1531164447099,1531164447095,4572752,0.00010044,206.00000000,1
1531164454077,1531164454073,4572753,0.00010043,186.00000000,1
1531164455062,1531164455056,4572754,0.00010044,166.00000000,1
1531164471975,1531164471969,4572755,0.00010044,149.00000000,1
1531164494761,1531164494755,4572756,0.00010044,104.00000000,0
1531164507819,1531164507817,4572757,0.00010045,107.00000000,1
1531164521709,1531164521704,4572758,0.00010045,118.00000000,0
1531164530580,1531164530579,4572759,0.00010044,83.00000000,1
1531164530714,1531164530709,4572760,0.00010044,35.00000000,0
1531164530714,1531164530709,4572761,0.00010045,83.00000000,0
1531164554638,1531164554632,4572762,0.00010044,160.00000000,0
1531164561726,1531164561724,4572763,0.00010044,174.00000000,1
1531164571669,1531164571665,4572764,0.00010044,185.00000000,0
1531164591647,1531164591643,4572765,0.00010044,137.00000000,1
1531164613563,1531164613559,4572766,0.00010044,218.00000000,1
1531164625606,1531164625604,4572767,0.00010044,285.00000000,1
1531164633337,1531164633334,4572768,0.00010043,40.00000000,1
1531164643725,1531164643719,4572769,0.00010044,242.00000000,0
1531164649588,1531164649584,4572770,0.00010044,204.00000000,0
1531164673157,1531164673149,4572771,0.00010047,100.00000000,0
1531164674525,1531164674519,4572772,0.00010044,257.00000000,1
1531164678351,1531164678346,4572773,0.00010044,277.00000000,1
1531164699420,1531164699415,4572774,0.00010044,195.00000000,1
1531164708429,1531164708425,4572775,0.00010044,279.00000000,1
1531164724318,1531164724316,4572776,0.00010043,5.00000000,1
1531164727644,1531164727642,4572777,0.00010046,83.00000000,0
1531164734547,1531164734541,4572778,0.00010047,122.00000000,0
1531164749647,1531164749640,4572779,0.00010047,116.00000000,0
1531164765662,1531164765657,4572780,0.00010047,99.00000000,0
1531164771609,1531164771607,4572781,0.00010047,130.00000000,1
1531164775222,1531164775216,4572782,0.00010060,106.00000000,0
1531164782484,1531164782479,4572783,0.00010046,17.00000000,1
1531164782484,1531164782479,4572784,0.00010043,68.00000000,1
1531164782484,1531164782479,4572785,0.00010034,24.00000000,1
1531164782484,1531164782479,4572786,0.00010024,90.00000000,1
1531164782484,1531164782479,4572787,0.00010022,24.00000000,1
1531164782484,1531164782479,4572788,0.00010021,997.00000000,1
1531164782484,1531164782479,4572789,0.00010020,83.00000000,1
1531164782484,1531164782479,4572790,0.00010008,836.00000000,1
1531164782484,1531164782479,4572791,0.00010002,200.00000000,1
1531164782484,1531164782479,4572792,0.00010001,669.00000000,1
1531164786191,1531164786185,4572793,0.00010059,90.00000000,0
1531164788522,1531164788518,4572794,0.00010050,185.00000000,1
1531164800562,1531164800557,4572795,0.00010050,186.00000000,1
1531164824567,1531164824560,4572796,0.00010051,229.00000000,1
1531164828739,1531164828732,4572797,0.00010058,99.00000000,0
1531164833794,1531164833791,4572798,0.00010051,188.00000000,1
1531164849287,1531164849283,4572799,0.00010041,119.00000000,0
1531164859278,1531164859273,4572800,0.00010042,123.00000000,0
1531164880153,1531164880151,4572801,0.00010039,141.00000000,0
1531164885160,1531164885156,4572802,0.00010044,106.00000000,0
1531164890991,1531164890987,4572803,0.00010040,138.00000000,0
1531164907878,1531164907871,4572804,0.00010038,94.00000000,1
1531164929803,1531164929798,4572805,0.00010040,109.00000000,1
1531164930156,1531164930150,4572806,0.00010044,106.00000000,0
1531164943978,1531164943972,4572807,0.00010035,120.00000000,1
1531164947831,1531164947826,4572808,0.00010036,115.00000000,0
1531164972674,1531164972668,4572809,0.00010036,164.00000000,1
1531164986830,1531164986825,4572810,0.00010036,163.00000000,1
1531164998881,1531164998878,4572811,0.00010043,198.00000000,0
1531165008705,1531165008699,4572812,0.00010042,146.00000000,0
1531165028164,1531165028160,4572813,0.00010049,20.00000000,0
1531165028164,1531165028160,4572814,0.00010058,17.00000000,0
1531165028335,1531165028329,4572815,0.00010058,147.00000000,0
1531165028335,1531165028329,4572816,0.00010059,3.00000000,0
1531165028642,1531165028636,4572817,0.00010044,224.00000000,0
1531165048738,1531165048732,4572818,0.00010044,240.00000000,1
1531165058730,1531165058727,4572819,0.00010044,175.00000000,0
1531165069557,1531165069551,4572820,0.00010044,209.00000000,0
1531165090510,1531165090508,4572821,0.00010048,158.00000000,0
1531165097716,1531165097713,4572822,0.00010059,107.00000000,0
1531165103490,1531165103487,4572823,0.00010060,167.00000000,0
1531165117586,1531165117582,4572824,0.00010060,156.00000000,0
1531165123235,1531165123231,4572825,0.00010070,39.00000000,0
1531165132586,1531165132584,4572826,0.00010060,211.00000000,1
1531165132605,1531165132598,4572827,0.00010059,20.00000000,1
1531165150556,1531165150553,4572828,0.00010060,206.00000000,0
1531165155597,1531165155591,4572829,0.00010061,178.00000000,0
1531165183587,1531165183582,4572830,0.00010051,258.00000000,1
1531165187710,1531165187708,4572831,0.00010051,242.00000000,0
1531165199472,1531165199466,4572832,0.00010039,66.00000000,1
1531165214787,1531165214780,4572833,0.00010046,240.00000000,1
1531165227825,1531165227819,4572834,0.00010044,252.00000000,1
1531165241802,1531165241796,4572835,0.00010050,245.00000000,1
1531165245632,1531165245626,4572836,0.00010048,288.00000000,0
1531165269447,1531165269442,4572837,0.00010056,196.00000000,0
1531165288496,1531165288492,4572838,0.00010056,10.00000000,0
1531165288513,1531165288508,4572839,0.00010056,180.00000000,0
1531165299557,1531165299551,4572840,0.00010054,172.00000000,0
1531165306534,1531165306529,4572841,0.00010055,199.00000000,1
1531165330463,1531165330460,4572842,0.00010049,218.00000000,0
1531165345269,1531165345266,4572843,0.00010055,60.00000000,1
1531165347605,1531165347602,4572844,0.00010049,156.00000000,1
1531165357279,1531165357272,4572845,0.00010055,145.00000000,0
1531165357279,1531165357272,4572846,0.00010057,245.00000000,0
1531165358538,1531165358532,4572847,0.00010058,169.00000000,1
1531165367624,1531165367620,4572848,0.00010051,186.00000000,0
1531165367874,1531165367868,4572849,0.00010070,126.00000000,0
1531165389887,1531165389881,4572850,0.00010070,11.00000000,0
1531165391776,1531165391769,4572851,0.00010060,245.00000000,1
1531165399662,1531165399656,4572852,0.00010059,237.00000000,1
1531165411507,1531165411500,4572853,0.00010063,275.00000000,1
1531165426709,1531165426705,4572854,0.00010062,231.00000000,1
1531165448645,1531165448639,4572855,0.00010065,170.00000000,1
1531165466798,1531165466792,4572856,0.00010062,205.00000000,0
1531165472648,1531165472642,4572857,0.00010069,162.00000000,0
1531165483235,1531165483230,4572858,0.00010040,64.00000000,1
1531165483235,1531165483230,4572859,0.00010039,17.00000000,1
1531165483235,1531165483230,4572860,0.00010011,1.00000000,1
1531165483241,1531165483235,4572861,0.00010011,18.00000000,1
1531165486610,1531165486608,4572862,0.00010059,172.00000000,1
1531165512537,1531165512531,4572863,0.00010052,231.00000000,1
1531165524664,1531165524657,4572864,0.00010053,201.00000000,0
1531165539740,1531165539735,4572865,0.00010043,226.00000000,1
1531165545675,1531165545669,4572866,0.00010047,256.00000000,0
1531165571527,1531165571520,4572867,0.00010041,244.00000000,1
1531165581533,1531165581527,4572868,0.00010042,190.00000000,0
1531165590609,1531165590604,4572869,0.00010037,172.00000000,0
1531165609437,1531165609431,4572870,0.00010039,179.00000000,0
1531165631339,1531165631336,4572871,0.00010032,88.00000000,1
1531165638400,1531165638398,4572872,0.00010033,113.00000000,0
1531165664355,1531165664349,4572873,0.00010023,112.00000000,1
1531165671350,1531165671345,4572874,0.00010025,115.00000000,0
1531165684087,1531165684081,4572875,0.00010038,116.00000000,0
1531165684087,1531165684081,4572876,0.00010039,2.00000000,0
1531165684948,1531165684944,4572877,0.00010039,818.00000000,0
1531165685091,1531165685088,4572878,0.00010039,2028.00000000,0
1531165685091,1531165685088,4572879,0.00010060,64.00000000,0
1531165685091,1531165685088,4572880,0.00010070,756.00000000,0
1531165692295,1531165692289,4572881,0.00010061,19.00000000,0
1531165695211,1531165695204,4572882,0.00010021,175.00000000,0
1531165708302,1531165708296,4572883,0.00010021,80.00000000,0
1531165708459,1531165708454,4572884,0.00010021,79.00000000,0
1531165725430,1531165725425,4572885,0.00010022,137.00000000,1
1531165731314,1531165731308,4572886,0.00010022,127.00000000,0
1531165750201,1531165750198,4572887,0.00010026,33.00000000,1
1531165750268,1531165750262,4572888,0.00010026,24.00000000,1
1531165753103,1531165753098,4572889,0.00010028,116.00000000,1
1531165767087,1531165767081,4572890,0.00010032,129.00000000,1
1531165771129,1531165771122,4572891,0.00010032,141.00000000,0
1531165790070,1531165790068,4572892,0.00010031,128.00000000,1
1531165799095,1531165799091,4572893,0.00010060,18.00000000,0
1531165799215,1531165799212,4572894,0.00010060,23.00000000,0
1531165802107,1531165802102,4572895,0.00010060,13.00000000,0
1531165813897,1531165813890,4572896,0.00010027,123.00000000,0
1531165818633,1531165818630,4572897,0.00010020,3.00000000,1
1531165829930,1531165829926,4572898,0.00010030,153.00000000,1
1531165831900,1531165831895,4572899,0.00010023,156.00000000,0
1531165846906,1531165846903,4572900,0.00010023,125.00000000,1
1531165873647,1531165873641,4572901,0.00010027,150.00000000,1
1531165889742,1531165889737,4572902,0.00010027,117.00000000,1
1531165894723,1531165894717,4572903,0.00010029,116.00000000,0
1531165895092,1531165895090,4572904,0.00010056,18.00000000,0
1531165895894,1531165895889,4572905,0.00010056,12.00000000,0
1531165911733,1531165911726,4572906,0.00010029,127.00000000,1
1531165927226,1531165927221,4572907,0.00010056,518.00000000,0
1531165927226,1531165927221,4572908,0.00010060,31.00000000,0
1531165927532,1531165927528,4572909,0.00010060,262.00000000,0
1531165928841,1531165928836,4572910,0.00010034,209.00000000,1
1531165942500,1531165942499,4572911,0.00010032,157.00000000,1
1531165956483,1531165956477,4572912,0.00010038,199.00000000,0
1531165960061,1531165960055,4572913,0.00010061,14.00000000,0
1531165966521,1531165966515,4572914,0.00010038,205.00000000,1
1531165995522,1531165995516,4572915,0.00010038,107.00000000,1
1531165996127,1531165996126,4572916,0.00010061,16.00000000,0
1531166005358,1531166005357,4572917,0.00010037,131.00000000,0
1531166017384,1531166017379,4572918,0.00010040,142.00000000,1
1531166026173,1531166026166,4572919,0.00010061,34.00000000,0
1531166026173,1531166026166,4572920,0.00010072,36.00000000,0
1531166026173,1531166026166,4572921,0.00010075,160.00000000,0
1531166026173,1531166026166,4572922,0.00010080,156.00000000,0
1531166026234,1531166026229,4572923,0.00010080,96.00000000,0
1531166026277,1531166026270,4572924,0.00010080,1.00000000,0
1531166026277,1531166026270,4572925,0.00010084,24.00000000,0
1531166026277,1531166026270,4572926,0.00010091,40.00000000,0
1531166026277,1531166026270,4572927,0.00010096,235.00000000,0
1531166026285,1531166026281,4572928,0.00010096,164.00000000,0
1531166026285,1531166026281,4572929,0.00010099,136.00000000,0
1531166027404,1531166027397,4572930,0.00010039,111.00000000,0
1531166032131,1531166032125,4572931,0.00010043,63.00000000,1
1531166032131,1531166032125,4572932,0.00010042,83.00000000,1
1531166032131,1531166032125,4572933,0.00010027,212.00000000,1
1531166032132,1531166032126,4572934,0.00010027,358.00000000,1
1531166032136,1531166032131,4572935,0.00010027,121.00000000,1
1531166032136,1531166032131,4572936,0.00010011,100.00000000,1
1531166032136,1531166032131,4572937,0.00010010,13.00000000,1
1531166032136,1531166032131,4572938,0.00010009,124.00000000,1
1531166049762,1531166049758,4572939,0.00010048,157.00000000,1
1531166050973,1531166050967,4572940,0.00010065,79.00000000,0
1531166067514,1531166067510,4572941,0.00010050,122.00000000,1
1531166080689,1531166080683,4572942,0.00010044,120.00000000,1
1531166085409,1531166085405,4572943,0.00010046,152.00000000,0
1531166108300,1531166108295,4572944,0.00010038,206.00000000,1
1531166116463,1531166116458,4572945,0.00010039,189.00000000,1
1531166136203,1531166136197,4572946,0.00010040,187.00000000,0
1531166148261,1531166148252,4572947,0.00010040,197.00000000,0
1531166153298,1531166153293,4572948,0.00010065,27.00000000,0
1531166170149,1531166170144,4572949,0.00010065,18.00000000,0
1531166170149,1531166170144,4572950,0.00010066,55.00000000,0
1531166172180,1531166172174,4572951,0.00010046,186.00000000,1
1531166187193,1531166187187,4572952,0.00010048,191.00000000,0
1531166204293,1531166204285,4572953,0.00010042,146.00000000,0
1531166209017,1531166209010,4572954,0.00010044,197.00000000,1
1531166222305,1531166222298,4572955,0.00010039,74.00000000,1
1531166228140,1531166228135,4572956,0.00010038,180.00000000,1
1531166250317,1531166250312,4572957,0.00010038,157.00000000,0
1531166252132,1531166252125,4572958,0.00010039,10.00000000,0
1531166254016,1531166254009,4572959,0.00010038,151.00000000,0
1531166272031,1531166272025,4572960,0.00010038,180.00000000,0
1531166292378,1531166292373,4572961,0.00010030,150.00000000,0
1531166297400,1531166297399,4572962,0.00010028,179.00000000,0
1531166306090,1531166306084,4572963,0.00010039,318.00000000,0
1531166310158,1531166310151,4572964,0.00010039,34.00000000,0
1531166312122,1531166312116,4572965,0.00010039,213.00000000,0
1531166312129,1531166312122,4572966,0.00010039,100.00000000,0
1531166312132,1531166312127,4572967,0.00010039,100.00000000,0
1531166312141,1531166312134,4572968,0.00010039,100.00000000,0
1531166312235,1531166312229,4572969,0.00010039,10.00000000,0
1531166312235,1531166312229,4572970,0.00010065,43.00000000,0
1531166321434,1531166321433,4572971,0.00010052,148.00000000,1
1531166328474,1531166328468,4572972,0.00010052,186.00000000,0
1531166349711,1531166349705,4572973,0.00010054,186.00000000,0
1531166362754,1531166362746,4572974,0.00010053,142.00000000,1
1531166364087,1531166364081,4572975,0.00010066,28.00000000,0
1531166364087,1531166364081,4572976,0.00010092,115.00000000,0
1531166376806,1531166376800,4572977,0.00010057,171.00000000,0
1531166392588,1531166392581,4572978,0.00010056,148.00000000,0
1531166396356,1531166396350,4572979,0.00010083,83.00000000,0
1531166396356,1531166396350,4572980,0.00010085,16.00000000,0
1531166410820,1531166410818,4572981,0.00010054,211.00000000,1
1531166424675,1531166424668,4572982,0.00010053,216.00000000,0
1531166437730,1531166437723,4572983,0.00010055,183.00000000,0
1531166451706,1531166451698,4572984,0.00010054,168.00000000,1
1531166468891,1531166468885,4572985,0.00010063,158.00000000,1
1531166478805,1531166478800,4572986,0.00010065,138.00000000,1
1531166486255,1531166486248,4572987,0.00010080,580.00000000,0
1531166493115,1531166493109,4572988,0.00010080,22.00000000,1
1531166497783,1531166497779,4572989,0.00010081,152.00000000,0
1531166497885,1531166497879,4572990,0.00010081,1.00000000,0
1531166498288,1531166498285,4572991,0.00010081,20.00000000,1
1531166506627,1531166506619,4572992,0.00010080,84.00000000,1
1531166506665,1531166506660,4572993,0.00010080,65.00000000,0
1531166506686,1531166506679,4572994,0.00010080,1.00000000,0
1531166510753,1531166510745,4572995,0.00010075,71.00000000,0
1531166510761,1531166510757,4572996,0.00010075,47.00000000,0
1531166533527,1531166533525,4572997,0.00010084,194.00000000,1
1531166599693,1531166599691,4572998,0.00010085,115.00000000,0
1531166602091,1531166602084,4572999,0.00010074,129.00000000,1
1531166615972,1531166615966,4573000,0.00010082,98.00000000,1
1531166633080,1531166633074,4573001,0.00010079,126.00000000,0
1531166650467,1531166650463,4573002,0.00010074,131.00000000,0
1531166661075,1531166661074,4573003,0.00010076,126.00000000,1
1531166671489,1531166671488,4573004,0.00010098,99.00000000,0
1531166677096,1531166677089,4573005,0.00010066,122.00000000,1
1531166693215,1531166693208,4573006,0.00010070,124.00000000,1
1531166709383,1531166709379,4573007,0.00010071,101.00000000,0
1531166726415,1531166726410,4573008,0.00010071,108.00000000,0
1531166739300,1531166739295,4573009,0.00010081,109.00000000,0
1531166747336,1531166747330,4573010,0.00010078,128.00000000,1
1531166768569,1531166768562,4573011,0.00010072,208.00000000,0
1531166779580,1531166779578,4573012,0.00010072,213.00000000,1
1531166788481,1531166788474,4573013,0.00010095,1714.00000000,0
1531166795857,1531166795851,4573014,0.00010072,176.00000000,0
1531166807678,1531166807672,4573015,0.00010072,164.00000000,1
1531166814326,1531166814321,4573016,0.00010059,19.00000000,1
1531166814398,1531166814398,4573017,0.00010059,24.00000000,1
1531166828535,1531166828530,4573018,0.00010072,196.00000000,1
1531166836651,1531166836644,4573019,0.00010075,205.00000000,1
1531166854573,1531166854567,4573020,0.00010065,145.00000000,1
1531166866537,1531166866533,4573021,0.00010066,162.00000000,1
1531166882586,1531166882580,4573022,0.00010059,1529.00000000,1
1531166882586,1531166882580,4573023,0.00010058,83.00000000,1
1531166882684,1531166882680,4573024,0.00010038,202.00000000,0
1531166882695,1531166882689,4573025,0.00010038,5.00000000,0
1531166883299,1531166883294,4573026,0.00010038,101.00000000,1
1531166883299,1531166883294,4573027,0.00010026,448.00000000,1
1531166888362,1531166888356,4573028,0.00010057,10.00000000,0
1531166890633,1531166890630,4573029,0.00010056,212.00000000,1
1531166895069,1531166895068,4573030,0.00010025,10.00000000,1
1531166897679,1531166897676,4573031,0.00010056,211.00000000,1
1531166920606,1531166920603,4573032,0.00010052,22.00000000,0
1531166920652,1531166920648,4573033,0.00010052,28.00000000,0
1531166920789,1531166920783,4573034,0.00010052,161.00000000,0
1531166962522,1531166962514,4573035,0.00010046,9.00000000,0
1531166981134,1531166981128,4573036,0.00010025,19.00000000,1
1531166981240,1531166981235,4573037,0.00010025,24.00000000,1
1531166982059,1531166982053,4573038,0.00010043,19.00000000,0
1531166992842,1531166992841,4573039,0.00010042,130.00000000,0
1531167008715,1531167008709,4573040,0.00010034,220.00000000,0
1531167025755,1531167025750,4573041,0.00010034,228.00000000,1
1531167033121,1531167033115,4573042,0.00010035,24.00000000,0
1531167033364,1531167033358,4573043,0.00010036,18.00000000,0
1531167033364,1531167033358,4573044,0.00010039,13.00000000,0
1531167034753,1531167034753,4573045,0.00010035,211.00000000,1
1531167047866,1531167047863,4573046,0.00010034,183.00000000,1
1531167059057,1531167059054,4573047,0.00010025,50.00000000,1
1531167066106,1531167066100,4573048,0.00010014,1662.00000000,1
1531167071326,1531167071319,4573049,0.00010017,205.00000000,0
1531167077274,1531167077269,4573050,0.00010017,195.00000000,0
1531167080463,1531167080456,4573051,0.00010018,101.00000000,0
1531167083117,1531167083113,4573052,0.00010018,24.00000000,0
1531167095325,1531167095318,4573053,0.00010018,5.00000000,0
1531167095325,1531167095318,4573054,0.00010022,224.00000000,0
1531167111355,1531167111354,4573055,0.00010022,230.00000000,0
1531167131164,1531167131160,4573056,0.00010022,106.00000000,0
1531167131977,1531167131975,4573057,0.00010022,53.00000000,0
1531167131977,1531167131975,4573058,0.00010023,53.00000000,0
1531167135506,1531167135504,4573059,0.00010021,128.00000000,0
1531167150557,1531167150551,4573060,0.00010021,129.00000000,1
1531167159440,1531167159434,4573061,0.00010021,152.00000000,0
1531167162151,1531167162145,4573062,0.00010023,106.00000000,0
1531167167612,1531167167610,4573063,0.00010021,169.00000000,0
1531167193453,1531167193448,4573064,0.00010014,167.00000000,0
1531167205957,1531167205951,4573065,0.00010016,396.00000000,1
1531167205957,1531167205951,4573066,0.00010015,349.00000000,1
1531167209527,1531167209522,4573067,0.00010016,213.00000000,0
1531167224725,1531167224723,4573068,0.00010022,221.00000000,0
1531167230751,1531167230746,4573069,0.00010019,209.00000000,0
1531167231340,1531167231335,4573070,0.00010011,20.00000000,1
1531167231348,1531167231341,4573071,0.00010011,26.00000000,1
1531167250898,1531167250893,4573072,0.00010026,105.00000000,1
1531167266695,1531167266693,4573073,0.00010025,107.00000000,0
1531167271925,1531167271922,4573074,0.00010035,138.00000000,0
1531167279240,1531167279233,4573075,0.00010038,22.00000000,0
1531167279277,1531167279271,4573076,0.00010038,17.00000000,0
1531167292715,1531167292707,4573077,0.00010035,117.00000000,1
1531167307503,1531167307499,4573078,0.00010035,134.00000000,0
1531167308589,1531167308583,4573079,0.00010012,7.00000000,1
1531167326455,1531167326451,4573080,0.00010033,134.00000000,0
1531167339613,1531167339607,4573081,0.00010038,141.00000000,0
1531167347474,1531167347472,4573082,0.00010037,129.00000000,1
1531167371390,1531167371385,4573083,0.00010033,212.00000000,1
1531167387475,1531167387467,4573084,0.00010036,212.00000000,1
1531167398369,1531167398362,4573085,0.00010028,169.00000000,0
1531167411338,1531167411332,4573086,0.00010030,180.00000000,1
1531167432166,1531167432162,4573087,0.00010021,119.00000000,0
1531167432345,1531167432340,4573088,0.00010021,82.00000000,0
1531167432470,1531167432470,4573089,0.00010021,21.00000000,1
1531167445298,1531167445292,4573090,0.00010022,225.00000000,1
1531167454279,1531167454277,4573091,0.00010018,208.00000000,1
1531167465013,1531167465010,4573092,0.00010039,10.00000000,0
1531167468345,1531167468339,4573093,0.00010019,179.00000000,1
1531167491251,1531167491245,4573094,0.00010028,104.00000000,1
1531167497232,1531167497226,4573095,0.00010025,137.00000000,0
1531167525308,1531167525271,4573096,0.00010035,126.00000000,1
1531167531370,1531167531365,4573097,0.00010034,141.00000000,0
1531167552338,1531167552332,4573098,0.00010034,199.00000000,0
1531167557288,1531167557287,4573099,0.00010034,232.00000000,0
1531167572374,1531167572370,4573100,0.00010034,243.00000000,1
1531167586361,1531167586357,4573101,0.00010034,194.00000000,1
1531167591172,1531167591166,4573102,0.00010014,21.00000000,1
1531167591276,1531167591272,4573103,0.00010014,16.00000000,1
1531167612230,1531167612225,4573104,0.00010032,104.00000000,1
1531167620114,1531167620112,4573105,0.00010034,134.00000000,0
1531167640303,1531167640297,4573106,0.00010024,133.00000000,0
1531167641420,1531167641414,4573107,0.00010033,13.00000000,0
1531167645105,1531167645100,4573108,0.00010014,16.00000000,1
1531167645366,1531167645366,4573109,0.00010014,20.00000000,1
1531167653188,1531167653183,4573110,0.00010026,133.00000000,0
1531167671110,1531167671104,4573111,0.00010019,209.00000000,0
1531167683037,1531167683033,4573112,0.00010015,172.00000000,0
1531167695063,1531167695057,4573113,0.00010033,13.00000000,0
1531167695313,1531167695306,4573114,0.00010033,17.00000000,0
1531167697807,1531167697802,4573115,0.00010033,20.00000000,0
1531167702998,1531167702992,4573116,0.00010025,146.00000000,0
1531167711997,1531167711995,4573117,0.00010025,143.00000000,0
1531167727901,1531167727896,4573118,0.00010022,247.00000000,1
1531167744250,1531167744246,4573119,0.00010033,23.00000000,0
1531167744354,1531167744353,4573120,0.00010033,18.00000000,0
1531167748958,1531167748952,4573121,0.00010023,191.00000000,0
1531167760991,1531167760984,4573122,0.00010016,193.00000000,0
1531167765940,1531167765935,4573123,0.00010019,181.00000000,0
1531167788496,1531167788490,4573124,0.00010015,5.00000000,1
1531167789781,1531167789782,4573125,0.00010016,129.00000000,0
1531167794130,1531167794128,4573126,0.00010015,12.00000000,1
1531167794446,1531167794441,4573127,0.00010015,15.00000000,1
1531167801720,1531167801714,4573128,0.00010016,171.00000000,1
1531167813053,1531167813047,4573129,0.00010015,74.00000000,1
1531167817754,1531167817749,4573130,0.00010023,121.00000000,1
1531167825728,1531167825724,4573131,0.00010022,120.00000000,1
1531167845235,1531167845234,4573132,0.00010033,8.00000000,0
1531167845235,1531167845234,4573133,0.00010054,3.00000000,0
1531167850698,1531167850699,4573134,0.00010021,198.00000000,0
1531167856659,1531167856654,4573135,0.00010021,199.00000000,1
1531167878641,1531167878634,4573136,0.00010031,183.00000000,1
1531167889689,1531167889687,4573137,0.00010028,197.00000000,0
1531167897112,1531167897107,4573138,0.00010022,16.00000000,1
1531167897150,1531167897146,4573139,0.00010022,12.00000000,1
1531167913538,1531167913532,4573140,0.00010025,186.00000000,1
1531167916452,1531167916448,4573141,0.00010024,161.00000000,0
1531167922068,1531167922061,4573142,0.00010015,356.00000000,1
1531167932626,1531167932621,4573143,0.00010014,238.00000000,1
1531167932626,1531167932621,4573144,0.00010010,1688.00000000,1
1531167936632,1531167936631,4573145,0.00010028,206.00000000,0
1531167945434,1531167945428,4573146,0.00010026,212.00000000,1
1531167948156,1531167948154,4573147,0.00010023,16.00000000,0
1531167948337,1531167948332,4573148,0.00010023,20.00000000,0
1531167958593,1531167958587,4573149,0.00010022,28.00000000,0
1531167958593,1531167958587,4573150,0.00010024,194.00000000,0
1531167967560,1531167967556,4573151,0.00010014,248.00000000,1
1531167984600,1531167984596,4573152,0.00010015,227.00000000,0
1531167998667,1531167998662,4573153,0.00010005,237.00000000,1
1531168010615,1531168010608,4573154,0.00010005,246.00000000,1
1531168014569,1531168014567,4573155,0.00010003,135.00000000,1
1531168014569,1531168014567,4573156,0.00010002,8.00000000,1
1531168018654,1531168018651,4573157,0.00010022,40.00000000,1
1531168032599,1531168032597,4573158,0.00010008,179.00000000,0
1531168043710,1531168043706,4573159,0.00010007,214.00000000,1
1531168047154,1531168047148,4573160,0.00010023,16.00000000,0
1531168047198,1531168047194,4573161,0.00010023,21.00000000,0
1531168052380,1531168052374,4573162,0.00010023,14.00000000,0
1531168052433,1531168052428,4573163,0.00010023,13.00000000,0
1531168058609,1531168058602,4573164,0.00010017,207.00000000,1
1531168072604,1531168072597,4573165,0.00010014,179.00000000,1
1531168076657,1531168076654,4573166,0.00010016,40.00000000,0
1531168079885,1531168079879,4573167,0.00010001,120.00000000,1
1531168079885,1531168079879,4573168,0.00010000,2268.00000000,1
1531168079885,1531168079879,4573169,0.00010000,393.00000000,1
1531168079885,1531168079879,4573170,0.00010000,393.00000000,1
1531168079886,1531168079879,4573171,0.00010000,10.00000000,1
1531168086595,1531168086589,4573172,0.00010016,47.00000000,0
1531168091672,1531168091665,4573173,0.00010004,149.00000000,1
1531168099750,1531168099744,4573174,0.00010002,142.00000000,1
1531168117486,1531168117481,4573175,0.00010012,167.00000000,1
1531168125682,1531168125677,4573176,0.00010011,155.00000000,1
1531168136326,1531168136325,4573177,0.00010000,31.00000000,1
1531168143097,1531168143091,4573178,0.00010016,30.00000000,0
1531168145133,1531168145129,4573179,0.00010036,16.00000000,0
1531168149120,1531168149114,4573180,0.00010035,18.00000000,0
1531168153541,1531168153536,4573181,0.00010006,150.00000000,1
1531168165589,1531168165582,4573182,0.00010007,179.00000000,1
1531168170522,1531168170521,4573183,0.00010004,194.00000000,1
1531168187610,1531168187603,4573184,0.00010004,162.00000000,1
1531168213620,1531168213615,4573185,0.00010006,189.00000000,1
1531168222728,1531168222723,4573186,0.00010010,135.00000000,0
1531168244545,1531168244540,4573187,0.00010003,128.00000000,0
1531168248475,1531168248470,4573188,0.00010003,185.00000000,1
1531168251162,1531168251155,4573189,0.00010029,17.00000000,0
1531168273645,1531168273638,4573190,0.00010011,126.00000000,1
1531168279961,1531168279955,4573191,0.00010012,98.00000000,1
1531168303775,1531168303770,4573192,0.00010010,128.00000000,0
1531168306697,1531168306695,4573193,0.00010011,98.00000000,1
1531168332651,1531168332646,4573194,0.00010010,138.00000000,1
1531168341624,1531168341619,4573195,0.00010011,156.00000000,0
1531168354135,1531168354130,4573196,0.00010029,17.00000000,0
1531168361785,1531168361782,4573197,0.00010004,126.00000000,1
1531168372912,1531168372908,4573198,0.00010004,156.00000000,0
1531168391006,1531168391001,4573199,0.00010003,129.00000000,1
1531168392739,1531168392733,4573200,0.00010007,142.00000000,1
1531168405774,1531168405768,4573201,0.00010007,155.00000000,0
1531168417825,1531168417819,4573202,0.00010012,127.00000000,1
1531168425896,1531168425891,4573203,0.00010010,121.00000000,1
1531168447977,1531168447971,4573204,0.00010013,163.00000000,1
1531168452159,1531168452152,4573205,0.00010029,15.00000000,0
1531168456984,1531168456978,4573206,0.00010016,189.00000000,0
1531168477050,1531168477044,4573207,0.00010006,175.00000000,1
1531168490991,1531168490985,4573208,0.00010006,182.00000000,0
1531168509069,1531168509062,4573209,0.00010012,277.00000000,1
1531168523985,1531168523980,4573210,0.00010011,245.00000000,1
1531168536039,1531168536032,4573211,0.00010021,193.00000000,0
1531168549036,1531168549033,4573212,0.00010020,195.00000000,1
1531168568911,1531168568906,4573213,0.00010011,112.00000000,0
1531168587060,1531168587057,4573214,0.00010011,126.00000000,1
1531168602257,1531168602251,4573215,0.00010021,142.00000000,1
1531168605979,1531168605972,4573216,0.00010021,101.00000000,0
1531168617341,1531168617340,4573217,0.00010029,13.00000000,0
1531168633938,1531168633932,4573218,0.00010018,105.00000000,1
1531168648102,1531168648096,4573219,0.00010019,140.00000000,1
1531168657929,1531168657922,4573220,0.00010016,131.00000000,0
1531168668045,1531168668039,4573221,0.00010017,126.00000000,0
1531168689183,1531168689178,4573222,0.00010010,154.00000000,1
1531168705107,1531168705102,4573223,0.00010012,140.00000000,0
1531168711970,1531168711967,4573224,0.00010005,158.00000000,1
1531168720674,1531168720669,4573225,0.00010000,1370.00000000,1
1531168726069,1531168726063,4573226,0.00010007,162.00000000,0
1531168751151,1531168751145,4573227,0.00010000,100.00000000,1
1531168753962,1531168753957,4573228,0.00010015,171.00000000,1
1531168756859,1531168756853,4573229,0.00010015,190.00000000,1
1531168781050,1531168781044,4573230,0.00010005,188.00000000,0
1531168787171,1531168787170,4573231,0.00010009,161.00000000,1
1531168799831,1531168799826,4573232,0.00010005,10.00000000,1
1531168814209,1531168814205,4573233,0.00010006,197.00000000,0
1531168826126,1531168826120,4573234,0.00010016,60.00000000,0
1531168826126,1531168826120,4573235,0.00010029,46.00000000,0
1531168826128,1531168826124,4573236,0.00010029,106.00000000,0
1531168828072,1531168828067,4573237,0.00010008,40.00000000,0
1531168828128,1531168828127,4573238,0.00010008,40.00000000,0
1531168828155,1531168828150,4573239,0.00010008,40.00000000,0
1531168828173,1531168828170,4573240,0.00010008,65.00000000,0
1531168840547,1531168840540,4573241,0.00010012,221.00000000,1
1531168844097,1531168844093,4573242,0.00010029,48.00000000,0
1531168858380,1531168851177,4573243,0.00010009,212.00000000,1
1531168872692,1531168872687,4573244,0.00010016,148.00000000,1
1531168882401,1531168882397,4573245,0.00010017,182.00000000,0
1531168895470,1531168895465,4573246,0.00010013,128.00000000,0
1531168910722,1531168910718,4573247,0.00010014,179.00000000,0
1531168932700,1531168932693,4573248,0.00010014,222.00000000,1
1531168942287,1531168942282,4573249,0.00010029,86.00000000,0
1531168949928,1531168949926,4573250,0.00010011,191.00000000,0
1531168961747,1531168961740,4573251,0.00010021,161.00000000,0
1531168963269,1531168963264,4573252,0.00010033,42.00000000,0
1531168969923,1531168969917,4573253,0.00010021,186.00000000,0
1531168991168,1531168991163,4573254,0.00010012,241.00000000,0
1531168997432,1531168997427,4573255,0.00010009,220.00000000,0
1531169017178,1531169017173,4573256,0.00010019,13.00000000,1
1531169017184,1531169017177,4573257,0.00010019,194.00000000,1
1531169028325,1531169028318,4573258,0.00010016,248.00000000,1
1531169031319,1531169031313,4573259,0.00010029,12.00000000,0
1531169049395,1531169049388,4573260,0.00010016,236.00000000,1
1531169056911,1531169056908,4573261,0.00010029,99.00000000,0
1531169069633,1531169069630,4573262,0.00010016,244.00000000,0
1531169081535,1531169081529,4573263,0.00010026,188.00000000,1
1531169086320,1531169086312,4573264,0.00010026,107.00000000,1
1531169086465,1531169086458,4573265,0.00010026,99.00000000,1
1531169109666,1531169109661,4573266,0.00010029,9.00000000,0
1531169109785,1531169109780,4573267,0.00010032,190.00000000,1
1531169121891,1531169121890,4573268,0.00010033,200.00000000,0
1531169172814,1531169172809,4573269,0.00010005,2.00000000,1
1531169184274,1531169184270,4573270,0.00010021,200.00000000,1
1531169195386,1531169195380,4573271,0.00010031,218.00000000,0
1531169203887,1531169203880,4573272,0.00010005,8.00000000,1
1531169213421,1531169213415,4573273,0.00010031,174.00000000,0
1531169230264,1531169230259,4573274,0.00010030,154.00000000,1
1531169240182,1531169240177,4573275,0.00010029,182.00000000,1
1531169251163,1531169251159,4573276,0.00010031,203.00000000,1
1531169271329,1531169271323,4573277,0.00010031,199.00000000,1
1531169291184,1531169291178,4573278,0.00010025,165.00000000,0
1531169291364,1531169291359,4573279,0.00010032,13.00000000,0
1531169296261,1531169296253,4573280,0.00010029,129.00000000,1
1531169323430,1531169323428,4573281,0.00010019,127.00000000,0
1531169329165,1531169329159,4573282,0.00010020,183.00000000,1
1531169336191,1531169336186,4573283,0.00010005,15.00000000,1
1531169336222,1531169336216,4573284,0.00010005,12.00000000,1
1531169353384,1531169353379,4573285,0.00010023,109.00000000,0
1531169358318,1531169358316,4573286,0.00010025,131.00000000,0
1531169365667,1531169365662,4573287,0.00010039,50.00000000,0
1531169376439,1531169376433,4573288,0.00010017,117.00000000,0
1531169386340,1531169386335,4573289,0.00010019,146.00000000,1
1531169411589,1531169411583,4573290,0.00010021,165.00000000,0
1531169429314,1531169429307,4573291,0.00010021,159.00000000,1
1531169442337,1531169442331,4573292,0.00010003,20.00000000,1
1531169444275,1531169444271,4573293,0.00010011,128.00000000,1
1531169453288,1531169453283,4573294,0.00010012,182.00000000,1
1531169469095,1531169469089,4573295,0.00010015,201.00000000,1
1531169476269,1531169476263,4573296,0.00010014,187.00000000,1
1531169495217,1531169495213,4573297,0.00010020,222.00000000,0
1531169495303,1531169495298,4573298,0.00010030,14.00000000,0
1531169508172,1531169508166,4573299,0.00010018,272.00000000,0
1531169530134,1531169530130,4573300,0.00010025,138.00000000,0
1531169545946,1531169545940,4573301,0.00010020,148.00000000,1
1531169563052,1531169563046,4573302,0.00010029,134.00000000,0
1531169570925,1531169570919,4573303,0.00010027,136.00000000,0
1531169592700,1531169592696,4573304,0.00010021,221.00000000,0
1531169600697,1531169600691,4573305,0.00010019,207.00000000,1
1531169606782,1531169606776,4573306,0.00010020,20.00000000,0
1531169617818,1531169617814,4573307,0.00010016,262.00000000,0
1531169620061,1531169620057,4573308,0.00010029,106.00000000,0
1531169630756,1531169630750,4573309,0.00010018,252.00000000,0
1531169649505,1531169649499,4573310,0.00010025,173.00000000,1
1531169660620,1531169660616,4573311,0.00010023,158.00000000,1
1531169683627,1531169683624,4573312,0.00010022,202.00000000,1
1531169686606,1531169686600,4573313,0.00010022,212.00000000,0
1531169710519,1531169710513,4573314,0.00010018,184.00000000,0
1531169719529,1531169719522,4573315,0.00010019,174.00000000,1
1531169737646,1531169737640,4573316,0.00010015,180.00000000,1
1531169743245,1531169743240,4573317,0.00010022,17.00000000,0
1531169743289,1531169743283,4573318,0.00010022,13.00000000,0
1531169746626,1531169746620,4573319,0.00010016,188.00000000,1
1531169773684,1531169773678,4573320,0.00010015,254.00000000,1
1531169777602,1531169777597,4573321,0.00010011,230.00000000,1
1531169789719,1531169789712,4573322,0.00010015,99.00000000,0
1531169803669,1531169803662,4573323,0.00010014,181.00000000,1
1531169809705,1531169809699,4573324,0.00010014,195.00000000,0
1531169832681,1531169832676,4573325,0.00010005,153.00000000,0
1531169844111,1531169844105,4573326,0.00010015,10.00000000,0
1531169844243,1531169844238,4573327,0.00010015,13.00000000,0
1531169849706,1531169849700,4573328,0.00010004,170.00000000,0
1531169862569,1531169862564,4573329,0.00010013,155.00000000,1
1531169869540,1531169869537,4573330,0.00010011,149.00000000,1
1531169890315,1531169890309,4573331,0.00010004,180.00000000,0
1531169901643,1531169901638,4573332,0.00010004,228.00000000,1
1531169919286,1531169919280,4573333,0.00010010,213.00000000,0
1531169932458,1531169932452,4573334,0.00010009,188.00000000,0
1531169951527,1531169951522,4573335,0.00010014,179.00000000,1
1531169955550,1531169955544,4573336,0.00010014,210.00000000,0
1531169978666,1531169978661,4573337,0.00010004,202.00000000,1
1531169989777,1531169989770,4573338,0.00010007,161.00000000,0
1531169996398,1531169996391,4573339,0.00010015,16.00000000,0
1531169996579,1531169996575,4573340,0.00010015,12.00000000,0
1531170014780,1531170014774,4573341,0.00010009,119.00000000,0
1531170014809,1531170014803,4573342,0.00010009,142.00000000,0
1531170024865,1531170024859,4573343,0.00010010,194.00000000,1
1531170035599,1531170035592,4573344,0.00010003,8.00000000,1
1531170039857,1531170039851,4573345,0.00010004,286.00000000,1
1531170045882,1531170045877,4573346,0.00010004,285.00000000,1
1531170048137,1531170048131,4573347,0.00010015,12.00000000,0
1531170071008,1531170071004,4573348,0.00010006,234.00000000,1
1531170079912,1531170079907,4573349,0.00010006,214.00000000,0
1531170096729,1531170096724,4573350,0.00010006,246.00000000,0
1531170100144,1531170100139,4573351,0.00010015,10.00000000,0
1531170109694,1531170109687,4573352,0.00010006,202.00000000,0
1531170113274,1531170113269,4573353,0.00010015,484.00000000,0
1531170129725,1531170129720,4573354,0.00010013,185.00000000,1
1531170147670,1531170147664,4573355,0.00010014,182.00000000,1
1531170164599,1531170164594,4573356,0.00010006,13.00000000,0
1531170164778,1531170164773,4573357,0.00010006,132.00000000,0
1531170167699,1531170167694,4573358,0.00010016,202.00000000,0
1531170190833,1531170190826,4573359,0.00010022,102.00000000,0
1531170204891,1531170204885,4573360,0.00010020,120.00000000,0
1531170212703,1531170212701,4573361,0.00010030,69.00000000,1
1531170212784,1531170212777,4573362,0.00010030,46.00000000,1
1531170231849,1531170231844,4573363,0.00010030,141.00000000,0
1531170245310,1531170245305,4573364,0.00010015,16.00000000,1
1531170245349,1531170245345,4573365,0.00010015,12.00000000,1
1531170252020,1531170252014,4573366,0.00010022,276.00000000,1
1531170257153,1531170257148,4573367,0.00010022,206.00000000,0
1531170275387,1531170275383,4573368,0.00010017,258.00000000,1
1531170293209,1531170293205,4573369,0.00010017,256.00000000,1
1531170309194,1531170309188,4573370,0.00010025,137.00000000,1
1531170321133,1531170321128,4573371,0.00010027,127.00000000,1
1531170334209,1531170334205,4573372,0.00010017,149.00000000,0
1531170349221,1531170349216,4573373,0.00010019,133.00000000,1
1531170368247,1531170368241,4573374,0.00010017,195.00000000,1
1531170383029,1531170383022,4573375,0.00010017,217.00000000,0
1531170402072,1531170402067,4573376,0.00010024,149.00000000,1
1531170409138,1531170409133,4573377,0.00010020,170.00000000,0
1531170411829,1531170411824,4573378,0.00010041,204.00000000,0
1531170434302,1531170434296,4573379,0.00010027,189.00000000,1
1531170450213,1531170450207,4573380,0.00010030,140.00000000,0
1531170458401,1531170458395,4573381,0.00010020,157.00000000,0
1531170468314,1531170468309,4573382,0.00010021,143.00000000,1
1531170494144,1531170494140,4573383,0.00010020,188.00000000,1
1531170505303,1531170505298,4573384,0.00010017,16.00000000,1
1531170505455,1531170505450,4573385,0.00010017,12.00000000,1
1531170508304,1531170508297,4573386,0.00010020,195.00000000,1
1531170511227,1531170511222,4573387,0.00010030,236.00000000,0
1531170530138,1531170530133,4573388,0.00010028,213.00000000,0
1531170551954,1531170551949,4573389,0.00010020,131.00000000,0
1531170556963,1531170556957,4573390,0.00010021,12.00000000,0
1531170557006,1531170557001,4573391,0.00010021,92.00000000,0
1531170577086,1531170577081,4573392,0.00010019,98.00000000,0
1531170591059,1531170591054,4573393,0.00010019,111.00000000,0
1531170611744,1531170611739,4573394,0.00010041,88.00000000,0
1531170612937,1531170612930,4573395,0.00010023,117.00000000,1
1531170619080,1531170619075,4573396,0.00010054,597.00000000,0
1531170623952,1531170623948,4573397,0.00010024,134.00000000,1
1531170631852,1531170631848,4573398,0.00010021,118.00000000,1
1531170650424,1531170650418,4573399,0.00010055,261.00000000,0
1531170650424,1531170650418,4573400,0.00010056,59.00000000,0
1531170650706,1531170650701,4573401,0.00010057,126.00000000,1
1531170655325,1531170655320,4573402,0.00010056,12.00000000,1
1531170659202,1531170659195,4573403,0.00010056,137.00000000,1
1531170674112,1531170674106,4573404,0.00010057,117.00000000,0
1531170689154,1531170689149,4573405,0.00010056,160.00000000,0
1531170701114,1531170701109,4573406,0.00010063,149.00000000,1
1531170709107,1531170709100,4573407,0.00010061,118.00000000,0
1531170792537,1531170792533,4573408,0.00010064,334.00000000,0
1531170793310,1531170793305,4573409,0.00010052,210.00000000,0
1531170800486,1531170800479,4573410,0.00010050,154.00000000,1
1531170813363,1531170813359,4573411,0.00010060,208.00000000,0
1531170828370,1531170828363,4573412,0.00010056,182.00000000,0
1531170841595,1531170841590,4573413,0.00010064,90.00000000,0
1531170849379,1531170849373,4573414,0.00010047,168.00000000,0
1531170856256,1531170856250,4573415,0.00010064,12.00000000,0
1531170859575,1531170859570,4573416,0.00010048,186.00000000,0
1531170880269,1531170880263,4573417,0.00010042,165.00000000,0
1531170886517,1531170886512,4573418,0.00010042,158.00000000,0
1531170908067,1531170908061,4573419,0.00010041,12.00000000,1
1531170908244,1531170908240,4573420,0.00010041,15.00000000,1
1531170909429,1531170909425,4573421,0.00010043,215.00000000,1
1531170920410,1531170920405,4573422,0.00010042,249.00000000,1
1531170936526,1531170936521,4573423,0.00010050,276.00000000,0
1531170948461,1531170948455,4573424,0.00010047,278.00000000,1
1531170956169,1531170956164,4573425,0.00010064,12.00000000,0
1531170956263,1531170956257,4573426,0.00010064,12.00000000,0
1531170971746,1531170971740,4573427,0.00010047,184.00000000,1
1531170981686,1531170981681,4573428,0.00010050,215.00000000,0
1531170998594,1531170998589,4573429,0.00010044,166.00000000,1
1531171006275,1531171006272,4573430,0.00010041,11.00000000,1
1531171007675,1531171007669,4573431,0.00010045,229.00000000,1
1531171029546,1531171029542,4573432,0.00010041,7.00000000,1
1531171029682,1531171029676,4573433,0.00010036,94.00000000,0
1531171042640,1531171042634,4573434,0.00010038,116.00000000,1
1531171046359,1531171046354,4573435,0.00010032,65.00000000,1
1531171046359,1531171046354,4573436,0.00010031,80.00000000,1
1531171052681,1531171052676,4573437,0.00010033,110.00000000,1
1531171065823,1531171065821,4573438,0.00010033,113.00000000,1
1531171092589,1531171092584,4573439,0.00010035,216.00000000,0
1531171093788,1531171093784,4573440,0.00010019,120.00000000,1
1531171093788,1531171093784,4573441,0.00010007,1.00000000,1
1531171093789,1531171093784,4573442,0.00010007,120.00000000,1
1531171093929,1531171093926,4573443,0.00010007,549.00000000,1
1531171100376,1531171100370,4573444,0.00010001,1368.00000000,1
1531171100376,1531171100370,4573445,0.00010000,840.00000000,1
1531171108677,1531171108671,4573446,0.00010034,173.00000000,1
1531171119698,1531171119693,4573447,0.00010040,158.00000000,1
1531171125749,1531171125745,4573448,0.00010038,220.00000000,0
1531171150634,1531171150629,4573449,0.00010041,192.00000000,0
1531171154315,1531171154310,4573450,0.00010040,16.00000000,1
1531171154509,1531171154502,4573451,0.00010040,12.00000000,1
1531171160990,1531171160987,4573452,0.00010040,369.00000000,1
1531171160990,1531171160987,4573453,0.00010000,1631.00000000,1
1531171162589,1531171162586,4573454,0.00010033,239.00000000,1
1531171175648,1531171175643,4573455,0.00010023,222.00000000,1
1531171188621,1531171188618,4573456,0.00010027,204.00000000,0
1531171214366,1531171214361,4573457,0.00010020,148.00000000,1
1531171216503,1531171216498,4573458,0.00010020,162.00000000,1
1531171235468,1531171235463,4573459,0.00010010,124.00000000,0
1531171253425,1531171253422,4573460,0.00010013,161.00000000,1
1531171269323,1531171269316,4573461,0.00010016,112.00000000,1
1531171276208,1531171276204,4573462,0.00010013,109.00000000,1
1531171295267,1531171295263,4573463,0.00010022,142.00000000,1
1531171301232,1531171301229,4573464,0.00010001,16.00000000,1
1531171308226,1531171308222,4573465,0.00010019,121.00000000,1
1531171328048,1531171328046,4573466,0.00010028,214.00000000,0
1531171349047,1531171349042,4573467,0.00010031,184.00000000,0
1531171361182,1531171361176,4573468,0.00010021,250.00000000,1
1531171367246,1531171367241,4573469,0.00010022,185.00000000,1
1531171389162,1531171389158,4573470,0.00010017,119.00000000,0
1531171389176,1531171389171,4573471,0.00010017,119.00000000,0
1531171389291,1531171389287,4573472,0.00010017,3.00000000,0
1531171400025,1531171400023,4573473,0.00010020,119.00000000,0
1531171406217,1531171406213,4573474,0.00010018,238.00000000,1
1531171414083,1531171414078,4573475,0.00010010,221.00000000,0
1531171415164,1531171415159,4573476,0.00010010,65.00000000,1
1531171430177,1531171430173,4573477,0.00010013,162.00000000,1
1531171446290,1531171446287,4573478,0.00010020,13.00000000,0
1531171446495,1531171446493,4573479,0.00010020,10.00000000,0
1531171453771,1531171453767,4573480,0.00010013,200.00000000,1
1531171466359,1531171466354,4573481,0.00010011,119.00000000,0
1531171466416,1531171466410,4573482,0.00010011,80.00000000,0
1531171471308,1531171471303,4573483,0.00010019,119.00000000,0
1531171471389,1531171471387,4573484,0.00010019,77.00000000,0
1531171487318,1531171487313,4573485,0.00010018,201.00000000,1
1531171499233,1531171499228,4573486,0.00010020,15.00000000,0
1531171499284,1531171499280,4573487,0.00010020,12.00000000,0
1531171548551,1531171548546,4573488,0.00010019,203.00000000,1
1531171572408,1531171572404,4573489,0.00010019,91.00000000,1
1531171590439,1531171590434,4573490,0.00010020,125.00000000,0
1531171598519,1531171598514,4573491,0.00010018,132.00000000,0
1531171610531,1531171610527,4573492,0.00010019,102.00000000,0
1531171635527,1531171635524,4573493,0.00010024,158.00000000,1
1531171636891,1531171636886,4573494,0.00010047,23.00000000,0
1531171645408,1531171645403,4573495,0.00010047,274.00000000,0
1531171645408,1531171645403,4573496,0.00010048,79.00000000,0
1531171649537,1531171649533,4573497,0.00010027,194.00000000,0
1531171654369,1531171654365,4573498,0.00010024,177.00000000,0
1531171666454,1531171666450,4573499,0.00010027,550.00000000,0
1531171666454,1531171666450,4573500,0.00010049,79.00000000,0
1531171666454,1531171666450,4573501,0.00010063,312.00000000,0
1531171668217,1531171668212,4573502,0.00010022,67.00000000,1
1531171668349,1531171668343,4573503,0.00010022,131.00000000,0
1531171691684,1531171691680,4573504,0.00010021,194.00000000,0
1531171707621,1531171707617,4573505,0.00010021,208.00000000,1
1531171711528,1531171711523,4573506,0.00010030,158.00000000,0
1531171728653,1531171728648,4573507,0.00010030,167.00000000,0
1531171753580,1531171753575,4573508,0.00010031,162.00000000,1
1531171759420,1531171759416,4573509,0.00010031,179.00000000,1
1531171779688,1531171779684,4573510,0.00010041,146.00000000,1
1531171779926,1531171779921,4573511,0.00010061,132.00000000,0
1531171791427,1531171791423,4573512,0.00010041,150.00000000,1
1531171812300,1531171812295,4573513,0.00010041,159.00000000,1
1531171823331,1531171823328,4573514,0.00010037,150.00000000,0
1531171833247,1531171833244,4573515,0.00010046,149.00000000,1
1531171850280,1531171850276,4573516,0.00010046,174.00000000,0
1531171868315,1531171868310,4573517,0.00010050,153.00000000,0
1531171876544,1531171876539,4573518,0.00010046,70.00000000,1
1531171881136,1531171881132,4573519,0.00010051,141.00000000,0
1531171898265,1531171898261,4573520,0.00010041,145.00000000,0
1531171907263,1531171907258,4573521,0.00010045,135.00000000,0
1531171928156,1531171928151,4573522,0.00010035,191.00000000,1
1531171937063,1531171937062,4573523,0.00010036,206.00000000,1
1531171960188,1531171960182,4573524,0.00010026,225.00000000,1
1531171969277,1531171969274,4573525,0.00010028,243.00000000,1
1531171996297,1531171996293,4573526,0.00010020,13.00000000,1
1531171996330,1531171996326,4573527,0.00010020,17.00000000,1
1531171996654,1531171996649,4573528,0.00010032,133.00000000,1
1531172008189,1531172008185,4573529,0.00010031,113.00000000,1
1531172011201,1531172011196,4573530,0.00010032,101.00000000,1
1531172029156,1531172029152,4573531,0.00010032,115.00000000,1
1531172041978,1531172041972,4573532,0.00010020,57.00000000,1
1531172042480,1531172042476,4573533,0.00010020,13.00000000,1
1531172043781,1531172043778,4573534,0.00010010,35.00000000,1
1531172046709,1531172046707,4573535,0.00010001,44.00000000,1
1531172047048,1531172047043,4573536,0.00010001,43.00000000,1
1531172048311,1531172048307,4573537,0.00010001,43.00000000,1
1531172051907,1531172051903,4573538,0.00010004,8.00000000,0
1531172052010,1531172052007,4573539,0.00010024,43.00000000,1
1531172052035,1531172052031,4573540,0.00010024,60.00000000,1
1531172061064,1531172061061,4573541,0.00010025,111.00000000,0
1531172076082,1531172076079,4573542,0.00010022,106.00000000,1
1531172081148,1531172081142,4573543,0.00010002,62.00000000,1
1531172081148,1531172081142,4573544,0.00010001,419.00000000,1
1531172081148,1531172081142,4573545,0.00010000,583.00000000,1
1531172086114,1531172086110,4573546,0.00010023,123.00000000,1
1531172115027,1531172115023,4573547,0.00010018,161.00000000,0
1531172120968,1531172120965,4573548,0.00010020,143.00000000,1
1531172134132,1531172134127,4573549,0.00010010,134.00000000,0
1531172148091,1531172148085,4573550,0.00010011,166.00000000,1
1531172170405,1531172170400,4573551,0.00010009,182.00000000,1
1531172187318,1531172187314,4573552,0.00010013,199.00000000,0
1531172205353,1531172205348,4573553,0.00010003,225.00000000,1
1531172213401,1531172213397,4573554,0.00010004,14.00000000,0
1531172213419,1531172213415,4573555,0.00010004,178.00000000,0
1531172231662,1531172231658,4573556,0.00010002,239.00000000,0
1531172249523,1531172249519,4573557,0.00010002,263.00000000,0
1531172254761,1531172254757,4573558,0.00010012,223.00000000,1
1531172265694,1531172265689,4573559,0.00010012,270.00000000,1
1531172291641,1531172291636,4573560,0.00010005,184.00000000,1
1531172295255,1531172295250,4573561,0.00010000,11.00000000,1
1531172296961,1531172296958,4573562,0.00010005,164.00000000,0
1531172311827,1531172311824,4573563,0.00010015,149.00000000,0
1531172328640,1531172328636,4573564,0.00010014,177.00000000,1
1531172349513,1531172349509,4573565,0.00010009,140.00000000,0
1531172360744,1531172360740,4573566,0.00010009,139.00000000,0
1531172372671,1531172372668,4573567,0.00010019,161.00000000,1
1531172389611,1531172389607,4573568,0.00010019,173.00000000,1
1531172411677,1531172411672,4573569,0.00010015,166.00000000,0
1531172417725,1531172417722,4573570,0.00010017,148.00000000,0
1531172442682,1531172442679,4573571,0.00010013,148.00000000,0
1531172451765,1531172451761,4573572,0.00010013,119.00000000,1
1531172466292,1531172466289,4573573,0.00010019,100.00000000,0
1531172467564,1531172467559,4573574,0.00010008,243.00000000,1
1531172486723,1531172486720,4573575,0.00010007,241.00000000,1
1531172494616,1531172494613,4573576,0.00010010,220.00000000,1
1531172509487,1531172509484,4573577,0.00010010,229.00000000,1
1531172530645,1531172530642,4573578,0.00010005,197.00000000,0
1531172545606,1531172545601,4573579,0.00010006,154.00000000,1
1531172550446,1531172550441,4573580,0.00010002,203.00000000,0
1531172567565,1531172567560,4573581,0.00010002,163.00000000,0
1531172591764,1531172591761,4573582,0.00010003,125.00000000,1
1531172605620,1531172605617,4573583,0.00010002,114.00000000,1
1531172623654,1531172623650,4573584,0.00010005,98.00000000,0
1531172627784,1531172627780,4573585,0.00010004,98.00000000,1
1531172647897,1531172647893,4573586,0.00010009,178.00000000,1
1531172665641,1531172665638,4573587,0.00010013,154.00000000,0
1531172673637,1531172673633,4573588,0.00010004,160.00000000,0
1531172688738,1531172688735,4573589,0.00010005,169.00000000,0
1531172693464,1531172693462,4573590,0.00010001,250.00000000,1
1531172713568,1531172713564,4573591,0.00010004,98.00000000,0
1531172720525,1531172720521,4573592,0.00010002,118.00000000,1
1531172741488,1531172741485,4573593,0.00010001,114.00000000,1
1531172741493,1531172741488,4573594,0.00010010,118.00000000,0
1531172747543,1531172747540,4573595,0.00010010,119.00000000,1
1531172759164,1531172759160,4573596,0.00010001,12.00000000,1
1531172770325,1531172770320,4573597,0.00010004,176.00000000,0
1531172781355,1531172781351,4573598,0.00010002,166.00000000,1
1531172794399,1531172794396,4573599,0.00010011,207.00000000,0
1531172805046,1531172805042,4573600,0.00010019,37.00000000,0
1531172810520,1531172810516,4573601,0.00010009,184.00000000,1
1531172829250,1531172829247,4573602,0.00010005,159.00000000,1
1531172851345,1531172851341,4573603,0.00010005,216.00000000,0
1531172854333,1531172854331,4573604,0.00010015,211.00000000,0
1531172871277,1531172871273,4573605,0.00010015,168.00000000,0
1531172891418,1531172891415,4573606,0.00010013,161.00000000,0
1531172905390,1531172905386,4573607,0.00010013,134.00000000,0
1531172924498,1531172924493,4573608,0.00010013,133.00000000,0
1531172932386,1531172932382,4573609,0.00010013,136.00000000,0
1531172934410,1531172934407,4573610,0.00010019,9.00000000,0
1531172934410,1531172934407,4573611,0.00010034,324.00000000,0
1531172934411,1531172934409,4573612,0.00010035,2839.00000000,0
1531172934427,1531172934424,4573613,0.00010035,2725.00000000,0
1531172934434,1531172934429,4573614,0.00010035,5.00000000,0
1531172934434,1531172934429,4573615,0.00010037,79.00000000,0
1531172934434,1531172934429,4573616,0.00010055,1200.00000000,0
1531172934434,1531172934429,4573617,0.00010057,135.00000000,0
1531172934434,1531172934429,4573618,0.00010065,341.00000000,0
1531172934434,1531172934429,4573619,0.00010067,120.00000000,0
1531172934434,1531172934429,4573620,0.00010096,959.00000000,0
1531172934497,1531172934493,4573621,0.00010001,506.00000000,1
1531172934502,1531172934498,4573622,0.00010000,231.00000000,1
1531172934507,1531172934505,4573623,0.00010000,231.00000000,1
1531172934517,1531172934514,4573624,0.00010000,231.00000000,1
1531172934751,1531172934748,4573625,0.00010001,27.00000000,0
1531172937274,1531172937272,4573626,0.00010031,14.00000000,1
1531172937549,1531172937543,4573627,0.00010031,66.00000000,1
1531172937549,1531172937543,4573628,0.00010020,391.00000000,1
1531172937549,1531172937543,4573629,0.00010019,771.00000000,1
1531172937549,1531172937543,4573630,0.00010018,14.00000000,1
1531172937549,1531172937543,4573631,0.00010003,32.00000000,1
1531172937549,1531172937543,4573632,0.00010002,969.00000000,1
1531172937549,1531172937543,4573633,0.00010000,482.00000000,1
1531172938765,1531172938760,4573634,0.00010002,2.00000000,1
1531172954362,1531172954359,4573635,0.00010008,140.00000000,1
1531172961589,1531172961586,4573636,0.00010009,162.00000000,0
1531172966229,1531172966226,4573637,0.00010001,65.00000000,1
1531172966229,1531172966226,4573638,0.00010000,47.00000000,1
1531172975390,1531172975386,4573639,0.00010001,133.00000000,0
1531172991491,1531172991487,4573640,0.00010002,133.00000000,0
1531172999773,1531172999769,4573641,0.00010000,128.00000000,1
1531173000763,1531173000760,4573642,0.00010000,137.00000000,1
1531173009411,1531173009407,4573643,0.00010001,144.00000000,1
1531173016357,1531173016354,4573644,0.00010001,119.00000000,0
1531173035354,1531173035350,4573645,0.00010000,515.00000000,1
1531173042165,1531173042162,4573646,0.00010001,150.00000000,0
1531173042189,1531173042183,4573647,0.00010000,112.00000000,1
1531173042407,1531173042404,4573648,0.00010001,112.00000000,0
1531173043552,1531173043549,4573649,0.00010001,22.00000000,0
1531173044031,1531173044028,4573650,0.00010001,107.00000000,0
1531173047225,1531173047223,4573651,0.00010002,109.00000000,0
1531173053316,1531173053312,4573652,0.00010006,104.00000000,0
1531173075415,1531173075412,4573653,0.00010009,184.00000000,1
1531173085213,1531173085209,4573654,0.00010011,196.00000000,0
1531173105478,1531173105475,4573655,0.00010009,158.00000000,1
1531173111307,1531173111305,4573656,0.00010009,233.00000000,0
1531173133392,1531173133389,4573657,0.00010009,200.00000000,1
1531173146362,1531173146360,4573658,0.00010008,169.00000000,1
1531173152304,1531173152301,4573659,0.00010018,150.00000000,1
1531173171353,1531173171349,4573660,0.00010017,154.00000000,0
1531173186123,1531173186119,4573661,0.00010006,10.00000000,1
1531173191465,1531173191462,4573662,0.00010007,199.00000000,1
1531173205453,1531173205451,4573663,0.00010007,217.00000000,1
1531173216269,1531173216266,4573664,0.00010009,188.00000000,0
1531173232369,1531173232365,4573665,0.00010009,202.00000000,1
1531173250693,1531173250689,4573666,0.00010013,181.00000000,0
1531173268530,1531173268528,4573667,0.00010013,177.00000000,0
1531173284420,1531173284418,4573668,0.00010012,185.00000000,0
1531173289571,1531173289568,4573669,0.00010013,247.00000000,0
1531173312542,1531173312540,4573670,0.00010012,123.00000000,1
1531173318386,1531173318383,4573671,0.00010009,133.00000000,0
1531173342500,1531173342497,4573672,0.00010019,119.00000000,0
1531173346328,1531173346324,4573673,0.00010018,130.00000000,0
1531173368318,1531173368315,4573674,0.00010017,192.00000000,0
1531173384155,1531173384151,4573675,0.00010008,482.00000000,1
1531173384155,1531173384151,4573676,0.00010007,419.00000000,1
1531173384165,1531173384163,4573677,0.00010007,901.00000000,1
1531173384200,1531173384196,4573678,0.00010007,289.00000000,1
1531173384213,1531173384210,4573679,0.00010007,13.00000000,1
1531173384213,1531173384210,4573680,0.00010002,146.00000000,1
1531173384213,1531173384210,4573681,0.00010000,261.00000000,1
1531173384319,1531173384317,4573682,0.00010000,300.00000000,1
1531173384326,1531173384322,4573683,0.00010000,1001.00000000,1
1531173388288,1531173388285,4573684,0.00010017,229.00000000,1
1531173404394,1531173404391,4573685,0.00010016,208.00000000,1
1531173408298,1531173408296,4573686,0.00010016,240.00000000,0
1531173432215,1531173432212,4573687,0.00010021,231.00000000,0
1531173449121,1531173449118,4573688,0.00010019,205.00000000,1
1531173463111,1531173463107,4573689,0.00010025,178.00000000,0
1531173472125,1531173472122,4573690,0.00010024,184.00000000,0
1531173489070,1531173489066,4573691,0.00010026,154.00000000,1
1531173508020,1531173508018,4573692,0.00010026,159.00000000,1
1531173518258,1531173518255,4573693,0.00010030,288.00000000,0
1531173523094,1531173523090,4573694,0.00010016,169.00000000,0
1531173526913,1531173526910,4573695,0.00010017,151.00000000,0
1531173552841,1531173552838,4573696,0.00010016,182.00000000,1
1531173557680,1531173557677,4573697,0.00010019,174.00000000,0
1531173558220,1531173558217,4573698,0.00010030,37.00000000,0
1531173558306,1531173558304,4573699,0.00010030,150.00000000,0
1531173558323,1531173558321,4573700,0.00010030,103.00000000,0
1531173558324,1531173558322,4573701,0.00010030,195.00000000,0
1531173581940,1531173581938,4573702,0.00010031,202.00000000,0
1531173585636,1531173585633,4573703,0.00010031,206.00000000,1
1531173614531,1531173614528,4573704,0.00010035,154.00000000,0
1531173625668,1531173625665,4573705,0.00010035,148.00000000,1
1531173637423,1531173637422,4573706,0.00010045,65.00000000,1
1531173637424,1531173637423,4573707,0.00010045,72.00000000,1
1531173637507,1531173637503,4573708,0.00010045,4.00000000,1
1531173648441,1531173648438,4573709,0.00010044,141.00000000,0
1531173667778,1531173667776,4573710,0.00010041,187.00000000,1
1531173675635,1531173675632,4573711,0.00010049,247.00000000,0
1531173676563,1531173676560,4573712,0.00010042,196.00000000,0
1531173698586,1531173698584,4573713,0.00010031,192.00000000,1
1531173708512,1531173708509,4573714,0.00010032,215.00000000,1
1531173727439,1531173727416,4573715,0.00010030,105.00000000,1
1531173727634,1531173727631,4573716,0.00010030,61.00000000,0
1531173727634,1531173727631,4573717,0.00010031,105.00000000,0
1531173742505,1531173742503,4573718,0.00010030,162.00000000,1
1531173757405,1531173757403,4573719,0.00010030,176.00000000,1
1531173770460,1531173770461,4573720,0.00010030,143.00000000,0
1531173789233,1531173789231,4573721,0.00010031,119.00000000,0
1531173790193,1531173790190,4573722,0.00010020,64.00000000,0
1531173790275,1531173790273,4573723,0.00010020,73.00000000,0
1531173806309,1531173806307,4573724,0.00010021,177.00000000,1
1531173822351,1531173822348,4573725,0.00010017,171.00000000,1
1531173828300,1531173828298,4573726,0.00010018,119.00000000,0
1531173828414,1531173828411,4573727,0.00010018,31.00000000,0
1531173847590,1531173847586,4573728,0.00010024,163.00000000,0
1531173918146,1531173918144,4573729,0.00010030,115.00000000,1
1531173942089,1531173942085,4573730,0.00010020,134.00000000,1
1531173946101,1531173946098,4573731,0.00010022,145.00000000,0
1531173946136,1531173946133,4573732,0.00010031,100.00000000,0
1531173946147,1531173946144,4573733,0.00010031,24.00000000,0
1531173958901,1531173958898,4573734,0.00010031,94.00000000,1
1531173958945,1531173958942,4573735,0.00010031,119.00000000,0
1531173972086,1531173972083,4573736,0.00010030,139.00000000,1
1531173984145,1531173984143,4573737,0.00010030,176.00000000,1
1531173994066,1531173994064,4573738,0.00010031,91.00000000,0
1531173994066,1531173994064,4573739,0.00010032,15.00000000,0
1531174001256,1531174001253,4573740,0.00010031,133.00000000,1
1531174006542,1531174006539,4573741,0.00010031,119.00000000,0
1531174008435,1531174008432,4573742,0.00010030,166.00000000,1
1531174031440,1531174031438,4573743,0.00010026,125.00000000,0
1531174043893,1531174043875,4573744,0.00010011,670.00000000,1
1531174043893,1531174043875,4573745,0.00010009,1270.00000000,1
1531174043893,1531174043875,4573746,0.00010008,1016.00000000,1
1531174043893,1531174043875,4573747,0.00010001,84.00000000,1
1531174048342,1531174048340,4573748,0.00010029,125.00000000,1
1531174064460,1531174064458,4573749,0.00010019,133.00000000,0
1531174073352,1531174073349,4573750,0.00010019,102.00000000,1
1531174089276,1531174089273,4573751,0.00010023,212.00000000,1
1531174108318,1531174108316,4573752,0.00010025,178.00000000,1
1531174125255,1531174125253,4573753,0.00010024,213.00000000,1
1531174132317,1531174132314,4573754,0.00010024,180.00000000,0
1531174141129,1531174141127,4573755,0.00010031,24.00000000,0
1531174153584,1531174153581,4573756,0.00010031,109.00000000,0
1531174154280,1531174154278,4573757,0.00010031,113.00000000,1
1531174154401,1531174154398,4573758,0.00010032,44.00000000,0
1531174165539,1531174165537,4573759,0.00010032,102.00000000,0
1531174177392,1531174177388,4573760,0.00010032,116.00000000,1
1531174192390,1531174192387,4573761,0.00010028,98.00000000,1
1531174210502,1531174210499,4573762,0.00010039,232.00000000,0
1531174222223,1531174222221,4573763,0.00010039,195.00000000,1
1531174235349,1531174235346,4573764,0.00010047,247.00000000,1
1531174243331,1531174243327,4573765,0.00010049,285.00000000,0
1531174243331,1531174243327,4573766,0.00010050,333.00000000,0
1531174243331,1531174243327,4573767,0.00010056,232.00000000,0
1531174250733,1531174250731,4573768,0.00010055,34.00000000,0
1531174253344,1531174253343,4573769,0.00010050,273.00000000,1
1531174268079,1531174268077,4573770,0.00010055,176.00000000,0
1531174274093,1531174274091,4573771,0.00010050,206.00000000,1
1531174282172,1531174282170,4573772,0.00010049,210.00000000,1
1531174284747,1531174284743,4573773,0.00010016,63.00000000,1
1531174284747,1531174284743,4573774,0.00010015,80.00000000,1
1531174291155,1531174291152,4573775,0.00010051,63.00000000,0
1531174291155,1531174291152,4573776,0.00010052,988.00000000,0
1531174295307,1531174295305,4573777,0.00010055,99.00000000,0
1531174297079,1531174297075,4573778,0.00010055,215.00000000,0
1531174297079,1531174297075,4573779,0.00010056,136.00000000,0
1531174301224,1531174301222,4573780,0.00010054,213.00000000,0
1531174301227,1531174301224,4573781,0.00010056,711.00000000,0
1531174301227,1531174301224,4573782,0.00010060,79.00000000,0
1531174307114,1531174307111,4573783,0.00010070,252.00000000,0
1531174307114,1531174307111,4573784,0.00010071,146.00000000,0
1531174307114,1531174307111,4573785,0.00010073,84.00000000,0
1531174307114,1531174307111,4573786,0.00010094,565.00000000,0
1531174307889,1531174307887,4573787,0.00010070,99.00000000,1
1531174313253,1531174313251,4573788,0.00010054,206.00000000,1
1531174321387,1531174321385,4573789,0.00010084,117.00000000,0
1531174324196,1531174324194,4573790,0.00010084,99.00000000,0
1531174324211,1531174324209,4573791,0.00010084,87.00000000,0
1531174324211,1531174324209,4573792,0.00010085,30.00000000,0
1531174331584,1531174331582,4573793,0.00010084,99.00000000,0
1531174332016,1531174332014,4573794,0.00010056,172.00000000,1
1531174332075,1531174332073,4573795,0.00010084,99.00000000,0
1531174344150,1531174344146,4573796,0.00010084,99.00000000,0
1531174344159,1531174344156,4573797,0.00010084,350.00000000,0
1531174347088,1531174347086,4573798,0.00010082,1051.00000000,0
1531174347204,1531174347202,4573799,0.00010056,187.00000000,1
1531174348088,1531174348086,4573800,0.00010081,99.00000000,0
1531174350172,1531174350168,4573801,0.00010081,1051.00000000,0
1531174352219,1531174352190,4573802,0.00010081,893.00000000,0
1531174353080,1531174353078,4573803,0.00010081,350.00000000,0
1531174356080,1531174356078,4573804,0.00010080,45.00000000,0
1531174356080,1531174356078,4573805,0.00010084,305.00000000,0
1531174359082,1531174359080,4573806,0.00010083,117.00000000,0
1531174362078,1531174362075,4573807,0.00010083,115.00000000,0
1531174362078,1531174362075,4573808,0.00010084,2.00000000,0
1531174362315,1531174362313,4573809,0.00010064,133.00000000,1
1531174363689,1531174363686,4573810,0.00010055,149.00000000,0
1531174364999,1531174364997,4573811,0.00010055,1.00000000,0
1531174366056,1531174366053,4573812,0.00010070,79.00000000,0
1531174366056,1531174366053,4573813,0.00010084,37.00000000,0
1531174366069,1531174366067,4573814,0.00010084,99.00000000,0
1531174369073,1531174369070,4573815,0.00010062,99.00000000,0
