event_time,trade_time,trade_id,price,quantity,maker
1531160356547,1531160356544,2372293,0.00004165,2410.00000000,0
1531160377681,1531160377677,2372294,0.00004162,1369.00000000,1
1531160379540,1531160379537,2372295,0.00004162,153.00000000,1
1531160410460,1531160410457,2372296,0.00004162,658.00000000,1
1531160565805,1531160565803,2372297,0.00004165,1790.00000000,0
1531160569482,1531160569478,2372298,0.00004165,60.00000000,0
1531160571502,1531160571501,2372299,0.00004165,184.00000000,0
1531160571502,1531160571501,2372300,0.00004172,199.00000000,0
1531160571502,1531160571501,2372301,0.00004177,1407.00000000,0
1531160571765,1531160571763,2372302,0.00004177,146.00000000,0
1531160645302,1531160645298,2372303,0.00004163,72.00000000,1
1531160645302,1531160645298,2372304,0.00004162,1633.00000000,1
1531160710539,1531160710535,2372305,0.00004168,30.00000000,0
1531160763948,1531160763944,2372306,0.00004162,50.00000000,1
1531160809532,1531160809528,2372307,0.00004163,160.00000000,1
1531160813696,1531160813692,2372308,0.00004163,940.00000000,0
1531160964392,1531160964385,2372309,0.00004163,136.00000000,0
1531160964531,1531160964528,2372310,0.00004163,531.00000000,0
1531160964597,1531160964597,2372311,0.00004163,64.00000000,0
1531160971354,1531160971350,2372312,0.00004163,182.00000000,0
1531161036625,1531161036621,2372313,0.00004170,159.00000000,0
1531161036657,1531161036652,2372314,0.00004170,1.00000000,0
1531161036657,1531161036652,2372315,0.00004171,95.00000000,0
1531161052923,1531161052919,2372316,0.00004171,96.00000000,1
1531161052923,1531161052919,2372317,0.00004162,1689.00000000,1
1531161152819,1531161152817,2372318,0.00004163,160.00000000,1
1531161152819,1531161152817,2372319,0.00004162,4340.00000000,1
1531161169357,1531161169354,2372320,0.00004162,90.00000000,1
1531161181493,1531161181489,2372321,0.00004172,10.00000000,0
1531161187811,1531161187808,2372322,0.00004161,125.00000000,1
1531161197110,1531161197107,2372323,0.00004161,306.00000000,1
1531161226851,1531161226847,2372324,0.00004162,33.00000000,1
1531161256341,1531161256338,2372325,0.00004167,60.00000000,0
1531161276635,1531161276631,2372326,0.00004167,162.00000000,0
1531161276635,1531161276631,2372327,0.00004169,250.00000000,0
1531161284995,1531161284990,2372328,0.00004177,5777.00000000,0
1531161284995,1531161284990,2372329,0.00004178,199.00000000,0
1531161284995,1531161284990,2372330,0.00004179,13315.00000000,0
1531161291450,1531161291446,2372331,0.00004179,9124.00000000,0
1531161291462,1531161291459,2372332,0.00004179,521.00000000,1
1531161291746,1531161291741,2372333,0.00004179,521.00000000,1
1531161300416,1531161300412,2372334,0.00004179,66.00000000,1
1531161301031,1531161301028,2372335,0.00004179,66.00000000,1
1531161302193,1531161302188,2372336,0.00004179,291.00000000,1
1531161325496,1531161325494,2372337,0.00004186,25.00000000,0
1531161329101,1531161329097,2372338,0.00004182,48.00000000,1
1531161329101,1531161329097,2372339,0.00004179,92.00000000,1
1531161358918,1531161358914,2372340,0.00004179,25.00000000,1
1531161442058,1531161442053,2372341,0.00004179,35.00000000,1
1531161506073,1531161506067,2372342,0.00004179,139.00000000,1
1531161516556,1531161516550,2372343,0.00004186,436.00000000,0
1531161516556,1531161516550,2372344,0.00004188,50.00000000,0
1531161516556,1531161516550,2372345,0.00004191,199.00000000,0
1531161516556,1531161516550,2372346,0.00004192,6194.00000000,0
1531161516571,1531161516569,2372347,0.00004192,886.00000000,1
1531161516591,1531161516588,2372348,0.00004192,45.00000000,1
1531161516597,1531161516594,2372349,0.00004192,30.00000000,1
1531161516780,1531161516776,2372350,0.00004192,26.00000000,1
1531161517160,1531161517154,2372351,0.00004192,677.00000000,1
1531161532141,1531161532136,2372352,0.00004192,92.00000000,1
1531161540806,1531161540801,2372353,0.00004193,25.00000000,0
1531161540850,1531161540846,2372354,0.00004194,25.00000000,0
1531161541318,1531161541313,2372355,0.00004194,25.00000000,0
1531161588113,1531161588109,2372356,0.00004194,1100.00000000,0
1531161599177,1531161599172,2372357,0.00004194,904.00000000,0
1531161616202,1531161616198,2372358,0.00004194,36.00000000,1
1531161621867,1531161621864,2372359,0.00004198,25.00000000,0
1531161647429,1531161647425,2372360,0.00004198,1000.00000000,0
1531161658273,1531161658269,2372361,0.00004198,1.00000000,0
1531161682548,1531161682547,2372362,0.00004199,25.00000000,0
1531161682779,1531161682774,2372363,0.00004194,24.00000000,1
1531161686320,1531161686316,2372364,0.00004194,250.00000000,1
1531161688588,1531161688583,2372365,0.00004199,466.00000000,0
1531161699891,1531161699887,2372366,0.00004199,500.00000000,0
1531161723638,1531161723633,2372367,0.00004199,25.00000000,0
1531161725075,1531161725069,2372368,0.00004199,356.00000000,0
1531161725910,1531161725906,2372369,0.00004199,125.00000000,0
1531161725910,1531161725906,2372370,0.00004200,231.00000000,0
1531161736318,1531161736315,2372371,0.00004200,1206.00000000,0
1531161742865,1531161742859,2372372,0.00004200,121.00000000,0
1531161761752,1531161761747,2372373,0.00004200,225.00000000,0
1531161763045,1531161763041,2372374,0.00004200,25.00000000,0
1531161764809,1531161764805,2372375,0.00004200,962.00000000,0
1531161783991,1531161783986,2372376,0.00004199,481.00000000,0
1531161803595,1531161803591,2372377,0.00004199,25.00000000,0
1531161812249,1531161812244,2372378,0.00004199,119.00000000,0
1531161812286,1531161812282,2372379,0.00004199,235.00000000,1
1531161812310,1531161812304,2372380,0.00004199,9272.00000000,1
1531161812310,1531161812304,2372381,0.00004196,3214.00000000,1
1531161812310,1531161812304,2372382,0.00004191,2053.00000000,1
1531161812310,1531161812304,2372383,0.00004190,319.00000000,1
1531161812343,1531161812337,2372384,0.00004190,119.00000000,0
1531161812344,1531161812342,2372385,0.00004190,38.00000000,0
1531161911125,1531161911120,2372386,0.00004188,51.00000000,1
1531161925999,1531161925995,2372387,0.00004190,25.00000000,0
1531161928708,1531161928703,2372388,0.00004188,247.00000000,1
1531161969619,1531161969614,2372389,0.00004187,80.00000000,1
1531161976973,1531161976966,2372390,0.00004187,111.00000000,1
1531161976973,1531161976966,2372391,0.00004186,192.00000000,1
1531161976973,1531161976966,2372392,0.00004182,146.00000000,1
1531161976973,1531161976966,2372393,0.00004180,199.00000000,1
1531161976973,1531161976966,2372394,0.00004178,120.00000000,1
1531161976973,1531161976966,2372395,0.00004177,1728.00000000,1
1531161976973,1531161976966,2372396,0.00004175,24.00000000,1
1531161976973,1531161976966,2372397,0.00004173,195.00000000,1
1531161976973,1531161976966,2372398,0.00004172,180.00000000,1
1531161976973,1531161976966,2372399,0.00004169,120.00000000,1
1531161976973,1531161976966,2372400,0.00004168,242.00000000,1
1531161976973,1531161976966,2372401,0.00004167,24.00000000,1
1531161976973,1531161976966,2372402,0.00004164,199.00000000,1
1531161976973,1531161976966,2372403,0.00004163,87.00000000,1
1531161999531,1531161999526,2372404,0.00004168,200.00000000,1
1531161999531,1531161999526,2372405,0.00004163,462.00000000,1
1531162021434,1531162021429,2372406,0.00004179,71.00000000,0
1531162021434,1531162021429,2372407,0.00004180,128.00000000,0
1531162021434,1531162021429,2372408,0.00004182,87.00000000,0
1531162021626,1531162021622,2372409,0.00004182,73.00000000,1
1531162022287,1531162022284,2372410,0.00004182,43.00000000,1
1531162048792,1531162048788,2372411,0.00004184,239.00000000,0
1531162082995,1531162082991,2372412,0.00004180,90.00000000,1
1531162086124,1531162086119,2372413,0.00004180,52.00000000,1
1531162312273,1531162312271,2372414,0.00004180,24.00000000,1
1531162326245,1531162326238,2372415,0.00004180,1369.00000000,1
1531162326245,1531162326238,2372416,0.00004175,199.00000000,1
1531162326245,1531162326238,2372417,0.00004173,71.00000000,1
1531162326245,1531162326238,2372418,0.00004164,1488.00000000,1
1531162331684,1531162331679,2372419,0.00004182,199.00000000,0
1531162331765,1531162331760,2372420,0.00004182,545.00000000,1
1531162343293,1531162343288,2372421,0.00004184,223.00000000,0
1531162343293,1531162343288,2372422,0.00004188,506.00000000,0
1531162343293,1531162343288,2372423,0.00004189,385.00000000,0
1531162343293,1531162343288,2372424,0.00004190,844.00000000,0
1531162343293,1531162343288,2372425,0.00004191,199.00000000,0
1531162343293,1531162343288,2372426,0.00004198,49.00000000,0
1531162343293,1531162343288,2372427,0.00004200,436.00000000,0
1531162344907,1531162344903,2372428,0.00004199,653.00000000,0
1531162346502,1531162346497,2372429,0.00004199,198.00000000,0
1531162346502,1531162346497,2372430,0.00004200,21.00000000,0
1531162347536,1531162347534,2372431,0.00004199,1393.00000000,1
1531162347619,1531162347616,2372432,0.00004199,1757.00000000,1
1531162347690,1531162347686,2372433,0.00004199,186.00000000,1
1531162347864,1531162347860,2372434,0.00004199,957.00000000,1
1531162355209,1531162355203,2372435,0.00004199,200.00000000,1
1531162369725,1531162369722,2372436,0.00004200,25.00000000,0
1531162370558,1531162370553,2372437,0.00004200,25.00000000,0
1531162371304,1531162371300,2372438,0.00004199,688.00000000,1
1531162413464,1531162413459,2372439,0.00004199,611.00000000,1
1531162563071,1531162563066,2372440,0.00004199,25.00000000,1
1531162581054,1531162581049,2372441,0.00004200,370.00000000,0
1531162588979,1531162588976,2372442,0.00004200,797.00000000,0
1531162593086,1531162593081,2372443,0.00004200,25.00000000,0
1531162624474,1531162624470,2372444,0.00004192,120.00000000,1
1531162624685,1531162624680,2372445,0.00004191,199.00000000,1
1531162649292,1531162649287,2372446,0.00004184,71.00000000,1
1531162649560,1531162649555,2372447,0.00004184,560.00000000,0
1531162652452,1531162652447,2372448,0.00004184,535.00000000,0
1531162652848,1531162652845,2372449,0.00004184,49.00000000,0
1531162653262,1531162653257,2372450,0.00004184,49.00000000,0
1531162653302,1531162653296,2372451,0.00004184,29.00000000,0
1531162727653,1531162727648,2372452,0.00004183,120.00000000,1
1531162727653,1531162727648,2372453,0.00004182,24.00000000,1
1531162727653,1531162727648,2372454,0.00004175,199.00000000,1
1531162727653,1531162727648,2372455,0.00004174,120.00000000,1
1531162727654,1531162727648,2372456,0.00004169,24.00000000,1
1531162727654,1531162727648,2372457,0.00004166,134.00000000,1
1531162727779,1531162727775,2372458,0.00004166,1990.00000000,1
1531162727927,1531162727921,2372459,0.00004166,7.00000000,1
1531162806198,1531162806193,2372460,0.00004183,270.00000000,0
1531162806215,1531162806209,2372461,0.00004183,389.00000000,1
1531162806232,1531162806228,2372462,0.00004183,187.00000000,1
1531162814111,1531162814106,2372463,0.00004183,24.00000000,1
1531162815863,1531162815861,2372464,0.00004184,25.00000000,0
1531162819164,1531162819159,2372465,0.00004183,896.00000000,1
1531162832047,1531162832042,2372466,0.00004183,2.00000000,1
1531162834579,1531162834574,2372467,0.00004184,15.00000000,0
1531162841516,1531162841510,2372468,0.00004185,10.00000000,1
1531162841516,1531162841510,2372469,0.00004183,1503.00000000,1
1531162841516,1531162841510,2372470,0.00004181,71.00000000,1
1531162841516,1531162841510,2372471,0.00004175,199.00000000,1
1531162841516,1531162841510,2372472,0.00004166,617.00000000,1
1531162979800,1531162979794,2372473,0.00004177,163.00000000,1
1531162979800,1531162979794,2372474,0.00004176,120.00000000,1
1531162979800,1531162979794,2372475,0.00004167,120.00000000,1
1531162979800,1531162979794,2372476,0.00004166,154.00000000,1
1531163198499,1531163198477,2372477,0.00004179,71.00000000,0
1531163198499,1531163198477,2372478,0.00004180,163.00000000,0
1531163198499,1531163198477,2372479,0.00004186,199.00000000,0
1531163198499,1531163198477,2372480,0.00004187,262.00000000,0
1531163278834,1531163278830,2372481,0.00004176,71.00000000,1
1531163278834,1531163278830,2372482,0.00004175,231.00000000,1
1531163278834,1531163278830,2372483,0.00004169,26.00000000,1
1531163403895,1531163403888,2372484,0.00004170,163.00000000,1
1531163403895,1531163403888,2372485,0.00004169,174.00000000,1
1531163403895,1531163403888,2372486,0.00004166,1423.00000000,1
1531163403895,1531163403888,2372487,0.00004165,8114.00000000,1
1531163403895,1531163403888,2372488,0.00004163,79.00000000,1
1531163403895,1531163403888,2372489,0.00004162,10047.00000000,1
1531163409798,1531163409795,2372490,0.00004162,240.00000000,1
1531163409798,1531163409795,2372491,0.00004161,256.00000000,1
1531163472165,1531163472161,2372492,0.00004166,43.00000000,0
1531163596149,1531163596144,2372493,0.00004165,49.00000000,1
1531163652935,1531163652929,2372494,0.00004166,120.00000000,0
1531163652935,1531163652929,2372495,0.00004171,76.00000000,0
1531163653626,1531163653621,2372496,0.00004169,266.00000000,0
1531163675464,1531163675458,2372497,0.00004165,617.00000000,1
1531163675464,1531163675458,2372498,0.00004164,878.00000000,1
1531163695285,1531163695278,2372499,0.00004163,50.00000000,1
1531163695285,1531163695278,2372500,0.00004161,161.00000000,1
1531163695285,1531163695278,2372501,0.00004160,2162.00000000,1
1531163695310,1531163695304,2372502,0.00004160,410.00000000,0
1531163695689,1531163695683,2372503,0.00004160,411.00000000,0
1531163696493,1531163696475,2372504,0.00004160,354.00000000,0
1531163709012,1531163709005,2372505,0.00004160,298.00000000,0
1531163731472,1531163731467,2372506,0.00004166,240.00000000,0
1531163803610,1531163803601,2372507,0.00004159,1305.00000000,1
1531163803610,1531163803601,2372508,0.00004156,121.00000000,1
1531163803610,1531163803601,2372509,0.00004155,306.00000000,1
1531163803610,1531163803601,2372510,0.00004152,325.00000000,1
1531163803610,1531163803601,2372511,0.00004150,328.00000000,1
1531163803610,1531163803601,2372512,0.00004148,242.00000000,1
1531163803610,1531163803601,2372513,0.00004147,1412.00000000,1
1531163803621,1531163803610,2372514,0.00004147,518.00000000,1
1531163803621,1531163803610,2372515,0.00004144,97.00000000,1
1531163803621,1531163803610,2372516,0.00004143,234.00000000,1
1531163803621,1531163803610,2372517,0.00004142,342.00000000,1
1531163803621,1531163803610,2372518,0.00004141,1341.00000000,1
1531163803621,1531163803610,2372519,0.00004139,121.00000000,1
1531163803621,1531163803610,2372520,0.00004138,84.00000000,1
1531163803621,1531163803610,2372521,0.00004137,143.00000000,1
1531163803621,1531163803610,2372522,0.00004136,149.00000000,1
1531163803621,1531163803610,2372523,0.00004135,80.00000000,1
1531163803621,1531163803610,2372524,0.00004134,121.00000000,1
1531163803621,1531163803610,2372525,0.00004133,25.00000000,1
1531163803621,1531163803610,2372526,0.00004132,411.00000000,1
1531163803621,1531163803610,2372527,0.00004131,1257.00000000,1
1531163803621,1531163803610,2372528,0.00004130,17449.00000000,1
1531163803621,1531163803610,2372529,0.00004130,125.00000000,1
1531163803621,1531163803610,2372530,0.00004130,86.00000000,1
1531163803622,1531163803610,2372531,0.00004130,1087.00000000,1
1531163803635,1531163803631,2372532,0.00004133,32.00000000,0
1531163803637,1531163803632,2372533,0.00004133,297.00000000,0
1531163803638,1531163803632,2372534,0.00004133,35.00000000,0
1531163803644,1531163803638,2372535,0.00004133,297.00000000,0
1531163803646,1531163803641,2372536,0.00004133,297.00000000,0
1531163803659,1531163803656,2372537,0.00004130,594.00000000,1
1531163803661,1531163803656,2372538,0.00004133,241.00000000,0
1531163803666,1531163803661,2372539,0.00004133,35.00000000,0
1531163803683,1531163803681,2372540,0.00004133,711.00000000,0
1531163803690,1531163803684,2372541,0.00004133,37.00000000,0
1531163803698,1531163803694,2372542,0.00004133,35.00000000,0
1531163803701,1531163803697,2372543,0.00004133,565.00000000,0
1531163803702,1531163803697,2372544,0.00004133,946.00000000,0
1531163803734,1531163803728,2372545,0.00004133,934.00000000,0
1531163803810,1531163803806,2372546,0.00004133,95.00000000,0
1531163803810,1531163803806,2372547,0.00004139,2348.00000000,0
1531163803819,1531163803813,2372548,0.00004139,28.00000000,0
1531163803847,1531163803839,2372549,0.00004139,755.00000000,0
1531163803850,1531163803845,2372550,0.00004139,136.00000000,0
1531163803850,1531163803845,2372551,0.00004141,297.00000000,0
1531163803850,1531163803845,2372552,0.00004150,322.00000000,0
1531163804328,1531163804324,2372553,0.00004147,241.00000000,0
1531163804328,1531163804324,2372554,0.00004150,583.00000000,0
1531163804464,1531163804461,2372555,0.00004150,307.00000000,0
1531163806599,1531163806594,2372556,0.00004150,758.00000000,1
1531163807856,1531163807848,2372557,0.00004146,201.00000000,1
1531163807939,1531163807935,2372558,0.00004146,687.00000000,0
1531163809842,1531163809837,2372559,0.00004133,824.00000000,1
1531163809868,1531163809864,2372560,0.00004133,775.00000000,0
1531163810531,1531163810526,2372561,0.00004134,201.00000000,1
1531163810543,1531163810534,2372562,0.00004134,886.00000000,1
1531163810543,1531163810534,2372563,0.00004130,1882.00000000,1
1531163810543,1531163810534,2372564,0.00004129,353.00000000,1
1531163810543,1531163810534,2372565,0.00004128,896.00000000,1
1531163810543,1531163810534,2372566,0.00004126,231.00000000,1
1531163810543,1531163810534,2372567,0.00004125,159.00000000,1
1531163810543,1531163810534,2372568,0.00004124,105.00000000,1
1531163810543,1531163810534,2372569,0.00004123,473.00000000,1
1531163811108,1531163811102,2372570,0.00004124,186.00000000,1
1531163811125,1531163811123,2372571,0.00004124,119.00000000,1
1531163811378,1531163811373,2372572,0.00004124,107.00000000,1
1531163811588,1531163811581,2372573,0.00004122,5.00000000,1
1531163812233,1531163812228,2372574,0.00004133,315.00000000,0
1531163812233,1531163812228,2372575,0.00004141,71.00000000,0
1531163812233,1531163812228,2372576,0.00004142,58.00000000,0
1531163815386,1531163815380,2372577,0.00004133,401.00000000,1
1531163824054,1531163824047,2372578,0.00004133,298.00000000,1
1531163853570,1531163853565,2372579,0.00004135,1603.00000000,0
1531163854002,1531163853995,2372580,0.00004133,25.00000000,1
1531163867476,1531163867469,2372581,0.00004134,973.00000000,1
1531163867476,1531163867469,2372582,0.00004133,630.00000000,1
1531163867476,1531163867469,2372583,0.00004131,572.00000000,1
1531163873971,1531163873966,2372584,0.00004135,259.00000000,0
1531163877420,1531163877414,2372585,0.00004133,92.00000000,0
1531163890993,1531163890987,2372586,0.00004133,366.00000000,0
1531163906015,1531163906010,2372587,0.00004133,413.00000000,1
1531163922284,1531163922278,2372588,0.00004133,646.00000000,1
1531163922284,1531163922278,2372589,0.00004125,100.00000000,1
1531163922284,1531163922278,2372590,0.00004121,2914.00000000,1
1531163922310,1531163922304,2372591,0.00004121,640.00000000,0
1531163922395,1531163922389,2372592,0.00004120,271.00000000,1
1531163922395,1531163922389,2372593,0.00004119,369.00000000,1
1531163922397,1531163922389,2372594,0.00004119,461.00000000,1
1531163922397,1531163922389,2372595,0.00004117,81.00000000,1
1531163922397,1531163922389,2372596,0.00004116,347.00000000,1
1531163922397,1531163922389,2372597,0.00004115,223.00000000,1
1531163922501,1531163922497,2372598,0.00004121,290.00000000,0
1531163923000,1531163922994,2372599,0.00004121,89.00000000,0
1531163923745,1531163923743,2372600,0.00004121,58.00000000,0
1531163925681,1531163925676,2372601,0.00004121,209.00000000,0
1531163926234,1531163926228,2372602,0.00004121,551.00000000,0
1531163928162,1531163928158,2372603,0.00004115,20.00000000,1
1531163931200,1531163931195,2372604,0.00004114,129.00000000,1
1531163956231,1531163956225,2372605,0.00004118,50.00000000,0
1531163958098,1531163958095,2372606,0.00004118,176.00000000,0
1531163958098,1531163958095,2372607,0.00004120,118.00000000,0
1531163961601,1531163961596,2372608,0.00004120,294.00000000,0
1531163964180,1531163964175,2372609,0.00004120,294.00000000,0
1531163966990,1531163966985,2372610,0.00004118,208.00000000,0
1531163967300,1531163967296,2372611,0.00004118,517.00000000,0
1531163969569,1531163969565,2372612,0.00004118,7.00000000,0
1531163969569,1531163969565,2372613,0.00004120,201.00000000,0
1531163972332,1531163972329,2372614,0.00004118,366.00000000,0
1531163973161,1531163973157,2372615,0.00004120,25.00000000,0
1531163989659,1531163989653,2372616,0.00004120,24.00000000,0
1531163996433,1531163996427,2372617,0.00004118,25.00000000,1
1531164011359,1531164011354,2372618,0.00004120,49.00000000,0
1531164040204,1531164040199,2372619,0.00004120,402.00000000,0
1531164043081,1531164043076,2372620,0.00004120,43.00000000,0
1531164045663,1531164045661,2372621,0.00004119,164.00000000,1
1531164061031,1531164061026,2372622,0.00004120,119.00000000,0
1531164073753,1531164073747,2372623,0.00004120,892.00000000,0
1531164079173,1531164079170,2372624,0.00004120,7539.00000000,0
1531164081681,1531164081676,2372625,0.00004121,18.00000000,0
1531164089677,1531164089670,2372626,0.00004139,39.00000000,0
1531164101768,1531164101764,2372627,0.00004139,33.00000000,0
1531164104806,1531164104802,2372628,0.00004140,153.00000000,0
1531164112647,1531164112642,2372629,0.00004140,80.00000000,0
1531164112696,1531164112689,2372630,0.00004140,17.00000000,1
1531164115890,1531164115884,2372631,0.00004141,27.00000000,0
1531164116075,1531164116073,2372632,0.00004141,36.00000000,0
1531164137361,1531164137356,2372633,0.00004141,207.00000000,0
1531164242189,1531164242183,2372634,0.00004139,688.00000000,0
1531164242219,1531164242213,2372635,0.00004139,524.00000000,1
1531164242758,1531164242754,2372636,0.00004139,208.00000000,1
1531164243201,1531164243197,2372637,0.00004139,3271.00000000,1
1531164254269,1531164254240,2372638,0.00004137,26.00000000,1
1531164402075,1531164402071,2372639,0.00004137,250.00000000,1
1531164402076,1531164402071,2372640,0.00004137,706.00000000,1
1531164535251,1531164535249,2372641,0.00004137,1439.00000000,1
1531164555065,1531164555062,2372642,0.00004139,241.00000000,0
1531164688123,1531164688120,2372643,0.00004126,149.00000000,1
1531164780439,1531164780434,2372644,0.00004136,55.00000000,0
1531164847743,1531164847738,2372645,0.00004136,27.00000000,0
1531164904868,1531164904863,2372646,0.00004122,72.00000000,1
1531164904868,1531164904863,2372647,0.00004121,145.00000000,1
1531164904868,1531164904863,2372648,0.00004120,75.00000000,1
1531164904868,1531164904863,2372649,0.00004119,581.00000000,1
1531164915934,1531164915929,2372650,0.00004120,144.00000000,1
1531164915934,1531164915929,2372651,0.00004119,1.00000000,1
1531164921002,1531164920997,2372652,0.00004120,92.00000000,1
1531164921002,1531164920997,2372653,0.00004119,1120.00000000,1
1531164968618,1531164968611,2372654,0.00004128,121.00000000,1
1531164968618,1531164968611,2372655,0.00004120,757.00000000,1
1531164968618,1531164968611,2372656,0.00004119,7047.00000000,1
1531165033336,1531165033330,2372657,0.00004120,248.00000000,1
1531165033336,1531165033330,2372658,0.00004119,54.00000000,1
1531165078063,1531165078060,2372659,0.00004120,306.00000000,1
1531165078063,1531165078060,2372660,0.00004119,1552.00000000,1
1531165079671,1531165079664,2372661,0.00004130,67.00000000,0
1531165079671,1531165079664,2372662,0.00004131,1060.00000000,0
1531165106207,1531165106201,2372663,0.00004131,5222.00000000,1
1531165106207,1531165106201,2372664,0.00004119,333.00000000,1
1531165108247,1531165108241,2372665,0.00004132,33.00000000,0
1531165110904,1531165110898,2372666,0.00004132,39.00000000,0
1531165113913,1531165113908,2372667,0.00004133,126.00000000,0
1531165145854,1531165145850,2372668,0.00004133,18.00000000,0
1531165146461,1531165146455,2372669,0.00004133,54.00000000,1
1531165569420,1531165569413,2372670,0.00004124,251.00000000,1
1531165599319,1531165599313,2372671,0.00004123,152.00000000,1
1531165629811,1531165629805,2372672,0.00004123,88.00000000,1
1531165666700,1531165666694,2372673,0.00004123,150.00000000,1
1531165690483,1531165690473,2372674,0.00004123,15015.00000000,1
1531165690483,1531165690473,2372675,0.00004121,72.00000000,1
1531165690483,1531165690473,2372676,0.00004120,102.00000000,1
1531165690483,1531165690473,2372677,0.00004119,1080.00000000,1
1531165690483,1531165690473,2372678,0.00004113,728.00000000,1
1531165690483,1531165690473,2372679,0.00004112,122.00000000,1
1531165690483,1531165690473,2372680,0.00004111,117.00000000,1
1531165690483,1531165690473,2372681,0.00004110,622.00000000,1
1531165691229,1531165691223,2372682,0.00004110,222.00000000,0
1531165691359,1531165691354,2372683,0.00004109,194.00000000,1
1531165692367,1531165692363,2372684,0.00004107,609.00000000,1
1531165694356,1531165694353,2372685,0.00004106,147.00000000,1
1531165695471,1531165695466,2372686,0.00004105,287.00000000,1
1531165695472,1531165695466,2372687,0.00004104,25.00000000,1
1531165695472,1531165695466,2372688,0.00004103,216.00000000,1
1531165697157,1531165697152,2372689,0.00004108,555.00000000,0
1531165701370,1531165701365,2372690,0.00004108,137.00000000,0
1531165706538,1531165706532,2372691,0.00004105,168.00000000,1
1531165715778,1531165715770,2372692,0.00004106,563.00000000,1
1531165715778,1531165715770,2372693,0.00004105,1275.00000000,1
1531165715779,1531165715770,2372694,0.00004104,1997.00000000,1
1531165715779,1531165715770,2372695,0.00004103,970.00000000,1
1531165715779,1531165715770,2372696,0.00004101,198.00000000,1
1531165715779,1531165715770,2372697,0.00004100,304.00000000,1
1531165715779,1531165715770,2372698,0.00004099,244.00000000,1
1531165715779,1531165715770,2372699,0.00004097,120.00000000,1
1531165715805,1531165715801,2372700,0.00004098,35.00000000,0
1531165715820,1531165715813,2372701,0.00004098,188.00000000,0
1531165715842,1531165715836,2372702,0.00004098,11.00000000,0
1531165716190,1531165716184,2372703,0.00004100,541.00000000,0
1531165716373,1531165716371,2372704,0.00004098,187.00000000,1
1531165716604,1531165716600,2372705,0.00004100,2162.00000000,0
1531165717187,1531165717181,2372706,0.00004100,541.00000000,0
1531165717200,1531165717194,2372707,0.00004097,3.00000000,1
1531165717200,1531165717194,2372708,0.00004096,362.00000000,1
1531165717363,1531165717360,2372709,0.00004096,1828.00000000,1
1531165717607,1531165717602,2372710,0.00004100,2161.00000000,0
1531165718195,1531165718193,2372711,0.00004099,541.00000000,0
1531165719180,1531165719172,2372712,0.00004099,241.00000000,0
1531165719180,1531165719172,2372713,0.00004100,300.00000000,0
1531165719350,1531165719344,2372714,0.00004096,11.00000000,1
1531165719977,1531165719970,2372715,0.00004100,120.00000000,0
1531165720220,1531165720216,2372716,0.00004100,541.00000000,0
1531165720936,1531165720930,2372717,0.00004100,460.00000000,0
1531165721323,1531165721320,2372718,0.00004100,1730.00000000,0
1531165721325,1531165721320,2372719,0.00004100,1730.00000000,0
1531165721344,1531165721343,2372720,0.00004100,120.00000000,0
1531165721385,1531165721378,2372721,0.00004099,241.00000000,1
1531165721385,1531165721378,2372722,0.00004096,380.00000000,1
1531165721727,1531165721721,2372723,0.00004100,1733.00000000,0
1531165721938,1531165721932,2372724,0.00004098,202.00000000,1
1531165724587,1531165724583,2372725,0.00004099,100.00000000,0
1531165725455,1531165725450,2372726,0.00004099,41.00000000,0
1531165730625,1531165730617,2372727,0.00004098,281.00000000,0
1531165732461,1531165732453,2372728,0.00004098,262.00000000,0
1531165732894,1531165732882,2372729,0.00004096,1405.00000000,1
1531165732894,1531165732882,2372730,0.00004095,342.00000000,1
1531165732894,1531165732882,2372731,0.00004094,201.00000000,1
1531165732894,1531165732882,2372732,0.00004093,712.00000000,1
1531165732894,1531165732882,2372733,0.00004092,25.00000000,1
1531165732894,1531165732882,2372734,0.00004091,111.00000000,1
1531165732894,1531165732882,2372735,0.00004090,195.00000000,1
1531165732894,1531165732882,2372736,0.00004089,2444.00000000,1
1531165732894,1531165732882,2372737,0.00004088,245.00000000,1
1531165732894,1531165732882,2372738,0.00004087,2587.00000000,1
1531165732894,1531165732882,2372739,0.00004085,96.00000000,1
1531165732894,1531165732882,2372740,0.00004084,2052.00000000,1
1531165732894,1531165732882,2372741,0.00004080,25.00000000,1
1531165732894,1531165732882,2372742,0.00004079,74.00000000,1
1531165732894,1531165732882,2372743,0.00004078,25.00000000,1
1531165732894,1531165732882,2372744,0.00004075,622.00000000,1
1531165732894,1531165732882,2372745,0.00004074,273.00000000,1
1531165732894,1531165732882,2372746,0.00004073,461.00000000,1
1531165732894,1531165732882,2372747,0.00004072,456.00000000,1
1531165732894,1531165732882,2372748,0.00004071,50.00000000,1
1531165732894,1531165732882,2372749,0.00004069,78.00000000,1
1531165732894,1531165732882,2372750,0.00004068,52.00000000,1
1531165732899,1531165732882,2372751,0.00004068,290.00000000,1
1531165732899,1531165732882,2372752,0.00004067,187.00000000,1
1531165732899,1531165732882,2372753,0.00004065,543.00000000,1
1531165732899,1531165732882,2372754,0.00004064,901.00000000,1
1531165732899,1531165732882,2372755,0.00004063,172.00000000,1
1531165732899,1531165732882,2372756,0.00004062,1689.00000000,1
1531165732899,1531165732882,2372757,0.00004061,170.00000000,1
1531165732899,1531165732882,2372758,0.00004060,76.00000000,1
1531165732912,1531165732907,2372759,0.00004075,1001.00000000,0
1531165733232,1531165733227,2372760,0.00004098,189.00000000,0
1531165733232,1531165733227,2372761,0.00004099,41.00000000,0
1531165733325,1531165733319,2372762,0.00004087,143.00000000,0
1531165733325,1531165733319,2372763,0.00004097,72.00000000,0
1531165733325,1531165733319,2372764,0.00004099,69.00000000,0
1531165733325,1531165733319,2372765,0.00004100,10.00000000,0
1531165733695,1531165733689,2372766,0.00004087,159.00000000,0
1531165734269,1531165734265,2372767,0.00004086,75.00000000,0
1531165734269,1531165734265,2372768,0.00004087,372.00000000,0
1531165734516,1531165734510,2372769,0.00004073,238.00000000,1
1531165736718,1531165736714,2372770,0.00004083,11.00000000,0
1531165737245,1531165737239,2372771,0.00004083,24.00000000,0
1531165740362,1531165740357,2372772,0.00004079,108.00000000,0
1531165742832,1531165742828,2372773,0.00004086,245.00000000,0
1531165746390,1531165746381,2372774,0.00004068,53.00000000,1
1531165746390,1531165746381,2372775,0.00004063,146.00000000,1
1531165746390,1531165746381,2372776,0.00004062,49.00000000,1
1531165746390,1531165746381,2372777,0.00004059,438.00000000,1
1531165746390,1531165746381,2372778,0.00004058,25.00000000,1
1531165746390,1531165746381,2372779,0.00004057,220.00000000,1
1531165746390,1531165746381,2372780,0.00004056,78.00000000,1
1531165746390,1531165746381,2372781,0.00004055,189.00000000,1
1531165746414,1531165746408,2372782,0.00004055,978.00000000,0
1531165747150,1531165747143,2372783,0.00004071,27.00000000,0
1531165747378,1531165747372,2372784,0.00004071,49.00000000,0
1531165748036,1531165748030,2372785,0.00004072,78.00000000,0
1531165748036,1531165748030,2372786,0.00004077,146.00000000,0
1531165748359,1531165748352,2372787,0.00004077,58.00000000,0
1531165748359,1531165748352,2372788,0.00004079,146.00000000,0
1531165748359,1531165748352,2372789,0.00004084,146.00000000,0
1531165748359,1531165748352,2372790,0.00004085,49.00000000,0
1531165748359,1531165748352,2372791,0.00004086,440.00000000,0
1531165752680,1531165752675,2372792,0.00004073,146.00000000,1
1531165764545,1531165764536,2372793,0.00004074,424.00000000,1
1531165764545,1531165764536,2372794,0.00004073,736.00000000,1
1531165764545,1531165764536,2372795,0.00004071,1271.00000000,1
1531165764545,1531165764536,2372796,0.00004070,204.00000000,1
1531165764545,1531165764536,2372797,0.00004067,146.00000000,1
1531165764545,1531165764536,2372798,0.00004056,695.00000000,1
1531165764545,1531165764536,2372799,0.00004054,174.00000000,1
1531165764545,1531165764536,2372800,0.00004051,766.00000000,1
1531165764545,1531165764536,2372801,0.00004050,2972.00000000,1
1531165764546,1531165764536,2372802,0.00004049,1250.00000000,1
1531165764546,1531165764536,2372803,0.00004048,454.00000000,1
1531165764546,1531165764536,2372804,0.00004042,116.00000000,1
1531165764546,1531165764536,2372805,0.00004041,2893.00000000,1
1531165764567,1531165764564,2372806,0.00004040,4409.00000000,0
1531165764567,1531165764564,2372807,0.00004050,13017.00000000,0
1531165764571,1531165764566,2372808,0.00004050,11285.00000000,0
1531165766150,1531165766144,2372809,0.00004077,146.00000000,0
1531165766150,1531165766144,2372810,0.00004079,146.00000000,0
1531165766150,1531165766144,2372811,0.00004080,103.00000000,0
1531165767373,1531165767367,2372812,0.00004072,49.00000000,0
1531165768374,1531165768367,2372813,0.00004080,292.00000000,0
1531165769270,1531165769263,2372814,0.00004069,73.00000000,1
1531165769270,1531165769263,2372815,0.00004068,29.00000000,1
1531165769270,1531165769263,2372816,0.00004040,136.00000000,1
1531165770413,1531165770407,2372817,0.00004074,25.00000000,0
1531165770413,1531165770407,2372818,0.00004075,179.00000000,0
1531165770537,1531165770532,2372819,0.00004074,146.00000000,0
1531165770537,1531165770532,2372820,0.00004075,25.00000000,0
1531165770537,1531165770532,2372821,0.00004076,100.00000000,0
1531165771539,1531165771534,2372822,0.00004068,201.00000000,0
1531165771539,1531165771534,2372823,0.00004076,54.00000000,0
1531165771539,1531165771534,2372824,0.00004080,36.00000000,0
1531165772465,1531165772459,2372825,0.00004068,58.00000000,0
1531165773932,1531165773924,2372826,0.00004080,40.00000000,0
1531165775599,1531165775596,2372827,0.00004080,690.00000000,0
1531165776377,1531165776371,2372828,0.00004080,116.00000000,0
1531165778208,1531165778203,2372829,0.00004087,189.00000000,0
1531165778208,1531165778203,2372830,0.00004088,454.00000000,0
1531165778208,1531165778203,2372831,0.00004093,66.00000000,0
1531165784282,1531165784275,2372832,0.00004080,220.00000000,0
1531165784462,1531165784456,2372833,0.00004080,162.00000000,0
1531165785470,1531165785469,2372834,0.00004075,347.00000000,1
1531165785881,1531165785875,2372835,0.00004098,124.00000000,0
1531165789092,1531165789084,2372836,0.00004078,156.00000000,1
1531165789092,1531165789084,2372837,0.00004077,1889.00000000,1
1531165789092,1531165789084,2372838,0.00004076,303.00000000,1
1531165789092,1531165789084,2372839,0.00004073,205.00000000,1
1531165789092,1531165789084,2372840,0.00004072,36.00000000,1
1531165789092,1531165789084,2372841,0.00004064,351.00000000,1
1531165789092,1531165789084,2372842,0.00004063,2221.00000000,1
1531165789092,1531165789084,2372843,0.00004062,245.00000000,1
1531165789107,1531165789101,2372844,0.00004060,2487.00000000,0
1531165789110,1531165789104,2372845,0.00004060,1357.00000000,0
1531165789139,1531165789134,2372846,0.00004060,61.00000000,0
1531165789156,1531165789152,2372847,0.00004060,1357.00000000,0
1531165789449,1531165789442,2372848,0.00004056,36.00000000,1
1531165789449,1531165789442,2372849,0.00004055,52.00000000,1
1531165789503,1531165789496,2372850,0.00004059,1889.00000000,0
1531165789503,1531165789496,2372851,0.00004060,3130.00000000,0
1531165789792,1531165789785,2372852,0.00004055,599.00000000,1
1531165789792,1531165789785,2372853,0.00004054,758.00000000,1
1531165789892,1531165789886,2372854,0.00004060,2455.00000000,0
1531165789892,1531165789886,2372855,0.00004060,2623.00000000,0
1531165789902,1531165789897,2372856,0.00004060,2496.00000000,0
1531165790071,1531165790068,2372857,0.00004060,5291.00000000,0
1531165793833,1531165793829,2372858,0.00004059,239.00000000,0
1531165798338,1531165798333,2372859,0.00004058,252.00000000,0
1531165798757,1531165798753,2372860,0.00004057,25.00000000,1
1531165799375,1531165799370,2372861,0.00004057,244.00000000,0
1531165800892,1531165800885,2372862,0.00004053,146.00000000,1
1531165800983,1531165800977,2372863,0.00004058,448.00000000,0
1531165802187,1531165802179,2372864,0.00004056,58.00000000,0
1531165802370,1531165802363,2372865,0.00004056,291.00000000,0
1531165807277,1531165807274,2372866,0.00004080,36.00000000,0
1531165807462,1531165807459,2372867,0.00004082,93.00000000,1
1531165807712,1531165807710,2372868,0.00004082,654.00000000,1
1531165807715,1531165807710,2372869,0.00004082,162.00000000,1
1531165807721,1531165807718,2372870,0.00004082,186.00000000,1
1531165809228,1531165809221,2372871,0.00004083,154.00000000,1
1531165809228,1531165809221,2372872,0.00004082,2656.00000000,1
1531165809228,1531165809221,2372873,0.00004058,2244.00000000,1
1531165809228,1531165809221,2372874,0.00004053,414.00000000,1
1531165809228,1531165809221,2372875,0.00004051,2898.00000000,1
1531165809228,1531165809221,2372876,0.00004050,8332.00000000,1
1531165809253,1531165809248,2372877,0.00004050,1202.00000000,0
1531165809256,1531165809250,2372878,0.00004050,881.00000000,0
1531165809261,1531165809255,2372879,0.00004050,881.00000000,0
1531165809273,1531165809268,2372880,0.00004050,880.00000000,0
1531165809282,1531165809275,2372881,0.00004050,881.00000000,0
1531165809282,1531165809276,2372882,0.00004049,102.00000000,1
1531165809282,1531165809276,2372883,0.00004046,779.00000000,1
1531165809965,1531165809959,2372884,0.00004047,629.00000000,1
1531165809965,1531165809959,2372885,0.00004046,728.00000000,1
1531165810931,1531165810923,2372886,0.00004048,36.00000000,0
1531165811132,1531165811128,2372887,0.00004047,135.00000000,1
1531165812591,1531165812585,2372888,0.00004047,154.00000000,1
1531165812922,1531165812915,2372889,0.00004048,71.00000000,0
1531165813094,1531165813092,2372890,0.00004048,234.00000000,0
1531165813794,1531165813790,2372891,0.00004047,1050.00000000,1
1531165814165,1531165814158,2372892,0.00004048,201.00000000,0
1531165814402,1531165814395,2372893,0.00004048,4.00000000,0
1531165814766,1531165814760,2372894,0.00004047,1050.00000000,1
1531165818282,1531165818276,2372895,0.00004048,131.00000000,0
1531165818282,1531165818276,2372896,0.00004050,245.00000000,0
1531165822561,1531165822555,2372897,0.00004048,48.00000000,0
1531165826503,1531165826496,2372898,0.00004048,290.00000000,0
1531165827825,1531165827820,2372899,0.00004050,250.00000000,0
1531165831307,1531165831304,2372900,0.00004047,25.00000000,1
1531165832652,1531165832648,2372901,0.00004050,223.00000000,1
1531165834509,1531165834502,2372902,0.00004060,122.00000000,0
1531165834745,1531165834744,2372903,0.00004060,1544.00000000,0
1531165836533,1531165836528,2372904,0.00004060,25.00000000,0
1531165838364,1531165838356,2372905,0.00004050,2321.00000000,1
1531165838364,1531165838356,2372906,0.00004048,245.00000000,1
1531165838364,1531165838356,2372907,0.00004047,2229.00000000,1
1531165838364,1531165838356,2372908,0.00004046,30619.00000000,1
1531165838364,1531165838356,2372909,0.00004045,300.00000000,1
1531165838364,1531165838356,2372910,0.00004043,246.00000000,1
1531165838364,1531165838356,2372911,0.00004041,204.00000000,1
1531165838381,1531165838378,2372912,0.00004040,122.00000000,0
1531165838381,1531165838378,2372913,0.00004040,1339.00000000,0
1531165838392,1531165838386,2372914,0.00004040,1281.00000000,0
1531165838394,1531165838389,2372915,0.00004040,1281.00000000,0
1531165838418,1531165838416,2372916,0.00004040,1281.00000000,0
1531165838422,1531165838416,2372917,0.00004040,239.00000000,0
1531165838426,1531165838419,2372918,0.00004040,842.00000000,0
1531165838571,1531165838564,2372919,0.00004039,464.00000000,1
1531165838571,1531165838564,2372920,0.00004038,13.00000000,1
1531165838755,1531165838748,2372921,0.00004040,794.00000000,0
1531165838789,1531165838786,2372922,0.00004038,183.00000000,1
1531165838923,1531165838917,2372923,0.00004038,575.00000000,0
1531165838923,1531165838917,2372924,0.00004040,3147.00000000,0
1531165839160,1531165839155,2372925,0.00004050,197.00000000,0
1531165839734,1531165839730,2372926,0.00004050,147.00000000,0
1531165839825,1531165839824,2372927,0.00004050,13.00000000,0
1531165841638,1531165841637,2372928,0.00004047,25.00000000,1
1531165841638,1531165841637,2372929,0.00004046,903.00000000,1
1531165842512,1531165842506,2372930,0.00004049,238.00000000,1
1531165843653,1531165843645,2372931,0.00004051,383.00000000,0
1531165843686,1531165843680,2372932,0.00004051,195.00000000,0
1531165843690,1531165843683,2372933,0.00004051,51.00000000,0
1531165843753,1531165843748,2372934,0.00004051,141.00000000,1
1531165843793,1531165843787,2372935,0.00004049,16.00000000,1
1531165843793,1531165843787,2372936,0.00004048,34.00000000,1
1531165843793,1531165843787,2372937,0.00004046,4.00000000,1
1531165845099,1531165845092,2372938,0.00004057,68.00000000,0
1531165860569,1531165860563,2372939,0.00004057,68.00000000,0
1531165864377,1531165864372,2372940,0.00004057,780.00000000,0
1531165864620,1531165864616,2372941,0.00004058,103.00000000,0
1531165866250,1531165866244,2372942,0.00004058,1175.00000000,0
1531165866340,1531165866334,2372943,0.00004058,3.00000000,0
1531165867386,1531165867380,2372944,0.00004060,147.00000000,0
1531165869384,1531165869379,2372945,0.00004061,122.00000000,0
1531165870373,1531165870368,2372946,0.00004062,245.00000000,0
1531165872371,1531165872364,2372947,0.00004063,147.00000000,0
1531165874375,1531165874373,2372948,0.00004067,147.00000000,0
1531165878537,1531165878533,2372949,0.00004073,49.00000000,0
1531165882604,1531165882598,2372950,0.00004073,21.00000000,0
1531165882697,1531165882692,2372951,0.00004073,15.00000000,0
1531165884760,1531165884755,2372952,0.00004069,96.00000000,0
1531165908416,1531165908410,2372953,0.00004073,230.00000000,1
1531165908416,1531165908410,2372954,0.00004072,135.00000000,1
1531165909383,1531165909376,2372955,0.00004069,134.00000000,0
1531165913941,1531165913936,2372956,0.00004080,29.00000000,0
1531165931288,1531165931284,2372957,0.00004080,24.00000000,0
1531165943403,1531165943396,2372958,0.00004078,55.00000000,0
1531165949527,1531165949521,2372959,0.00004077,425.00000000,0
1531165953026,1531165953021,2372960,0.00004079,275.00000000,0
1531165973378,1531165973372,2372961,0.00004079,268.00000000,0
1531165974522,1531165974520,2372962,0.00004080,376.00000000,0
1531165978372,1531165978369,2372963,0.00004083,153.00000000,0
1531165979612,1531165979608,2372964,0.00004084,85.00000000,0
1531165979704,1531165979698,2372965,0.00004084,151.00000000,0
1531165981387,1531165981381,2372966,0.00004085,1232.00000000,0
1531165984375,1531165984369,2372967,0.00004086,49.00000000,0
1531165986378,1531165986372,2372968,0.00004087,102.00000000,0
1531165987382,1531165987376,2372969,0.00004088,25.00000000,0
1531165999536,1531165999531,2372970,0.00004092,29.00000000,0
1531166006958,1531166006952,2372971,0.00004097,648.00000000,0
1531166007194,1531166007193,2372972,0.00004097,504.00000000,0
1531166007531,1531166007525,2372973,0.00004092,28.00000000,1
1531166010436,1531166010431,2372974,0.00004098,142.00000000,0
1531166010530,1531166010524,2372975,0.00004098,497.00000000,0
1531166012626,1531166012621,2372976,0.00004098,884.00000000,0
1531166013470,1531166013464,2372977,0.00004099,1271.00000000,0
1531166015376,1531166015371,2372978,0.00004100,1543.00000000,0
1531166017387,1531166017383,2372979,0.00004102,390.00000000,0
1531166019477,1531166019471,2372980,0.00004100,549.00000000,1
1531166021814,1531166021809,2372981,0.00004101,2642.00000000,1
1531166022095,1531166022090,2372982,0.00004101,5621.00000000,1
1531166022382,1531166022378,2372983,0.00004101,63.00000000,1
1531166022569,1531166022565,2372984,0.00004100,1.00000000,1
1531166022569,1531166022565,2372985,0.00004090,103.00000000,1
1531166022569,1531166022565,2372986,0.00004072,243.00000000,1
1531166022569,1531166022565,2372987,0.00004071,597.00000000,1
1531166024458,1531166024452,2372988,0.00004103,48.00000000,0
1531166029638,1531166029637,2372989,0.00004093,27.00000000,0
1531166029638,1531166029637,2372990,0.00004103,48.00000000,0
1531166030535,1531166030529,2372991,0.00004103,163.00000000,1
1531166041232,1531166041229,2372992,0.00004103,40.00000000,0
1531166041560,1531166041554,2372993,0.00004104,27.00000000,1
1531166048011,1531166048008,2372994,0.00004104,121.00000000,0
1531166066309,1531166066302,2372995,0.00004089,592.00000000,1
1531166066309,1531166066302,2372996,0.00004078,563.00000000,1
1531166066309,1531166066302,2372997,0.00004071,522.00000000,1
1531166066309,1531166066302,2372998,0.00004067,68.00000000,1
1531166066309,1531166066302,2372999,0.00004065,146.00000000,1
1531166066309,1531166066302,2373000,0.00004064,291.00000000,1
1531166066309,1531166066302,2373001,0.00004062,773.00000000,1
1531166066309,1531166066302,2373002,0.00004061,710.00000000,1
1531166066309,1531166066302,2373003,0.00004060,335.00000000,1
1531166069530,1531166069526,2373004,0.00004081,218.00000000,0
1531166069530,1531166069526,2373005,0.00004082,25.00000000,0
1531166127420,1531166127414,2373006,0.00004081,145.00000000,0
1531166128579,1531166128573,2373007,0.00004082,205.00000000,0
1531166130430,1531166130428,2373008,0.00004084,145.00000000,0
1531166141566,1531166141560,2373009,0.00004083,21.00000000,1
1531166143546,1531166143540,2373010,0.00004097,248.00000000,0
1531166143546,1531166143540,2373011,0.00004098,1037.00000000,0
1531166143546,1531166143540,2373012,0.00004100,35.00000000,0
1531166144041,1531166144035,2373013,0.00004080,21.00000000,1
1531166167157,1531166167156,2373014,0.00004099,48.00000000,0
1531166244070,1531166244064,2373015,0.00004095,982.00000000,0
1531166244070,1531166244064,2373016,0.00004096,235.00000000,0
1531166278582,1531166278579,2373017,0.00004095,250.00000000,1
1531166295901,1531166295895,2373018,0.00004096,95.00000000,0
1531166295901,1531166295895,2373019,0.00004097,515.00000000,0
1531166296593,1531166296592,2373020,0.00004097,300.00000000,1
1531166439485,1531166439481,2373021,0.00004097,122.00000000,0
1531166453271,1531166453267,2373022,0.00004097,51.00000000,0
1531166463634,1531166463626,2373023,0.00004098,38.00000000,0
1531166468463,1531166468458,2373024,0.00004093,107.00000000,1
1531166534288,1531166534282,2373025,0.00004085,233.00000000,1
1531166590755,1531166590749,2373026,0.00004085,73.00000000,1
1531166590867,1531166590862,2373027,0.00004085,362.00000000,0
1531166592438,1531166592437,2373028,0.00004085,833.00000000,0
1531166607803,1531166607798,2373029,0.00004085,175.00000000,0
1531166636671,1531166636665,2373030,0.00004084,49.00000000,1
1531166652358,1531166652352,2373031,0.00004091,160.00000000,0
1531166652358,1531166652352,2373032,0.00004092,15.00000000,0
1531166654905,1531166654898,2373033,0.00004092,131.00000000,0
1531166654905,1531166654898,2373034,0.00004093,203.00000000,0
1531166654905,1531166654898,2373035,0.00004098,344.00000000,0
1531166654905,1531166654898,2373036,0.00004099,1380.00000000,0
1531166666008,1531166666001,2373037,0.00004099,111.00000000,0
1531166680261,1531166680255,2373038,0.00004098,4489.00000000,0
1531166691784,1531166691778,2373039,0.00004098,4303.00000000,0
1531166691784,1531166691778,2373040,0.00004099,697.00000000,0
1531166692465,1531166692457,2373041,0.00004099,4391.00000000,0
1531166692465,1531166692457,2373042,0.00004102,387.00000000,0
1531166692471,1531166692463,2373043,0.00004102,105.00000000,0
1531166692471,1531166692463,2373044,0.00004103,137.00000000,0
1531166692471,1531166692463,2373045,0.00004105,4758.00000000,0
1531166692595,1531166692589,2373046,0.00004105,652.00000000,0
1531166692682,1531166692676,2373047,0.00004105,1357.00000000,0
1531166692876,1531166692874,2373048,0.00004105,2224.00000000,0
1531166692876,1531166692874,2373049,0.00004108,2776.00000000,0
1531166693260,1531166693254,2373050,0.00004108,5000.00000000,0
1531166695027,1531166695020,2373051,0.00004108,601.00000000,0
1531166695027,1531166695020,2373052,0.00004109,1818.00000000,0
1531166696674,1531166696667,2373053,0.00004106,203.00000000,0
1531166696674,1531166696667,2373054,0.00004109,642.00000000,0
1531166702591,1531166702585,2373055,0.00004093,24.00000000,1
1531166703329,1531166703323,2373056,0.00004109,973.00000000,0
1531166704017,1531166704010,2373057,0.00004090,24.00000000,1
1531166705663,1531166705656,2373058,0.00004091,24.00000000,1
1531166756751,1531166756744,2373059,0.00004109,144.00000000,0
1531166785757,1531166785751,2373060,0.00004109,45.00000000,0
1531166836487,1531166836484,2373061,0.00004109,306.00000000,0
1531166837556,1531166837552,2373062,0.00004110,200.00000000,0
1531166839706,1531166839702,2373063,0.00004111,50.00000000,0
1531166840564,1531166840557,2373064,0.00004112,246.00000000,0
1531166842562,1531166842554,2373065,0.00004113,58.00000000,0
1531166864560,1531166864553,2373066,0.00004113,150.00000000,0
1531167004491,1531167004483,2373067,0.00004111,443.00000000,1
1531167004491,1531167004483,2373068,0.00004109,709.00000000,1
1531167004491,1531167004485,2373069,0.00004109,2715.00000000,1
1531167004599,1531167004594,2373070,0.00004109,646.00000000,1
1531167004985,1531167004978,2373071,0.00004102,203.00000000,1
1531167004985,1531167004978,2373072,0.00004099,451.00000000,1
1531167004985,1531167004978,2373073,0.00004098,49.00000000,1
1531167004985,1531167004978,2373074,0.00004097,794.00000000,1
1531167004985,1531167004978,2373075,0.00004096,248.00000000,1
1531167004985,1531167004978,2373076,0.00004092,269.00000000,1
1531167004986,1531167004978,2373077,0.00004089,413.00000000,1
1531167004986,1531167004978,2373078,0.00004088,561.00000000,1
1531167004986,1531167004978,2373079,0.00004087,459.00000000,1
1531167004986,1531167004978,2373080,0.00004085,424.00000000,1
1531167005002,1531167004997,2373081,0.00004085,629.00000000,0
1531167005030,1531167005025,2373082,0.00004105,629.00000000,0
1531167005071,1531167005065,2373083,0.00004080,5.00000000,1
1531167005071,1531167005065,2373084,0.00004079,137.00000000,1
1531167005071,1531167005065,2373085,0.00004075,61.00000000,1
1531167005640,1531167005639,2373086,0.00004098,203.00000000,0
1531167005684,1531167005678,2373087,0.00004101,133.00000000,1
1531167006574,1531167006569,2373088,0.00004101,639.00000000,1
1531167007508,1531167007503,2373089,0.00004103,320.00000000,1
1531167007522,1531167007516,2373090,0.00004103,1.00000000,1
1531167007522,1531167007516,2373091,0.00004094,203.00000000,1
1531167007522,1531167007516,2373092,0.00004078,1880.00000000,1
1531167007522,1531167007516,2373093,0.00004075,819.00000000,1
1531167007522,1531167007516,2373094,0.00004072,93.00000000,1
1531167008513,1531167008505,2373095,0.00004080,204.00000000,1
1531167008513,1531167008505,2373096,0.00004073,499.00000000,1
1531167008513,1531167008505,2373097,0.00004072,584.00000000,1
1531167008513,1531167008505,2373098,0.00004071,62.00000000,1
1531167011650,1531167011649,2373099,0.00004088,72.00000000,0
1531167018275,1531167018270,2373100,0.00004083,171.00000000,0
1531167049745,1531167049739,2373101,0.00004084,170.00000000,0
1531167062677,1531167062671,2373102,0.00004084,1.00000000,0
1531167064878,1531167064871,2373103,0.00004089,26.00000000,0
1531167068431,1531167068425,2373104,0.00004089,220.00000000,0
1531167089884,1531167089878,2373105,0.00004082,61.00000000,0
1531167091331,1531167091326,2373106,0.00004082,93.00000000,0
1531167109804,1531167109803,2373107,0.00004082,1.00000000,0
1531167110601,1531167110596,2373108,0.00004089,281.00000000,1
1531167122084,1531167122080,2373109,0.00004089,28.00000000,0
1531167139092,1531167139086,2373110,0.00004088,921.00000000,0
1531167169641,1531167169635,2373111,0.00004087,66.00000000,0
1531167246063,1531167246058,2373112,0.00004087,776.00000000,0
1531167246063,1531167246058,2373113,0.00004090,203.00000000,0
1531167246063,1531167246058,2373114,0.00004097,146.00000000,0
1531167246063,1531167246058,2373115,0.00004100,961.00000000,0
1531167247203,1531167247196,2373116,0.00004102,146.00000000,0
1531167247203,1531167247196,2373117,0.00004104,232.00000000,0
1531167247203,1531167247196,2373118,0.00004105,2536.00000000,0
1531167247478,1531167247473,2373119,0.00004105,77.00000000,0
1531167247720,1531167247716,2373120,0.00004105,5000.00000000,0
1531167247722,1531167247721,2373121,0.00004105,7684.00000000,0
1531167248228,1531167248221,2373122,0.00004105,5000.00000000,0
1531167248461,1531167248460,2373123,0.00004105,5000.00000000,0
1531167249404,1531167249400,2373124,0.00004105,1401.00000000,0
1531167249471,1531167249469,2373125,0.00004105,4072.00000000,0
1531167249571,1531167249565,2373126,0.00004105,1390.00000000,0
1531167250121,1531167250117,2373127,0.00004105,828.00000000,0
1531167250121,1531167250117,2373128,0.00004108,561.00000000,0
1531167250121,1531167250117,2373129,0.00004110,100.00000000,0
1531167250121,1531167250117,2373130,0.00004111,734.00000000,0
1531167250121,1531167250117,2373131,0.00004113,438.00000000,0
1531167250121,1531167250117,2373132,0.00004115,1482.00000000,0
1531167250195,1531167250190,2373133,0.00004115,383.00000000,0
1531167250195,1531167250190,2373134,0.00004119,50.00000000,0
1531167250195,1531167250190,2373135,0.00004127,438.00000000,0
1531167250195,1531167250190,2373136,0.00004128,75.00000000,0
1531167250195,1531167250190,2373137,0.00004129,411.00000000,0
1531167251665,1531167251665,2373138,0.00004129,293.00000000,0
1531167252574,1531167252568,2373139,0.00004130,103.00000000,0
1531167252619,1531167252613,2373140,0.00004129,293.00000000,1
1531167260040,1531167260033,2373141,0.00004106,3.00000000,1
1531167298260,1531167298256,2373142,0.00004110,71.00000000,1
1531167317970,1531167317964,2373143,0.00004112,100.00000000,1
1531167318930,1531167318924,2373144,0.00004120,42.00000000,0
1531167319356,1531167319350,2373145,0.00004120,42.00000000,0
1531167329759,1531167329731,2373146,0.00004120,31.00000000,0
1531167392299,1531167392292,2373147,0.00004118,71.00000000,0
1531167392299,1531167392292,2373148,0.00004119,432.00000000,0
1531167392299,1531167392292,2373149,0.00004120,4724.00000000,0
1531167416491,1531167416485,2373150,0.00004120,34.00000000,1
1531167418626,1531167418620,2373151,0.00004120,1485.00000000,1
1531167418626,1531167418620,2373152,0.00004115,786.00000000,1
1531167429720,1531167429712,2373153,0.00004119,69.00000000,0
1531167450527,1531167450521,2373154,0.00004119,38.00000000,0
1531167489514,1531167489509,2373155,0.00004119,475.00000000,1
1531167489540,1531167489537,2373156,0.00004119,188.00000000,1
1531167489787,1531167489780,2373157,0.00004119,299.00000000,1
1531167489787,1531167489780,2373158,0.00004110,239.00000000,1
1531167489787,1531167489780,2373159,0.00004109,517.00000000,1
1531167489787,1531167489780,2373160,0.00004108,72.00000000,1
1531167489787,1531167489780,2373161,0.00004106,341.00000000,1
1531167490413,1531167490406,2373162,0.00004121,514.00000000,1
1531167492875,1531167492873,2373163,0.00004121,1.00000000,1
1531167492875,1531167492873,2373164,0.00004106,1872.00000000,1
1531167492875,1531167492873,2373165,0.00004104,554.00000000,1
1531167555145,1531167555139,2373166,0.00004110,1170.00000000,1
1531167559205,1531167559199,2373167,0.00004110,514.00000000,0
1531167574579,1531167574572,2373168,0.00004110,1285.00000000,0
1531167580798,1531167580793,2373169,0.00004110,28.00000000,0
1531167580817,1531167580812,2373170,0.00004110,287.00000000,0
1531167607381,1531167607375,2373171,0.00004110,694.00000000,0
1531167613760,1531167613755,2373172,0.00004105,60.00000000,1
1531167686463,1531167686459,2373173,0.00004105,1014.00000000,1
1531167686463,1531167686459,2373174,0.00004102,343.00000000,1
1531167699380,1531167699380,2373175,0.00004102,546.00000000,1
1531167699380,1531167699380,2373176,0.00004100,327.00000000,1
1531167699602,1531167699600,2373177,0.00004100,545.00000000,1
1531167701265,1531167701259,2373178,0.00004100,465.00000000,1
1531167705965,1531167705965,2373179,0.00004100,805.00000000,1
1531167730805,1531167730799,2373180,0.00004100,1032.00000000,1
1531167770093,1531167770089,2373181,0.00004099,73.00000000,0
1531167770093,1531167770089,2373182,0.00004100,69.00000000,0
1531167780292,1531167780292,2373183,0.00004100,26.00000000,0
1531167782131,1531167782126,2373184,0.00004100,23.00000000,0
1531167782131,1531167782126,2373185,0.00004109,9.00000000,0
1531167783550,1531167783544,2373186,0.00004109,41.00000000,0
1531167790456,1531167790451,2373187,0.00004108,68.00000000,0
1531167790753,1531167790748,2373188,0.00004108,52.00000000,0
1531167826325,1531167826323,2373189,0.00004105,2061.00000000,0
1531167826325,1531167826323,2373190,0.00004106,973.00000000,0
1531167831200,1531167831193,2373191,0.00004106,949.00000000,1
1531167872214,1531167872210,2373192,0.00004096,1317.00000000,1
1531167873755,1531167873748,2373193,0.00004096,424.00000000,1
1531167875908,1531167875903,2373194,0.00004096,47.00000000,1
1531167875911,1531167875905,2373195,0.00004096,25.00000000,1
1531167875911,1531167875905,2373196,0.00004093,44.00000000,1
1531167886172,1531167886171,2373197,0.00004093,159.00000000,1
1531167886172,1531167886171,2373198,0.00004084,1121.00000000,1
1531167902680,1531167902674,2373199,0.00004085,204.00000000,1
1531167905711,1531167905707,2373200,0.00004084,50.00000000,1
1531167948923,1531167948916,2373201,0.00004080,425.00000000,1
1531167948923,1531167948916,2373202,0.00004079,15.00000000,1
1531167952456,1531167952451,2373203,0.00004088,48.00000000,0
1531167986757,1531167986751,2373204,0.00004088,108.00000000,0
1531167996115,1531167996110,2373205,0.00004088,120.00000000,0
1531168028740,1531168028740,2373206,0.00004079,245.00000000,1
1531168053010,1531168053004,2373207,0.00004079,1200.00000000,1
1531168058736,1531168058731,2373208,0.00004089,25.00000000,0
1531168141234,1531168141229,2373209,0.00004089,97.00000000,0
1531168214640,1531168214634,2373210,0.00004082,25.00000000,0
1531168214640,1531168214634,2373211,0.00004083,1024.00000000,0
1531168221938,1531168221933,2373212,0.00004084,613.00000000,0
1531168253828,1531168253822,2373213,0.00004093,381.00000000,0
1531168254216,1531168254212,2373214,0.00004093,1212.00000000,1
1531168288212,1531168288208,2373215,0.00004110,43.00000000,0
1531168288212,1531168288208,2373216,0.00004112,194.00000000,0
1531168288938,1531168288933,2373217,0.00004112,1934.00000000,1
1531168306846,1531168306840,2373218,0.00004107,73.00000000,1
1531168306846,1531168306840,2373219,0.00004106,194.00000000,1
1531168306846,1531168306840,2373220,0.00004101,1436.00000000,1
1531168365850,1531168365844,2373221,0.00004114,1676.00000000,0
1531168394681,1531168394675,2373222,0.00004119,73.00000000,0
1531168394681,1531168394675,2373223,0.00004120,40.00000000,0
1531168394681,1531168394675,2373224,0.00004122,592.00000000,0
1531168437807,1531168437802,2373225,0.00004110,72.00000000,1
1531168438948,1531168438943,2373226,0.00004110,1500.00000000,1
1531168440801,1531168440800,2373227,0.00004107,194.00000000,1
1531168487675,1531168487669,2373228,0.00004117,72.00000000,0
1531168487675,1531168487669,2373229,0.00004118,256.00000000,0
1531168487949,1531168487942,2373230,0.00004118,1379.00000000,1
1531168497956,1531168497951,2373231,0.00004118,4474.00000000,1
1531168517185,1531168517178,2373232,0.00004108,73.00000000,1
1531168597018,1531168597016,2373233,0.00004119,73.00000000,0
1531168597018,1531168597016,2373234,0.00004120,44.00000000,0
1531168599587,1531168599580,2373235,0.00004107,156.00000000,1
1531168600813,1531168600809,2373236,0.00004104,238.00000000,1
1531168637798,1531168637796,2373237,0.00004101,41.00000000,1
1531168670446,1531168670442,2373238,0.00004115,25.00000000,0
1531168705817,1531168705811,2373239,0.00004109,1092.00000000,1
1531168717675,1531168717669,2373240,0.00004102,73.00000000,1
1531168719816,1531168719814,2373241,0.00004102,73.00000000,1
1531168721828,1531168721823,2373242,0.00004101,196.00000000,1
1531168730044,1531168730038,2373243,0.00004094,1832.00000000,1
1531168742918,1531168742912,2373244,0.00004094,3709.00000000,1
1531168744390,1531168744384,2373245,0.00004104,146.00000000,0
1531168744390,1531168744384,2373246,0.00004105,131.00000000,0
1531168744390,1531168744384,2373247,0.00004111,87.00000000,0
1531168744846,1531168744844,2373248,0.00004111,107.00000000,0
1531168744846,1531168744844,2373249,0.00004114,238.00000000,0
1531168744846,1531168744844,2373250,0.00004115,19.00000000,0
1531168755430,1531168755424,2373251,0.00004098,157.00000000,1
1531168768414,1531168768412,2373252,0.00004097,73.00000000,1
1531168782037,1531168782032,2373253,0.00004096,195.00000000,1
1531168794499,1531168794493,2373254,0.00004094,243.00000000,1
1531168807726,1531168807721,2373255,0.00004093,1452.00000000,1
1531168819645,1531168819639,2373256,0.00004090,301.00000000,1
1531168828185,1531168828178,2373257,0.00004100,73.00000000,0
1531168828185,1531168828178,2373258,0.00004101,195.00000000,0
1531168828185,1531168828178,2373259,0.00004104,157.00000000,0
1531168828185,1531168828178,2373260,0.00004110,243.00000000,0
1531168828185,1531168828178,2373261,0.00004115,183.00000000,0
1531168828185,1531168828178,2373262,0.00004119,248.00000000,0
1531168828185,1531168828178,2373263,0.00004120,6699.00000000,0
1531168828185,1531168828178,2373264,0.00004121,1961.00000000,0
1531168838796,1531168838792,2373265,0.00004092,244.00000000,1
1531168838796,1531168838792,2373266,0.00004091,73.00000000,1
1531168860004,1531168859998,2373267,0.00004090,195.00000000,1
1531168880314,1531168880310,2373268,0.00004093,180.00000000,1
1531168934571,1531168934565,2373269,0.00004091,87.00000000,1
1531168937917,1531168937912,2373270,0.00004091,263.00000000,1
1531168941032,1531168941029,2373271,0.00004091,8442.00000000,1
1531168960690,1531168960688,2373272,0.00004088,2443.00000000,1
1531168992905,1531168992902,2373273,0.00004088,2107.00000000,1
1531169005081,1531169005075,2373274,0.00004087,48.00000000,1
1531169017820,1531169017817,2373275,0.00004080,74.00000000,1
1531169030190,1531169030183,2373276,0.00004079,73.00000000,1
1531169042842,1531169042838,2373277,0.00004078,125.00000000,1
1531169055137,1531169055132,2373278,0.00004080,240.00000000,1
1531169055137,1531169055132,2373279,0.00004079,632.00000000,1
1531169065841,1531169065836,2373280,0.00004076,75.00000000,1
1531169065841,1531169065836,2373281,0.00004072,619.00000000,1
1531169071794,1531169071782,2373282,0.00004076,2451.00000000,1
1531169120187,1531169120185,2373283,0.00004091,195.00000000,0
1531169120556,1531169120551,2373284,0.00004093,240.00000000,0
1531169121048,1531169121045,2373285,0.00004105,39.00000000,1
1531169121052,1531169121047,2373286,0.00004105,109.00000000,1
1531169121074,1531169121067,2373287,0.00004105,24.00000000,1
1531169124354,1531169124351,2373288,0.00004093,25.00000000,1
1531169124435,1531169124428,2373289,0.00004093,49.00000000,1
1531169137171,1531169137164,2373290,0.00004084,195.00000000,1
1531169149302,1531169149297,2373291,0.00004080,2451.00000000,1
1531169162512,1531169162507,2373292,0.00004076,25.00000000,1
1531169174880,1531169174873,2373293,0.00004074,197.00000000,1
1531169188364,1531169188359,2373294,0.00004074,244.00000000,1
1531169191636,1531169191629,2373295,0.00004073,50.00000000,1
1531169200373,1531169200367,2373296,0.00004071,716.00000000,1
1531169212826,1531169212819,2373297,0.00004072,3326.00000000,1
1531169224196,1531169224190,2373298,0.00004064,25.00000000,1
1531169224883,1531169224879,2373299,0.00004064,8975.00000000,1
1531169237061,1531169237055,2373300,0.00004063,836.00000000,1
1531169237061,1531169237055,2373301,0.00004061,11134.00000000,1
1531169239406,1531169239400,2373302,0.00004066,28.00000000,0
1531169239450,1531169239444,2373303,0.00004066,20.00000000,0
1531169251719,1531169251714,2373304,0.00004061,166.00000000,1
1531169251739,1531169251734,2373305,0.00004059,166.00000000,1
1531169252751,1531169252747,2373306,0.00004061,166.00000000,0
1531169253068,1531169253065,2373307,0.00004070,166.00000000,0
1531169261099,1531169261096,2373308,0.00004059,1957.00000000,1
1531169273453,1531169273446,2373309,0.00004060,1974.00000000,1
1531169273453,1531169273446,2373310,0.00004058,146.00000000,1
1531169285035,1531169285029,2373311,0.00004057,409.00000000,1
1531169296863,1531169296857,2373312,0.00004056,245.00000000,1
1531169302330,1531169302326,2373313,0.00004057,1566.00000000,0
1531169304927,1531169304921,2373314,0.00004050,237.00000000,1
1531169309904,1531169309899,2373315,0.00004050,2263.00000000,1
1531169311132,1531169311126,2373316,0.00004057,39.00000000,0
1531169320414,1531169320408,2373317,0.00004050,28.00000000,0
1531169322586,1531169322580,2373318,0.00004048,1667.00000000,1
1531169367491,1531169367484,2373319,0.00004057,99.00000000,0
1531169368550,1531169368543,2373320,0.00004057,18.00000000,0
1531169397950,1531169397945,2373321,0.00004050,200.00000000,1
1531169404588,1531169404585,2373322,0.00004057,24.00000000,0
1531169404972,1531169404967,2373323,0.00004057,246.00000000,0
1531169409002,1531169408996,2373324,0.00004057,24.00000000,0
1531169419997,1531169419991,2373325,0.00004057,153.00000000,0
1531169456237,1531169456227,2373326,0.00004050,7930.00000000,1
1531169456237,1531169456227,2373327,0.00004048,803.00000000,1
1531169456237,1531169456227,2373328,0.00004047,25.00000000,1
1531169456237,1531169456227,2373329,0.00004039,117.00000000,1
1531169456237,1531169456227,2373330,0.00004037,598.00000000,1
1531169456237,1531169456227,2373331,0.00004034,75.00000000,1
1531169456237,1531169456227,2373332,0.00004033,38.00000000,1
1531169456237,1531169456227,2373333,0.00004032,1079.00000000,1
1531169456237,1531169456227,2373334,0.00004031,569.00000000,1
1531169456237,1531169456227,2373335,0.00004030,991.00000000,1
1531169456237,1531169456227,2373336,0.00004028,88.00000000,1
1531169456237,1531169456227,2373337,0.00004027,3926.00000000,1
1531169456237,1531169456227,2373338,0.00004026,125.00000000,1
1531169456237,1531169456227,2373339,0.00004025,6359.00000000,1
1531169456237,1531169456227,2373340,0.00004024,3248.00000000,1
1531169456262,1531169456256,2373341,0.00004027,2089.00000000,0
1531169456264,1531169456261,2373342,0.00004027,62.00000000,0
1531169456266,1531169456264,2373343,0.00004027,2089.00000000,0
1531169456290,1531169456286,2373344,0.00004027,76.00000000,0
1531169456300,1531169456296,2373345,0.00004027,855.00000000,0
1531169458040,1531169458035,2373346,0.00004028,2.00000000,1
1531169458233,1531169458228,2373347,0.00004038,106.00000000,1
1531169459171,1531169459166,2373348,0.00004036,106.00000000,0
1531169459451,1531169459445,2373349,0.00004054,51.00000000,0
1531169460516,1531169460510,2373350,0.00004029,350.00000000,1
1531169467363,1531169467358,2373351,0.00004032,121.00000000,0
1531169467833,1531169467827,2373352,0.00004031,3538.00000000,1
1531169477320,1531169477314,2373353,0.00004045,57.00000000,0
1531169482542,1531169482536,2373354,0.00004050,36.00000000,0
1531169498364,1531169498359,2373355,0.00004035,122.00000000,1
1531169498554,1531169498549,2373356,0.00004035,1.00000000,1
1531169498554,1531169498549,2373357,0.00004030,121.00000000,1
1531169500011,1531169500004,2373358,0.00004030,285.00000000,1
1531169501526,1531169501523,2373359,0.00004043,268.00000000,0
1531169507409,1531169507402,2373360,0.00004029,26.00000000,1
1531169562701,1531169562696,2373361,0.00004030,33.00000000,1
1531169562913,1531169562909,2373362,0.00004030,1136.00000000,0
1531169579277,1531169579271,2373363,0.00004029,296.00000000,1
1531169579277,1531169579271,2373364,0.00004025,795.00000000,1
1531169580527,1531169580524,2373365,0.00004047,62.00000000,0
1531169584356,1531169584351,2373366,0.00004027,50.00000000,1
1531169584356,1531169584351,2373367,0.00004026,1118.00000000,1
1531169591233,1531169591227,2373368,0.00004025,887.00000000,1
1531169610079,1531169610075,2373369,0.00004039,62.00000000,0
1531169610079,1531169610075,2373370,0.00004040,85.00000000,0
1531169623851,1531169623846,2373371,0.00004046,108.00000000,0
1531169624992,1531169624989,2373372,0.00004046,41.00000000,1
1531169653736,1531169653732,2373373,0.00004053,95.00000000,0
1531169675647,1531169675642,2373374,0.00004046,126.00000000,1
1531169677069,1531169677062,2373375,0.00004044,84.00000000,1
1531169688995,1531169688989,2373376,0.00004030,248.00000000,1
1531169689396,1531169689391,2373377,0.00004030,50.00000000,0
1531169694224,1531169694219,2373378,0.00004028,2.00000000,1
1531169697556,1531169697549,2373379,0.00004030,46.00000000,0
1531169701272,1531169701266,2373380,0.00004030,550.00000000,0
1531169702061,1531169702055,2373381,0.00004030,321.00000000,0
1531169703289,1531169703252,2373382,0.00004053,36.00000000,0
1531169708166,1531169708160,2373383,0.00004049,35.00000000,0
1531169711708,1531169711702,2373384,0.00004030,30.00000000,1
1531169711708,1531169711702,2373385,0.00004029,74.00000000,1
1531169711708,1531169711702,2373386,0.00004026,315.00000000,1
1531169718079,1531169718073,2373387,0.00004044,74.00000000,0
1531169718079,1531169718073,2373388,0.00004045,88.00000000,0
1531169718079,1531169718073,2373389,0.00004046,248.00000000,0
1531169799930,1531169799925,2373390,0.00004048,259.00000000,1
1531169863331,1531169863325,2373391,0.00004050,24.00000000,0
1531169911726,1531169911720,2373392,0.00004039,61.00000000,1
1531169960038,1531169960031,2373393,0.00004037,115.00000000,1
1531169960038,1531169960031,2373394,0.00004032,198.00000000,1
1531169960038,1531169960031,2373395,0.00004026,1913.00000000,1
1531169960038,1531169960031,2373396,0.00004025,1515.00000000,1
1531170006110,1531170006106,2373397,0.00004031,167.00000000,1
1531170006110,1531170006106,2373398,0.00004029,497.00000000,1
1531170009458,1531170009454,2373399,0.00004029,67.00000000,1
1531170028428,1531170028422,2373400,0.00004039,9.00000000,0
1531170038137,1531170038131,2373401,0.00004039,52.00000000,0
1531170038137,1531170038131,2373402,0.00004040,2.00000000,0
1531170038598,1531170038592,2373403,0.00004040,165.00000000,0
1531170038826,1531170038820,2373404,0.00004046,165.00000000,0
1531170071129,1531170071122,2373405,0.00004046,27.00000000,0
1531170141139,1531170141134,2373406,0.00004046,14.00000000,0
1531170157179,1531170157173,2373407,0.00004046,1854.00000000,0
1531170194626,1531170194621,2373408,0.00004050,82.00000000,0
1531170194626,1531170194621,2373409,0.00004053,33.00000000,0
1531170194846,1531170194840,2373410,0.00004053,82.00000000,0
1531170201646,1531170201641,2373411,0.00004053,121.00000000,0
1531170248569,1531170248564,2373412,0.00004049,107.00000000,1
1531170248569,1531170248564,2373413,0.00004046,280.00000000,1
1531170265082,1531170265076,2373414,0.00004046,2976.00000000,0
1531170301170,1531170301164,2373415,0.00004042,50.00000000,1
1531170391959,1531170391954,2373416,0.00004042,107.00000000,1
1531170397244,1531170397239,2373417,0.00004030,74.00000000,1
1531170397244,1531170397239,2373418,0.00004029,8334.00000000,1
1531170441982,1531170441977,2373419,0.00004031,157.00000000,1
1531170441982,1531170441977,2373420,0.00004030,1050.00000000,1
1531170444684,1531170444678,2373421,0.00004030,259.00000000,1
1531170446974,1531170446968,2373422,0.00004030,2296.00000000,1
1531170489569,1531170489564,2373423,0.00004030,749.00000000,1
1531170490450,1531170490445,2373424,0.00004030,265.00000000,0
1531170504093,1531170504087,2373425,0.00004024,121.00000000,1
1531170522201,1531170522195,2373426,0.00004024,26.00000000,1
1531170526336,1531170526331,2373427,0.00004024,347.00000000,1
1531170530181,1531170530177,2373428,0.00004029,223.00000000,0
1531170539200,1531170539195,2373429,0.00004029,83.00000000,0
1531170561479,1531170561476,2373430,0.00004030,89.00000000,0
1531170562758,1531170562752,2373431,0.00004029,284.00000000,1
1531170562758,1531170562752,2373432,0.00004024,376.00000000,1
1531170584701,1531170584695,2373433,0.00004024,259.00000000,1
1531170620028,1531170620022,2373434,0.00004024,1229.00000000,1
1531170620829,1531170620824,2373435,0.00004024,390.00000000,0
1531170629323,1531170629315,2373436,0.00004022,25.00000000,1
1531170629323,1531170629315,2373437,0.00004021,25.00000000,1
1531170629323,1531170629315,2373438,0.00004018,46.00000000,1
1531170629323,1531170629315,2373439,0.00004017,25.00000000,1
1531170629323,1531170629315,2373440,0.00004016,53.00000000,1
1531170629323,1531170629315,2373441,0.00004014,75.00000000,1
1531170629323,1531170629315,2373442,0.00004013,26.00000000,1
1531170629323,1531170629315,2373443,0.00004011,522.00000000,1
1531170629323,1531170629315,2373444,0.00004009,229.00000000,1
1531170629323,1531170629315,2373445,0.00004008,2000.00000000,1
1531170629323,1531170629315,2373446,0.00004007,376.00000000,1
1531170629323,1531170629315,2373447,0.00004006,25.00000000,1
1531170629323,1531170629315,2373448,0.00004005,585.00000000,1
1531170632922,1531170632916,2373449,0.00004016,146.00000000,0
1531170633592,1531170633587,2373450,0.00004028,75.00000000,0
1531170640203,1531170640201,2373451,0.00004028,26.00000000,0
1531170659465,1531170659459,2373452,0.00004017,74.00000000,1
1531170659465,1531170659459,2373453,0.00004016,146.00000000,1
1531170659465,1531170659459,2373454,0.00004005,2187.00000000,1
1531170662193,1531170662190,2373455,0.00004010,144.00000000,1
1531170662206,1531170662200,2373456,0.00004007,138.00000000,0
1531170662478,1531170662472,2373457,0.00004026,138.00000000,0
1531170665697,1531170665690,2373458,0.00004008,19.00000000,1
1531170668320,1531170668316,2373459,0.00004026,74.00000000,0
1531170668320,1531170668316,2373460,0.00004027,26.00000000,0
1531170668320,1531170668316,2373461,0.00004028,171.00000000,0
1531170680789,1531170680783,2373462,0.00004030,10.00000000,0
1531170683711,1531170683705,2373463,0.00004037,28.00000000,0
1531170690505,1531170690499,2373464,0.00004028,1218.00000000,1
1531170718700,1531170718693,2373465,0.00004027,137.00000000,0
1531170737180,1531170737175,2373466,0.00004026,26.00000000,1
1531170820758,1531170820753,2373467,0.00004027,161.00000000,0
1531170825113,1531170825108,2373468,0.00004027,161.00000000,0
1531170834677,1531170834674,2373469,0.00004027,22.00000000,0
1531170840256,1531170840250,2373470,0.00004026,25.00000000,1
1531170852181,1531170852174,2373471,0.00004027,134.00000000,0
1531170853040,1531170853038,2373472,0.00004027,96.00000000,0
1531170854121,1531170854116,2373473,0.00004027,213.00000000,0
1531170858830,1531170858824,2373474,0.00004027,300.00000000,0
1531170886216,1531170886209,2373475,0.00004026,167.00000000,1
1531170889528,1531170889523,2373476,0.00004026,70.00000000,0
1531170910640,1531170910634,2373477,0.00004026,20.00000000,0
1531170913855,1531170913850,2373478,0.00004027,27.00000000,0
1531170966400,1531170966394,2373479,0.00004027,38.00000000,0
1531170983408,1531170983401,2373480,0.00004027,94.00000000,0
1531170992449,1531170992444,2373481,0.00004027,102.00000000,0
1531171018372,1531171018367,2373482,0.00004027,5.00000000,0
1531171023535,1531171023530,2373483,0.00004017,45.00000000,1
1531171044570,1531171044568,2373484,0.00004027,223.00000000,0
1531171129471,1531171129466,2373485,0.00004018,20.00000000,1
1531171142557,1531171142551,2373486,0.00004022,121.00000000,0
1531171142844,1531171142842,2373487,0.00004022,120.00000000,0
1531171153334,1531171153328,2373488,0.00004022,46.00000000,0
1531171153532,1531171153527,2373489,0.00004022,68.00000000,0
1531171153536,1531171153534,2373490,0.00004022,199.00000000,0
1531171178481,1531171178476,2373491,0.00004025,27.00000000,0
1531171189620,1531171189615,2373492,0.00004025,395.00000000,0
1531171199912,1531171199907,2373493,0.00004025,2182.00000000,0
1531171243922,1531171243916,2373494,0.00004018,25.00000000,1
1531171243922,1531171243916,2373495,0.00004017,103.00000000,1
1531171243922,1531171243916,2373496,0.00004016,74.00000000,1
1531171243922,1531171243916,2373497,0.00004013,199.00000000,1
1531171243922,1531171243916,2373498,0.00004010,112.00000000,1
1531171268431,1531171268426,2373499,0.00004010,2097.00000000,1
1531171268444,1531171268439,2373500,0.00004010,294.00000000,0
1531171271169,1531171271151,2373501,0.00004009,632.00000000,1
1531171271169,1531171271151,2373502,0.00004007,585.00000000,1
1531171271169,1531171271151,2373503,0.00004004,500.00000000,1
1531171271169,1531171271151,2373504,0.00004003,1000.00000000,1
1531171271169,1531171271151,2373505,0.00004002,6443.00000000,1
1531171271169,1531171271151,2373506,0.00004000,2410.00000000,1
1531171271169,1531171271151,2373507,0.00003999,149.00000000,1
1531171271169,1531171271151,2373508,0.00003997,785.00000000,1
1531171271169,1531171271151,2373509,0.00003996,76.00000000,1
1531171271169,1531171271151,2373510,0.00003995,811.00000000,1
1531171271169,1531171271151,2373511,0.00003994,627.00000000,1
1531171271169,1531171271151,2373512,0.00003993,102.00000000,1
1531171271169,1531171271151,2373513,0.00003992,342.00000000,1
1531171271169,1531171271151,2373514,0.00003989,553.00000000,1
1531171271169,1531171271151,2373515,0.00003988,225.00000000,1
1531171271169,1531171271151,2373516,0.00003987,730.00000000,1
1531171271169,1531171271151,2373517,0.00003986,26.00000000,1
1531171271169,1531171271151,2373518,0.00003985,163.00000000,1
1531171271169,1531171271151,2373519,0.00003984,31.00000000,1
1531171271169,1531171271151,2373520,0.00003983,1513.00000000,1
1531171271169,1531171271151,2373521,0.00003982,1118.00000000,1
1531171271169,1531171271151,2373522,0.00003981,538.00000000,1
1531171271169,1531171271151,2373523,0.00003980,642.00000000,1
1531171271169,1531171271151,2373524,0.00003979,69.00000000,1
1531171271169,1531171271151,2373525,0.00003978,428.00000000,1
1531171271169,1531171271151,2373526,0.00003976,149.00000000,1
1531171271169,1531171271151,2373527,0.00003975,57.00000000,1
1531171271169,1531171271151,2373528,0.00003974,791.00000000,1
1531171271169,1531171271151,2373529,0.00003973,175.00000000,1
1531171271169,1531171271151,2373530,0.00003972,150.00000000,1
1531171271170,1531171271151,2373531,0.00003971,832.00000000,1
1531171271170,1531171271151,2373532,0.00003970,30.00000000,1
1531171271170,1531171271151,2373533,0.00003969,756.00000000,1
1531171271170,1531171271151,2373534,0.00003968,884.00000000,1
1531171271170,1531171271151,2373535,0.00003967,148.00000000,1
1531171271170,1531171271151,2373536,0.00003966,193.00000000,1
1531171271170,1531171271151,2373537,0.00003965,934.00000000,1
1531171271174,1531171271151,2373538,0.00003965,828.00000000,1
1531171271174,1531171271151,2373539,0.00003963,51.00000000,1
1531171271174,1531171271151,2373540,0.00003962,256.00000000,1
1531171271174,1531171271151,2373541,0.00003960,1626.00000000,1
1531171271174,1531171271151,2373542,0.00003959,4000.00000000,1
1531171271174,1531171271151,2373543,0.00003958,374.00000000,1
1531171271174,1531171271151,2373544,0.00003958,150.00000000,1
1531171271194,1531171271191,2373545,0.00003967,577.00000000,0
1531171271196,1531171271191,2373546,0.00003967,252.00000000,0
1531171271212,1531171271209,2373547,0.00003967,1987.00000000,0
1531171271219,1531171271214,2373548,0.00003967,2637.00000000,0
1531171271220,1531171271215,2373549,0.00003967,871.00000000,0
1531171271244,1531171271240,2373550,0.00003967,577.00000000,0
1531171271251,1531171271246,2373551,0.00003967,360.00000000,0
1531171271341,1531171271338,2373552,0.00003970,227.00000000,0
1531171271369,1531171271365,2373553,0.00003970,839.00000000,0
1531171271389,1531171271384,2373554,0.00003967,577.00000000,1
1531171271401,1531171271396,2373555,0.00003970,100.00000000,0
1531171271420,1531171271415,2373556,0.00003961,326.00000000,1
1531171271420,1531171271415,2373557,0.00003960,440.00000000,1
1531171271420,1531171271415,2373558,0.00003959,126.00000000,1
1531171271420,1531171271415,2373559,0.00003958,683.00000000,1
1531171271548,1531171271541,2373560,0.00003970,1020.00000000,0
1531171271579,1531171271575,2373561,0.00003970,1094.00000000,0
1531171271587,1531171271582,2373562,0.00003967,632.00000000,1
1531171271772,1531171271767,2373563,0.00003970,3894.00000000,0
1531171271772,1531171271767,2373564,0.00003972,707.00000000,0
1531171271772,1531171271767,2373565,0.00003981,326.00000000,0
1531171271772,1531171271767,2373566,0.00003984,249.00000000,0
1531171271772,1531171271767,2373567,0.00003985,167.00000000,0
1531171271785,1531171271780,2373568,0.00003970,227.00000000,1
1531171271785,1531171271780,2373569,0.00003967,25.00000000,1
1531171271920,1531171271915,2373570,0.00003985,581.00000000,0
1531171272040,1531171272036,2373571,0.00003985,434.00000000,0
1531171272098,1531171272094,2373572,0.00003985,84.00000000,1
1531171272119,1531171272114,2373573,0.00003970,84.00000000,1
1531171272145,1531171272141,2373574,0.00003982,84.00000000,0
1531171272154,1531171272152,2373575,0.00003985,84.00000000,1
1531171272168,1531171272163,2373576,0.00003985,150.00000000,1
1531171272169,1531171272164,2373577,0.00003988,2102.00000000,0
1531171272184,1531171272179,2373578,0.00003988,431.00000000,0
1531171272198,1531171272194,2373579,0.00003985,116.00000000,1
1531171272201,1531171272197,2373580,0.00003988,1067.00000000,0
1531171272201,1531171272197,2373581,0.00003990,100.00000000,0
1531171272201,1531171272197,2373582,0.00003996,77.00000000,0
1531171272201,1531171272197,2373583,0.00003999,1393.00000000,0
1531171272334,1531171272329,2373584,0.00003986,125.00000000,0
1531171272334,1531171272329,2373585,0.00003999,78.00000000,0
1531171273883,1531171273878,2373586,0.00003995,747.00000000,0
1531171274446,1531171274441,2373587,0.00003987,241.00000000,1
1531171275432,1531171275426,2373588,0.00003995,6.00000000,0
1531171276234,1531171276232,2373589,0.00003987,226.00000000,1
1531171276797,1531171276792,2373590,0.00003987,519.00000000,1
1531171277101,1531171277098,2373591,0.00003987,157.00000000,1
1531171278332,1531171278327,2373592,0.00003987,80.00000000,1
1531171280441,1531171280437,2373593,0.00003986,148.00000000,1
1531171282191,1531171282187,2373594,0.00003988,97.00000000,0
1531171282191,1531171282187,2373595,0.00003989,141.00000000,0
1531171282669,1531171282664,2373596,0.00003986,945.00000000,1
1531171283378,1531171283373,2373597,0.00003986,148.00000000,1
1531171286994,1531171286989,2373598,0.00003986,107.00000000,1
1531171290510,1531171290505,2373599,0.00003987,152.00000000,1
1531171290510,1531171290505,2373600,0.00003986,92.00000000,1
1531171290510,1531171290505,2373601,0.00003985,382.00000000,1
1531171290510,1531171290505,2373602,0.00003972,1049.00000000,1
1531171297307,1531171297302,2373603,0.00003975,168.00000000,1
1531171297307,1531171297302,2373604,0.00003974,42.00000000,1
1531171297865,1531171297860,2373605,0.00003974,44.00000000,1
1531171297865,1531171297860,2373606,0.00003973,3956.00000000,1
1531171300120,1531171300115,2373607,0.00003975,309.00000000,0
1531171301201,1531171301197,2373608,0.00003971,98.00000000,1
1531171301284,1531171301279,2373609,0.00003971,124.00000000,1
1531171301938,1531171301934,2373610,0.00003971,75.00000000,1
1531171302437,1531171302433,2373611,0.00003983,753.00000000,0
1531171302485,1531171302479,2373612,0.00003983,64.00000000,0
1531171303330,1531171303325,2373613,0.00003983,209.00000000,0
1531171304480,1531171304476,2373614,0.00003975,98.00000000,1
1531171306723,1531171306719,2373615,0.00003975,211.00000000,1
1531171306723,1531171306719,2373616,0.00003971,388.00000000,1
1531171306861,1531171306857,2373617,0.00003973,26.00000000,0
1531171307080,1531171307076,2373618,0.00003976,597.00000000,1
1531171310801,1531171310797,2373619,0.00003980,72.00000000,0
1531171315338,1531171315334,2373620,0.00003978,593.00000000,0
1531171315519,1531171315513,2373621,0.00003976,226.00000000,1
1531171316601,1531171316599,2373622,0.00003983,144.00000000,0
1531171316728,1531171316725,2373623,0.00003983,67.00000000,0
1531171317315,1531171317311,2373624,0.00003984,25.00000000,0
1531171317333,1531171317329,2373625,0.00003984,144.00000000,0
1531171318031,1531171318028,2373626,0.00003984,50.00000000,0
1531171320425,1531171320421,2373627,0.00003985,55.00000000,0
1531171322066,1531171322061,2373628,0.00003985,55.00000000,1
1531171322066,1531171322061,2373629,0.00003976,69.00000000,1
1531171325075,1531171325070,2373630,0.00003986,49.00000000,0
1531171338571,1531171338567,2373631,0.00003980,769.00000000,0
1531171353350,1531171353346,2373632,0.00003976,147.00000000,0
1531171353527,1531171353525,2373633,0.00003980,64.00000000,0
1531171353527,1531171353525,2373634,0.00003983,52.00000000,0
1531171353967,1531171353961,2373635,0.00003971,6150.00000000,1
1531171359280,1531171359275,2373636,0.00003980,75.00000000,1
1531171366260,1531171366255,2373637,0.00003981,51.00000000,0
1531171396529,1531171396525,2373638,0.00003982,151.00000000,0
1531171396555,1531171396550,2373639,0.00003982,57.00000000,0
1531171396579,1531171396575,2373640,0.00003982,151.00000000,0
1531171434137,1531171434134,2373641,0.00003976,955.00000000,0
1531171465041,1531171465035,2373642,0.00003975,339.00000000,0
1531171491041,1531171491037,2373643,0.00003977,440.00000000,0
1531171492048,1531171492044,2373644,0.00003978,244.00000000,0
1531171494042,1531171494038,2373645,0.00003979,528.00000000,0
1531171500868,1531171500863,2373646,0.00003987,1102.00000000,0
1531171500987,1531171500982,2373647,0.00003987,34.00000000,0
1531171537529,1531171537525,2373648,0.00003975,312.00000000,1
1531171537529,1531171537525,2373649,0.00003974,335.00000000,1
1531171546257,1531171546253,2373650,0.00003986,292.00000000,0
1531171579140,1531171579138,2373651,0.00003985,53.00000000,0
1531171580939,1531171580934,2373652,0.00003985,75.00000000,0
1531171724130,1531171724128,2373653,0.00003985,23.00000000,0
1531171731027,1531171731022,2373654,0.00003985,41.00000000,1
1531171737161,1531171737156,2373655,0.00003985,149.00000000,1
1531171770392,1531171770387,2373656,0.00003985,114.00000000,1
1531171770392,1531171770387,2373657,0.00003984,125.00000000,1
1531171770392,1531171770387,2373658,0.00003975,3444.00000000,1
1531171770392,1531171770387,2373659,0.00003974,2467.00000000,1
1531171816474,1531171816470,2373660,0.00003985,30.00000000,0
1531171829417,1531171829411,2373661,0.00003985,259.00000000,0
1531171829417,1531171829411,2373662,0.00003986,20.00000000,0
1531171829417,1531171829411,2373663,0.00003987,230.00000000,0
1531171829417,1531171829411,2373664,0.00003989,354.00000000,0
1531171829417,1531171829411,2373665,0.00003990,237.00000000,0
1531171877938,1531171877934,2373666,0.00003990,333.00000000,0
1531171885160,1531171885156,2373667,0.00003990,551.00000000,0
1531171919314,1531171919309,2373668,0.00003990,30.00000000,0
1531171923841,1531171923836,2373669,0.00003979,332.00000000,1
1531171923841,1531171923836,2373670,0.00003975,55.00000000,1
1531171938178,1531171938174,2373671,0.00003989,39.00000000,0
1531171944147,1531171944142,2373672,0.00003989,36.00000000,0
1531171944147,1531171944142,2373673,0.00003990,506.00000000,0
1531171944147,1531171944142,2373674,0.00003992,148.00000000,0
1531171944147,1531171944142,2373675,0.00003995,1282.00000000,0
1531171944147,1531171944142,2373676,0.00003996,2123.00000000,0
1531171952528,1531171952524,2373677,0.00003996,209.00000000,0
1531171957578,1531171957575,2373678,0.00003996,89.00000000,0
1531171958386,1531171958380,2373679,0.00003996,453.00000000,0
1531171958386,1531171958380,2373680,0.00004001,100.00000000,0
1531171958386,1531171958380,2373681,0.00004005,37.00000000,0
1531171958386,1531171958380,2373682,0.00004010,1419.00000000,0
1531171974262,1531171974257,2373683,0.00004004,25.00000000,0
1531172019037,1531172019037,2373684,0.00004004,106.00000000,0
1531172019162,1531172019158,2373685,0.00003994,176.00000000,1
1531172036737,1531172036733,2373686,0.00004004,68.00000000,0
1531172042302,1531172042297,2373687,0.00004004,244.00000000,1
1531172056091,1531172056090,2373688,0.00004010,60.00000000,0
1531172144049,1531172144044,2373689,0.00004004,62.00000000,1
1531172147044,1531172147039,2373690,0.00003998,75.00000000,1
1531172150063,1531172150060,2373691,0.00003997,275.00000000,1
1531172153084,1531172153078,2373692,0.00003997,98.00000000,1
1531172155084,1531172155080,2373693,0.00004006,39.00000000,0
1531172198076,1531172198072,2373694,0.00004006,44.00000000,0
1531172211629,1531172211626,2373695,0.00004006,35.00000000,0
1531172282010,1531172282005,2373696,0.00004006,180.00000000,0
1531172329165,1531172329160,2373697,0.00003999,208.00000000,1
1531172332599,1531172332595,2373698,0.00004006,25.00000000,0
1531172342466,1531172342461,2373699,0.00003999,1865.00000000,1
1531172342466,1531172342461,2373700,0.00003998,96.00000000,1
1531172342466,1531172342461,2373701,0.00003997,204.00000000,1
1531172343917,1531172343913,2373702,0.00003996,718.00000000,1
1531172343917,1531172343913,2373703,0.00003991,200.00000000,1
1531172343917,1531172343913,2373704,0.00003984,249.00000000,1
1531172343917,1531172343913,2373705,0.00003982,190.00000000,1
1531172407423,1531172407420,2373706,0.00003979,29.00000000,1
1531172407651,1531172407647,2373707,0.00003982,959.00000000,0
1531172438625,1531172438621,2373708,0.00003979,436.00000000,1
1531172439197,1531172439194,2373709,0.00003979,561.00000000,0
1531172454063,1531172454059,2373710,0.00003978,495.00000000,1
1531172492312,1531172492308,2373711,0.00003979,3.00000000,0
1531172495518,1531172495515,2373712,0.00003982,31.00000000,0
1531172519177,1531172519173,2373713,0.00003982,2.00000000,0
1531172544370,1531172544367,2373714,0.00003982,83.00000000,0
1531172597376,1531172597372,2373715,0.00003979,2007.00000000,1
1531172597376,1531172597372,2373716,0.00003978,1812.00000000,1
1531172670170,1531172670167,2373717,0.00003982,34.00000000,0
1531172682033,1531172682029,2373718,0.00003979,274.00000000,1
1531172682033,1531172682029,2373719,0.00003978,685.00000000,1
1531172683987,1531172683981,2373720,0.00003982,498.00000000,0
1531172688599,1531172688597,2373721,0.00003978,176.00000000,1
1531172698979,1531172698976,2373722,0.00003982,197.00000000,0
1531172702021,1531172702016,2373723,0.00003982,38.00000000,0
1531172702900,1531172702897,2373724,0.00003982,43.00000000,0
1531172703062,1531172703061,2373725,0.00003982,43.00000000,0
1531172706392,1531172706390,2373726,0.00003982,30.00000000,0
1531172749983,1531172749978,2373727,0.00003982,275.00000000,0
1531172760220,1531172760217,2373728,0.00003982,59.00000000,0
1531172767260,1531172767256,2373729,0.00003982,56.00000000,0
1531172768001,1531172767997,2373730,0.00003982,56.00000000,0
1531172796169,1531172796166,2373731,0.00003982,562.00000000,0
1531172798043,1531172798038,2373732,0.00003982,93.00000000,0
1531172802425,1531172802421,2373733,0.00003982,177.00000000,0
1531172802454,1531172802450,2373734,0.00003982,177.00000000,0
1531172835497,1531172835492,2373735,0.00003980,177.00000000,1
1531172872985,1531172872981,2373736,0.00003980,295.00000000,1
1531173009459,1531173009455,2373737,0.00003982,30.00000000,0
1531173029339,1531173029336,2373738,0.00003981,28.00000000,0
1531173068810,1531173068808,2373739,0.00003980,122.00000000,1
1531173072273,1531173072270,2373740,0.00003981,1141.00000000,0
1531173072273,1531173072270,2373741,0.00003982,29.00000000,0
1531173104059,1531173104057,2373742,0.00003982,1010.00000000,0
1531173107404,1531173107401,2373743,0.00003982,1122.00000000,0
1531173108473,1531173108469,2373744,0.00003982,7628.00000000,0
1531173109324,1531173109319,2373745,0.00003990,548.00000000,0
1531173135286,1531173135282,2373746,0.00004001,36.00000000,0
1531173142885,1531173142882,2373747,0.00004001,97.00000000,0
1531173165775,1531173165772,2373748,0.00004001,46.00000000,0
1531173166010,1531173166007,2373749,0.00003989,169.00000000,1
1531173168466,1531173168462,2373750,0.00004000,46.00000000,0
1531173252196,1531173252192,2373751,0.00003998,249.00000000,1
1531173252246,1531173252242,2373752,0.00003986,75.00000000,1
1531173252246,1531173252242,2373753,0.00003985,174.00000000,1
1531173306511,1531173306509,2373754,0.00003990,515.00000000,0
1531173378163,1531173378160,2373755,0.00003990,179.00000000,0
1531173383106,1531173383104,2373756,0.00003985,61.00000000,1
1531173400557,1531173400554,2373757,0.00003990,32.00000000,0
1531173451854,1531173451851,2373758,0.00003990,26.00000000,0
1531173534348,1531173534344,2373759,0.00003990,53.00000000,0
1531173548989,1531173548984,2373760,0.00003995,75.00000000,0
1531173548989,1531173548984,2373761,0.00003996,33.00000000,0
1531173552867,1531173552864,2373762,0.00003996,28.00000000,0
1531173555347,1531173555346,2373763,0.00003989,1643.00000000,0
1531173669459,1531173669457,2373764,0.00003986,35.00000000,1
1531173714517,1531173714514,2373765,0.00003996,62.00000000,0
1531173768593,1531173768590,2373766,0.00003990,23.00000000,1
1531173772660,1531173772659,2373767,0.00004001,20.00000000,0
1531173772660,1531173772659,2373768,0.00004002,1170.00000000,0
1531173772660,1531173772659,2373769,0.00004003,32.00000000,0
1531173772660,1531173772659,2373770,0.00004008,1500.00000000,0
1531173772814,1531173772812,2373771,0.00004008,40.00000000,1
1531173775390,1531173775387,2373772,0.00004009,1000.00000000,0
1531173786749,1531173786746,2373773,0.00004008,144.00000000,1
1531173811936,1531173811933,2373774,0.00004011,199.00000000,0
1531173815761,1531173815758,2373775,0.00004011,196.00000000,1
1531173816393,1531173816390,2373776,0.00004009,398.00000000,0
1531173820676,1531173820673,2373777,0.00004012,267.00000000,0
1531173827535,1531173827533,2373778,0.00004012,37.00000000,0
1531173847186,1531173847183,2373779,0.00004012,1794.00000000,0
1531173848004,1531173848002,2373780,0.00004012,1294.00000000,1
1531173986079,1531173986076,2373781,0.00004004,28.00000000,0
1531174010886,1531174010884,2373782,0.00004002,1364.00000000,0
1531174090693,1531174090691,2373783,0.00003993,52.00000000,1
1531174090693,1531174090691,2373784,0.00003992,200.00000000,1
1531174092045,1531174092042,2373785,0.00003990,172.00000000,1
1531174102317,1531174102314,2373786,0.00003990,354.00000000,1
1531174127705,1531174127702,2373787,0.00003990,234.00000000,0
1531174171423,1531174171419,2373788,0.00003990,2414.00000000,0
1531174200209,1531174200206,2373789,0.00003990,1342.00000000,1
1531174216140,1531174216138,2373790,0.00003991,515.00000000,1
1531174216151,1531174216148,2373791,0.00003990,43.00000000,1
1531174216151,1531174216148,2373792,0.00003989,472.00000000,1
1531174236901,1531174236898,2373793,0.00003998,105.00000000,0
1531174236901,1531174236898,2373794,0.00003999,145.00000000,0
1531174238507,1531174238505,2373795,0.00003999,301.00000000,0
1531174239632,1531174239630,2373796,0.00004000,2367.00000000,0
1531174240876,1531174240873,2373797,0.00004001,249.00000000,0
1531174242062,1531174242060,2373798,0.00004002,756.00000000,0
1531174243517,1531174243516,2373799,0.00004003,257.00000000,0
1531174297402,1531174297399,2373800,0.00004005,158.00000000,0
1531174297402,1531174297399,2373801,0.00004006,199.00000000,0
1531174297402,1531174297399,2373802,0.00004012,2135.00000000,0
1531174305797,1531174305793,2373803,0.00004012,290.00000000,0
1531174307787,1531174307784,2373804,0.00004013,297.00000000,0
1531174319616,1531174319613,2373805,0.00003997,247.00000000,1
1531174319616,1531174319613,2373806,0.00003993,200.00000000,1
1531174319616,1531174319613,2373807,0.00003990,830.00000000,1
1531174320203,1531174320201,2373808,0.00004014,2490.00000000,0
1531174320203,1531174320201,2373809,0.00004015,5033.00000000,0
1531174329244,1531174329243,2373810,0.00004009,32.00000000,0
1531174336575,1531174336573,2373811,0.00004008,830.00000000,0
1531174337517,1531174337515,2373812,0.00004007,1357.00000000,0
1531174351695,1531174351692,2373813,0.00004001,176.00000000,1
1531174370417,1531174370414,2373814,0.00003997,942.00000000,1
1531174403585,1531174403582,2373815,0.00004006,176.00000000,0
1531174419672,1531174419670,2373816,0.00004008,75.00000000,0
1531174423437,1531174423435,2373817,0.00004008,689.00000000,0
1531174424527,1531174424525,2373818,0.00004009,247.00000000,0
1531174463815,1531174463811,2373819,0.00004013,31.00000000,0
1531174539832,1531174539829,2373820,0.00004013,25.00000000,0
1531174562497,1531174562496,2373821,0.00004009,261.00000000,1
1531174582909,1531174582906,2373822,0.00004003,540.00000000,1
1531174582909,1531174582906,2373823,0.00004002,74.00000000,1
1531174582909,1531174582906,2373824,0.00004001,861.00000000,1
1531174599226,1531174599224,2373825,0.00004012,74.00000000,0
1531174631592,1531174631590,2373826,0.00004011,37.00000000,0
1531174648362,1531174648360,2373827,0.00004011,59.00000000,0
1531174653098,1531174653094,2373828,0.00004011,28.00000000,0
1531174656980,1531174656977,2373829,0.00004011,535.00000000,1
1531174722523,1531174722521,2373830,0.00004012,172.00000000,1
1531174745383,1531174745380,2373831,0.00004012,64.00000000,1
1531174749658,1531174749654,2373832,0.00004016,91.00000000,0
1531174781273,1531174781270,2373833,0.00004016,111.00000000,0
1531174796412,1531174796409,2373834,0.00004020,50.00000000,0
1531174798660,1531174798657,2373835,0.00004020,50.00000000,0
1531174798660,1531174798657,2373836,0.00004022,1804.00000000,0
1531174802356,1531174802355,2373837,0.00004021,26.00000000,1
1531174806614,1531174806612,2373838,0.00004017,188.00000000,1
1531174807341,1531174807339,2373839,0.00004024,714.00000000,0
1531174807371,1531174807369,2373840,0.00004024,23.00000000,1
1531174808288,1531174808286,2373841,0.00004024,39.00000000,1
1531174817650,1531174817647,2373842,0.00004029,37.00000000,0
1531174817650,1531174817647,2373843,0.00004030,2594.00000000,0
1531174817650,1531174817647,2373844,0.00004032,3245.00000000,0
1531174817650,1531174817647,2373845,0.00004033,26.00000000,0
1531174817650,1531174817647,2373846,0.00004034,2516.00000000,0
1531174817660,1531174817657,2373847,0.00004034,764.00000000,1
1531174817821,1531174817819,2373848,0.00004024,50.00000000,1
1531174817821,1531174817819,2373849,0.00004020,113.00000000,1
1531174840469,1531174840467,2373850,0.00004026,46.00000000,0
1531174842476,1531174842475,2373851,0.00004028,579.00000000,0
1531174849471,1531174849469,2373852,0.00004028,46.00000000,0
1531174851127,1531174851124,2373853,0.00004018,100.00000000,1
1531174856610,1531174856608,2373854,0.00004024,100.00000000,0
1531174870466,1531174870463,2373855,0.00004028,78.00000000,0
1531174882456,1531174882454,2373856,0.00004029,100.00000000,0
1531174883000,1531174882999,2373857,0.00004032,188.00000000,0
1531174883020,1531174883019,2373858,0.00004032,354.00000000,1
1531174883046,1531174883044,2373859,0.00004032,34.00000000,1
1531174884501,1531174884498,2373860,0.00004021,107.00000000,1
1531174939793,1531174939791,2373861,0.00004024,100.00000000,1
1531174963639,1531174963638,2373862,0.00004024,25.00000000,1
1531174966220,1531174966218,2373863,0.00004024,78.00000000,1
1531174966708,1531174966705,2373864,0.00004023,258.00000000,1
1531174968560,1531174968556,2373865,0.00004021,103.00000000,1
1531175011439,1531175011437,2373866,0.00004018,33.00000000,0
1531175011439,1531175011437,2373867,0.00004019,74.00000000,0
1531175012479,1531175012476,2373868,0.00004021,908.00000000,1
1531175035021,1531175035019,2373869,0.00004024,30.00000000,0
1531175043511,1531175043509,2373870,0.00004022,267.00000000,1
1531175078512,1531175078511,2373871,0.00004024,541.00000000,0
1531175099684,1531175099682,2373872,0.00004024,7305.00000000,0
1531175111318,1531175111315,2373873,0.00004034,25.00000000,0
1531175111400,1531175111398,2373874,0.00004034,719.00000000,0
1531175121951,1531175121949,2373875,0.00004039,25.00000000,0
1531175145499,1531175145497,2373876,0.00004038,26.00000000,0
1531175158633,1531175158631,2373877,0.00004040,25.00000000,0
1531175215927,1531175215925,2373878,0.00004026,276.00000000,1
1531175216168,1531175216166,2373879,0.00004025,1653.00000000,1
1531175216168,1531175216166,2373880,0.00004024,2274.00000000,1
1531175216168,1531175216166,2373881,0.00004023,198.00000000,1
1531175216168,1531175216166,2373882,0.00004018,3390.00000000,1
1531175218580,1531175218578,2373883,0.00004015,16634.00000000,1
1531175220674,1531175220672,2373884,0.00004012,606.00000000,1
1531175221523,1531175221522,2373885,0.00004010,199.00000000,1
1531175223723,1531175223722,2373886,0.00004008,25.00000000,1
1531175225479,1531175225478,2373887,0.00004015,2958.00000000,1
1531175226498,1531175226494,2373888,0.00004000,111.00000000,1
1531175227735,1531175227733,2373889,0.00003999,199.00000000,1
1531175227735,1531175227733,2373890,0.00003998,163.00000000,1
1531175229488,1531175229486,2373891,0.00003997,704.00000000,1
1531175231719,1531175231717,2373892,0.00003996,542.00000000,1
1531175232293,1531175232290,2373893,0.00004014,236.00000000,0
1531175238623,1531175238622,2373894,0.00004014,12.00000000,1
1531175284483,1531175284481,2373895,0.00003996,225.00000000,1
1531175285584,1531175285583,2373896,0.00003998,149.00000000,0
1531175300135,1531175300132,2373897,0.00003998,37.00000000,0
1531175312701,1531175312699,2373898,0.00003998,25.00000000,0
1531175313372,1531175313369,2373899,0.00003991,420.00000000,1
1531175329353,1531175329351,2373900,0.00003991,581.00000000,1
1531175336534,1531175336533,2373901,0.00003991,18.00000000,0
1531175336534,1531175336533,2373902,0.00003998,74.00000000,0
1531175336534,1531175336533,2373903,0.00003999,108.00000000,0
1531175348205,1531175348203,2373904,0.00003999,75.00000000,0
1531175387408,1531175387406,2373905,0.00003989,1114.00000000,1
1531175443195,1531175443192,2373906,0.00003989,507.00000000,1
1531175443195,1531175443192,2373907,0.00003985,309.00000000,1
1531175443195,1531175443192,2373908,0.00003980,251.00000000,1
1531175443195,1531175443192,2373909,0.00003978,433.00000000,1
