event_time,trade_time,trade_id,price,quantity,maker
1531160342423,1531160342420,1602161,0.00007430,5.00000000,0
1531160636840,1531160636836,1602162,0.00007430,15.00000000,1
1531160636840,1531160636836,1602163,0.00007421,24.00000000,1
1531160682969,1531160682968,1602164,0.00007452,50.00000000,0
1531160711337,1531160711335,1602165,0.00007452,16.00000000,1
1531160763737,1531160763733,1602166,0.00007452,159.00000000,1
1531160765479,1531160765476,1602167,0.00007452,150.00000000,0
1531160773396,1531160773391,1602168,0.00007452,29.00000000,0
1531160790355,1531160790352,1602169,0.00007439,30.00000000,1
1531161008310,1531161008306,1602170,0.00007440,617.00000000,1
1531161213253,1531161213251,1602171,0.00007439,16.00000000,1
1531161276508,1531161276505,1602172,0.00007439,20.00000000,1
1531161311797,1531161311793,1602173,0.00007440,1074.00000000,0
1531161367042,1531161367038,1602174,0.00007439,1074.00000000,1
1531161399709,1531161399705,1602175,0.00007439,34.00000000,1
1531161414243,1531161414237,1602176,0.00007439,35.00000000,1
1531161414319,1531161414313,1602177,0.00007425,112.00000000,1
1531161414319,1531161414313,1602178,0.00007417,145.00000000,1
1531161414319,1531161414313,1602179,0.00007407,75.00000000,1
1531161414319,1531161414313,1602180,0.00007383,173.00000000,1
1531161414319,1531161414313,1602181,0.00007375,410.00000000,1
1531161414319,1531161414313,1602182,0.00007366,52.00000000,1
1531161414319,1531161414313,1602183,0.00007365,151.00000000,1
1531161422342,1531161422338,1602184,0.00007412,80.00000000,1
1531161422342,1531161422338,1602185,0.00007408,59.00000000,1
1531161434713,1531161434709,1602186,0.00007410,32.00000000,1
1531161477090,1531161477087,1602187,0.00007410,57.00000000,1
1531161477090,1531161477087,1602188,0.00007408,42.00000000,1
1531161506946,1531161506946,1602189,0.00007408,11.00000000,1
1531161506987,1531161506982,1602190,0.00007408,99.00000000,0
1531161506998,1531161506992,1602191,0.00007408,90.00000000,0
1531161511189,1531161511184,1602192,0.00007370,80.00000000,1
1531161511189,1531161511184,1602193,0.00007366,58.00000000,1
1531161511564,1531161511560,1602194,0.00007366,139.00000000,1
1531161511906,1531161511902,1602195,0.00007370,113.00000000,1
1531161511906,1531161511902,1602196,0.00007366,25.00000000,1
1531161511974,1531161511970,1602197,0.00007366,137.00000000,1
1531161512152,1531161512147,1602198,0.00007366,138.00000000,1
1531161537906,1531161537901,1602199,0.00007366,373.00000000,1
1531161537954,1531161537950,1602200,0.00007366,14.00000000,0
1531161537980,1531161537975,1602201,0.00007366,96.00000000,0
1531161538003,1531161537999,1602202,0.00007366,95.00000000,0
1531161538858,1531161538854,1602203,0.00007366,96.00000000,0
1531161538877,1531161538873,1602204,0.00007366,389.00000000,0
1531161539058,1531161539055,1602205,0.00007366,403.00000000,0
1531161551486,1531161551482,1602206,0.00007434,29.00000000,0
1531161671569,1531161671564,1602207,0.00007368,1346.00000000,1
1531161671569,1531161671564,1602208,0.00007367,16.00000000,1
1531161671586,1531161671582,1602209,0.00007366,295.00000000,0
1531161671598,1531161671593,1602210,0.00007366,295.00000000,0
1531161671609,1531161671605,1602211,0.00007366,264.00000000,0
1531161671620,1531161671615,1602212,0.00007364,33.00000000,1
1531161671625,1531161671622,1602213,0.00007364,32.00000000,1
1531161671645,1531161671640,1602214,0.00007364,123.00000000,1
1531161674724,1531161674721,1602215,0.00007364,264.00000000,1
1531161702171,1531161702167,1602216,0.00007366,1.00000000,0
1531161954310,1531161954305,1602217,0.00007366,155.00000000,1
1531161954985,1531161954984,1602218,0.00007366,28.00000000,1
1531161956983,1531161956978,1602219,0.00007380,113.00000000,0
1531161981557,1531161981552,1602220,0.00007367,26.00000000,1
1531161982263,1531161982258,1602221,0.00007406,16.00000000,0
1531161982263,1531161982258,1602222,0.00007431,4.00000000,0
1531161993878,1531161993874,1602223,0.00007425,2.00000000,0
1531161999904,1531161999901,1602224,0.00007409,3.00000000,0
1531162002212,1531162002208,1602225,0.00007379,20.00000000,1
1531162003178,1531162003173,1602226,0.00007379,20.00000000,1
1531162057368,1531162057364,1602227,0.00007379,73.00000000,1
1531162057368,1531162057364,1602228,0.00007366,81.00000000,1
1531162057368,1531162057364,1602229,0.00007360,581.00000000,1
1531162058362,1531162058360,1602230,0.00007360,1.00000000,1
1531162067408,1531162067403,1602231,0.00007365,113.00000000,1
1531162067408,1531162067403,1602232,0.00007360,623.00000000,1
1531162096400,1531162096396,1602233,0.00007389,619.00000000,0
1531162250043,1531162250039,1602234,0.00007380,45.00000000,0
1531162258486,1531162258482,1602235,0.00007380,44.00000000,0
1531162258486,1531162258482,1602236,0.00007388,1.00000000,0
1531162290315,1531162290310,1602237,0.00007388,135.00000000,0
1531162373841,1531162373837,1602238,0.00007388,169.00000000,0
1531162418887,1531162418882,1602239,0.00007388,100.00000000,0
1531162458760,1531162458755,1602240,0.00007388,277.00000000,0
1531162458997,1531162458993,1602241,0.00007388,142.00000000,1
1531162509998,1531162509993,1602242,0.00007388,72.00000000,1
1531162792588,1531162792581,1602243,0.00007389,46.00000000,0
1531162799114,1531162799110,1602244,0.00007389,23.00000000,0
1531162817344,1531162817339,1602245,0.00007361,26.00000000,1
1531163423497,1531163423492,1602246,0.00007361,44.00000000,1
1531163426624,1531163426618,1602247,0.00007361,355.00000000,1
1531163452999,1531163452996,1602248,0.00007388,44.00000000,0
1531163452999,1531163452996,1602249,0.00007389,91.00000000,0
1531163680474,1531163680468,1602250,0.00007389,4.00000000,0
1531163962884,1531163962879,1602251,0.00007389,800.00000000,0
1531164218139,1531164218135,1602252,0.00007394,64.00000000,0
1531164319974,1531164319968,1602253,0.00007394,29.00000000,0
1531164457864,1531164457858,1602254,0.00007394,14.00000000,0
1531164653664,1531164653658,1602255,0.00007394,5.00000000,0
1531164692689,1531164692683,1602256,0.00007402,112.00000000,1
1531164692689,1531164692683,1602257,0.00007394,39.00000000,1
1531165037056,1531165037050,1602258,0.00007431,111.00000000,0
1531165037078,1531165037073,1602259,0.00007431,96.00000000,1
1531165037107,1531165037101,1602260,0.00007431,4.00000000,1
1531165100793,1531165100786,1602261,0.00007403,45.00000000,1
1531165106735,1531165106729,1602262,0.00007430,45.00000000,0
1531165107319,1531165107314,1602263,0.00007430,189.00000000,1
1531165114347,1531165114341,1602264,0.00007431,33.00000000,0
1531165114347,1531165114341,1602265,0.00007439,185.00000000,0
1531165246415,1531165246411,1602266,0.00007429,112.00000000,0
1531165396570,1531165396565,1602267,0.00007429,24.00000000,1
1531165705877,1531165705871,1602268,0.00007429,47.00000000,1
1531165727260,1531165727253,1602269,0.00007419,112.00000000,1
1531165727260,1531165727253,1602270,0.00007395,100.00000000,1
1531165727260,1531165727253,1602271,0.00007362,37.00000000,1
1531165756383,1531165756378,1602272,0.00007389,42.00000000,0
1531165838958,1531165838952,1602273,0.00007429,113.00000000,0
1531165838958,1531165838952,1602274,0.00007437,21.00000000,0
1531165942188,1531165942184,1602275,0.00007413,84.00000000,1
1531166014641,1531166014635,1602276,0.00007395,112.00000000,1
1531166014641,1531166014635,1602277,0.00007371,340.00000000,1
1531166327230,1531166327223,1602278,0.00007376,93.00000000,1
1531166327230,1531166327223,1602279,0.00007371,500.00000000,1
1531166327255,1531166327254,1602280,0.00007371,90.00000000,0
1531166327255,1531166327254,1602281,0.00007371,116.00000000,0
1531166327259,1531166327254,1602282,0.00007371,90.00000000,0
1531166328203,1531166328199,1602283,0.00007361,131.00000000,1
1531166382567,1531166382561,1602284,0.00007361,915.00000000,1
1531166409826,1531166409820,1602285,0.00007360,680.00000000,1
1531166421785,1531166421779,1602286,0.00007360,1762.00000000,1
1531166502814,1531166502808,1602287,0.00007381,113.00000000,0
1531166502814,1531166502808,1602288,0.00007406,377.00000000,0
1531166502814,1531166502808,1602289,0.00007436,182.00000000,0
1531166589115,1531166589109,1602290,0.00007423,423.00000000,0
1531166615830,1531166615824,1602291,0.00007423,128.00000000,0
1531166615866,1531166615860,1602292,0.00007423,95.00000000,1
1531166615884,1531166615878,1602293,0.00007423,1.00000000,1
1531166615884,1531166615878,1602294,0.00007393,10.00000000,1
1531166774975,1531166774968,1602295,0.00007433,84.00000000,0
1531166941936,1531166941929,1602296,0.00007433,929.00000000,1
1531166945449,1531166945444,1602297,0.00007433,134.00000000,0
1531167087918,1531167087912,1602298,0.00007419,112.00000000,1
1531167160438,1531167160432,1602299,0.00007433,332.00000000,0
1531167160453,1531167160447,1602300,0.00007433,122.00000000,1
1531167160467,1531167160460,1602301,0.00007365,34.00000000,1
1531167160467,1531167160460,1602302,0.00007362,41.00000000,1
1531167160467,1531167160460,1602303,0.00007361,47.00000000,1
1531167294105,1531167294098,1602304,0.00007371,87.00000000,1
1531167294105,1531167294098,1602305,0.00007363,367.00000000,1
1531167316904,1531167316897,1602306,0.00007434,36.00000000,0
1531167316904,1531167316897,1602307,0.00007435,87.00000000,0
1531167316904,1531167316897,1602308,0.00007437,11.00000000,0
1531167426435,1531167426429,1602309,0.00007437,28.00000000,0
1531167589185,1531167589183,1602310,0.00007435,134.00000000,0
1531167989183,1531167989178,1602311,0.00007432,333.00000000,0
1531167989183,1531167989178,1602312,0.00007434,412.00000000,0
1531168091451,1531168091446,1602313,0.00007396,88.00000000,1
1531168152054,1531168152049,1602314,0.00007396,20.00000000,1
1531168187347,1531168187348,1602315,0.00007364,2.00000000,1
1531168392463,1531168392457,1602316,0.00007365,52.00000000,1
1531168532477,1531168532471,1602317,0.00007365,27.00000000,1
1531168573113,1531168573107,1602318,0.00007365,357.00000000,1
1531168573113,1531168573107,1602319,0.00007362,216.00000000,1
1531168573113,1531168573107,1602320,0.00007361,453.00000000,1
1531168629526,1531168629520,1602321,0.00007361,81.00000000,1
1531168743539,1531168743534,1602322,0.00007361,325.00000000,1
1531168743734,1531168743732,1602323,0.00007360,325.00000000,1
1531168763452,1531168763448,1602324,0.00007387,108.00000000,0
1531168763512,1531168763508,1602325,0.00007396,63.00000000,0
1531168763519,1531168763512,1602326,0.00007396,171.00000000,0
1531168763519,1531168763514,1602327,0.00007396,63.00000000,0
1531168875210,1531168875203,1602328,0.00007396,37.00000000,0
1531168966748,1531168966741,1602329,0.00007360,63.00000000,1
1531169114429,1531169114424,1602330,0.00007396,87.00000000,0
1531169154722,1531169154717,1602331,0.00007360,967.00000000,1
1531169911616,1531169911609,1602332,0.00007362,141.00000000,1
1531169911616,1531169911609,1602333,0.00007361,292.00000000,1
1531169911616,1531169911609,1602334,0.00007360,1805.00000000,1
1531169911616,1531169911609,1602335,0.00007351,109.00000000,1
1531169911616,1531169911609,1602336,0.00007326,82.00000000,1
1531169911616,1531169911609,1602337,0.00007315,36.00000000,1
1531169911616,1531169911609,1602338,0.00007300,15.00000000,1
1531169911616,1531169911609,1602339,0.00007296,81.00000000,1
1531169911616,1531169911609,1602340,0.00007290,509.00000000,1
1531169911639,1531169911637,1602341,0.00007300,74.00000000,0
1531169911658,1531169911653,1602342,0.00007396,74.00000000,0
1531169911663,1531169911659,1602343,0.00007292,74.00000000,1
1531169912010,1531169912004,1602344,0.00007319,116.00000000,0
1531169912077,1531169912074,1602345,0.00007319,314.00000000,0
1531169912089,1531169912084,1602346,0.00007319,65.00000000,0
1531169912636,1531169912632,1602347,0.00007319,14.00000000,0
1531169913655,1531169913650,1602348,0.00007322,99.00000000,0
1531169914799,1531169914793,1602349,0.00007304,27.00000000,0
1531169914932,1531169914927,1602350,0.00007304,53.00000000,0
1531169976224,1531169976217,1602351,0.00007322,10.00000000,0
1531169982773,1531169982769,1602352,0.00007333,64.00000000,1
1531170006361,1531170006356,1602353,0.00007370,40.00000000,0
1531170111340,1531170111337,1602354,0.00007333,16.00000000,1
1531170115341,1531170115334,1602355,0.00007333,29.00000000,1
1531170116526,1531170116520,1602356,0.00007289,62.00000000,1
1531170119306,1531170119301,1602357,0.00007288,43.00000000,1
1531170322990,1531170322986,1602358,0.00007351,77.00000000,1
1531170370696,1531170370694,1602359,0.00007350,1.00000000,1
1531170370765,1531170370760,1602360,0.00007350,23.00000000,1
1531170650684,1531170650679,1602361,0.00007350,4.00000000,1
1531170655515,1531170655509,1602362,0.00007327,109.00000000,1
1531170655515,1531170655509,1602363,0.00007269,20.00000000,1
1531170655515,1531170655509,1602364,0.00007268,17.00000000,1
1531170655515,1531170655509,1602365,0.00007265,68.00000000,1
1531170655515,1531170655509,1602366,0.00007264,671.00000000,1
1531170656016,1531170656013,1602367,0.00007293,155.00000000,0
1531170657026,1531170657022,1602368,0.00007293,2.00000000,0
1531170658292,1531170658289,1602369,0.00007286,411.00000000,0
1531170659168,1531170659163,1602370,0.00007286,11.00000000,0
1531170661002,1531170660995,1602371,0.00007279,92.00000000,0
1531170661026,1531170661020,1602372,0.00007286,40.00000000,0
1531170661043,1531170661038,1602373,0.00007286,5.00000000,0
1531170913071,1531170913065,1602374,0.00007292,76.00000000,0
1531171452254,1531171452249,1602375,0.00007291,107.00000000,1
1531171455451,1531171455446,1602376,0.00007265,1.00000000,1
1531171540213,1531171540211,1602377,0.00007291,43.00000000,0
1531171540213,1531171540211,1602378,0.00007293,48.00000000,0
1531171540230,1531171540226,1602379,0.00007293,90.00000000,0
1531171545159,1531171545155,1602380,0.00007296,65.00000000,0
1531171545237,1531171545232,1602381,0.00007296,44.00000000,0
1531171545618,1531171545615,1602382,0.00007298,16.00000000,0
1531171572967,1531171572963,1602383,0.00007298,74.00000000,0
1531171594953,1531171594949,1602384,0.00007298,44.00000000,1
1531171715758,1531171715755,1602385,0.00007301,68.00000000,0
1531171718057,1531171718052,1602386,0.00007304,17.00000000,0
1531171733898,1531171733892,1602387,0.00007320,20.00000000,0
1531171733926,1531171733923,1602388,0.00007320,54.00000000,1
1531171757758,1531171757752,1602389,0.00007329,26.00000000,0
1531171757758,1531171757752,1602390,0.00007330,15.00000000,0
1531171758862,1531171758857,1602391,0.00007330,38.00000000,0
1531171828179,1531171828175,1602392,0.00007303,80.00000000,1
1531171967592,1531171967587,1602393,0.00007308,297.00000000,1
1531172524382,1531172524379,1602394,0.00007330,48.00000000,0
1531172784269,1531172784265,1602395,0.00007313,313.00000000,1
1531173056454,1531173056452,1602396,0.00007313,678.00000000,1
1531173056454,1531173056452,1602397,0.00007308,109.00000000,1
1531173184442,1531173184439,1602398,0.00007299,142.00000000,1
1531173227580,1531173227577,1602399,0.00007298,62.00000000,1
1531173523586,1531173523583,1602400,0.00007299,86.00000000,1
1531173920299,1531173920298,1602401,0.00007318,109.00000000,0
1531173937162,1531173937159,1602402,0.00007317,1.00000000,1
1531173939237,1531173939232,1602403,0.00007316,1.00000000,1
1531174061211,1531174061209,1602404,0.00007319,1.00000000,1
1531174065202,1531174065199,1602405,0.00007314,1.00000000,1
1531174242408,1531174242407,1602406,0.00007315,74.00000000,1
1531174245576,1531174245573,1602407,0.00007314,74.00000000,1
1531174246959,1531174246956,1602408,0.00007314,93.00000000,1
1531174248109,1531174248106,1602409,0.00007314,4.00000000,1
1531174248109,1531174248106,1602410,0.00007300,100.00000000,1
1531174248109,1531174248106,1602411,0.00007298,80.00000000,1
1531174254449,1531174254447,1602412,0.00007301,109.00000000,1
1531174255012,1531174255009,1602413,0.00007298,33.00000000,1
1531174255655,1531174255653,1602414,0.00007298,273.00000000,1
1531174362400,1531174362397,1602415,0.00007298,120.00000000,1
1531174362400,1531174362397,1602416,0.00007268,22.00000000,1
1531174367352,1531174367349,1602417,0.00007270,12.00000000,1
1531174408146,1531174408144,1602418,0.00007307,104.00000000,0
1531174630799,1531174630797,1602419,0.00007312,90.00000000,0
1531174835005,1531174835004,1602420,0.00007312,89.00000000,0
1531174835538,1531174835537,1602421,0.00007312,51.00000000,1
1531175323324,1531175323321,1602422,0.00007281,37.00000000,1
1531175323324,1531175323321,1602423,0.00007279,110.00000000,1
1531175323324,1531175323321,1602424,0.00007256,597.00000000,1
1531175995116,1531175995114,1602425,0.00007287,3.00000000,1
1531176048940,1531176048939,1602426,0.00007306,16.00000000,0
1531176236628,1531176236627,1602427,0.00007278,149.00000000,1
1531176236629,1531176236627,1602428,0.00007277,51.00000000,1
1531176263797,1531176263792,1602429,0.00007306,93.00000000,0
1531176263797,1531176263792,1602430,0.00007341,836.00000000,0
1531176263797,1531176263792,1602431,0.00007346,677.00000000,0
1531176263797,1531176263792,1602432,0.00007360,383.00000000,0
1531176263797,1531176263792,1602433,0.00007369,383.00000000,0
1531176263797,1531176263792,1602434,0.00007378,74.00000000,0
1531176263797,1531176263792,1602435,0.00007380,57.00000000,0
1531176263797,1531176263792,1602436,0.00007381,81.00000000,0
1531176263797,1531176263792,1602437,0.00007433,521.00000000,0
1531176263797,1531176263792,1602438,0.00007435,234.00000000,0
1531176263797,1531176263792,1602439,0.00007436,100.00000000,0
1531176263797,1531176263792,1602440,0.00007438,100.00000000,0
1531176263797,1531176263792,1602441,0.00007440,457.00000000,0
1531176263797,1531176263792,1602442,0.00007450,4.00000000,0
1531176265247,1531176265246,1602443,0.00007328,15.00000000,1
1531176303713,1531176303711,1602444,0.00007326,109.00000000,1
1531176423073,1531176423072,1602445,0.00007318,500.00000000,0
1531176443005,1531176443003,1602446,0.00007286,40.00000000,1
1531176444430,1531176444430,1602447,0.00007318,136.00000000,0
1531176451644,1531176451643,1602448,0.00007317,37.00000000,0
1531176548644,1531176548643,1602449,0.00007317,279.00000000,0
1531176600154,1531176600153,1602450,0.00007317,44.00000000,0
1531176723508,1531176723507,1602451,0.00007317,210.00000000,0
1531176789448,1531176789446,1602452,0.00007317,18.00000000,0
1531176922125,1531176922123,1602453,0.00007317,4.00000000,0
1531176944441,1531176944440,1602454,0.00007317,1.00000000,0
1531176999670,1531176999669,1602455,0.00007317,159.00000000,0
1531177023642,1531177023639,1602456,0.00007319,109.00000000,0
1531177132414,1531177132411,1602457,0.00007314,89.00000000,1
1531177620574,1531177620575,1602458,0.00007344,109.00000000,0
1531177890657,1531177890657,1602459,0.00007308,8.00000000,1
1531178022558,1531178022560,1602460,0.00007350,15.00000000,0
1531178117689,1531178117691,1602461,0.00007350,9.00000000,0
1531178306329,1531178306331,1602462,0.00007308,1.00000000,1
1531178382418,1531178382422,1602463,0.00007309,34.00000000,1
1531178382418,1531178382422,1602464,0.00007308,6.00000000,1
1531178583254,1531178583259,1602465,0.00007354,6.00000000,0
1531178646388,1531178646391,1602466,0.00007354,84.00000000,0
1531178646389,1531178646391,1602467,0.00007355,108.00000000,0
1531178646389,1531178646391,1602468,0.00007361,109.00000000,0
1531178646389,1531178646391,1602469,0.00007417,44.00000000,0
1531178646389,1531178646391,1602470,0.00007450,22.00000000,0
1531178646389,1531178646391,1602471,0.00007470,301.00000000,0
1531178654106,1531178654111,1602472,0.00007374,137.00000000,1
1531178654174,1531178654178,1602473,0.00007374,99.00000000,1
1531178654319,1531178654324,1602474,0.00007374,68.00000000,1
1531178659621,1531178659626,1602475,0.00007410,13.00000000,0
1531178665327,1531178665330,1602476,0.00007326,13.00000000,1
1531178675097,1531178675102,1602477,0.00007332,94.00000000,1
1531178678268,1531178678274,1602478,0.00007333,258.00000000,1
1531178678268,1531178678274,1602479,0.00007332,15.00000000,1
1531178682563,1531178682568,1602480,0.00007310,31.00000000,1
1531178731209,1531178731214,1602481,0.00007324,109.00000000,1
1531178731209,1531178731214,1602482,0.00007312,21.00000000,1
1531178944390,1531178944394,1602483,0.00007357,65.00000000,0
1531178944390,1531178944394,1602484,0.00007358,70.00000000,0
1531179003695,1531179003700,1602485,0.00007326,9.00000000,1
1531179249496,1531179249499,1602486,0.00007326,61.00000000,1
1531179249496,1531179249499,1602487,0.00007317,727.00000000,1
1531179266430,1531179266437,1602488,0.00007316,146.00000000,1
1531179314686,1531179314692,1602489,0.00007316,5.00000000,1
1531179418886,1531179418892,1602490,0.00007286,188.00000000,1
1531179526443,1531179526447,1602491,0.00007299,109.00000000,1
1531179526443,1531179526447,1602492,0.00007281,347.00000000,1
1531179526443,1531179526447,1602493,0.00007277,211.00000000,1
1531179594482,1531179594488,1602494,0.00007316,109.00000000,0
1531179594482,1531179594488,1602495,0.00007317,27.00000000,0
1531179723105,1531179723112,1602496,0.00007280,20.00000000,1
1531179725181,1531179725187,1602497,0.00007280,21.00000000,1
1531179728179,1531179728183,1602498,0.00007280,21.00000000,1
1531179730203,1531179730209,1602499,0.00007280,20.00000000,1
1531179730935,1531179730941,1602500,0.00007296,320.00000000,0
1531179737417,1531179737422,1602501,0.00007281,22.00000000,1
1531179739298,1531179739305,1602502,0.00007320,40.00000000,1
1531179739348,1531179739353,1602503,0.00007320,568.00000000,1
1531179740749,1531179740755,1602504,0.00007281,29.00000000,1
1531179857740,1531179857747,1602505,0.00007309,7.00000000,0
1531180029598,1531180029605,1602506,0.00007284,9.00000000,1
1531180051509,1531180051515,1602507,0.00007309,7.00000000,0
1531180081293,1531180081300,1602508,0.00007282,34.00000000,1
1531180235743,1531180235748,1602509,0.00007283,63.00000000,1
1531180266388,1531180266395,1602510,0.00007282,29.00000000,1
1531180268129,1531180268136,1602511,0.00007282,31.00000000,1
1531180270877,1531180270884,1602512,0.00007282,16.00000000,1
1531180270877,1531180270884,1602513,0.00007269,1.00000000,1
1531180276587,1531180276594,1602514,0.00007269,13.00000000,1
1531180280789,1531180280796,1602515,0.00007257,180.00000000,1
1531180280789,1531180280796,1602516,0.00007256,415.00000000,1
1531180315010,1531180315016,1602517,0.00007281,15.00000000,0
1531180556599,1531180556606,1602518,0.00007256,86.00000000,1
1531180651525,1531180651532,1602519,0.00007256,1.00000000,1
1531180710780,1531180710785,1602520,0.00007281,59.00000000,0
1531180718321,1531180718329,1602521,0.00007281,4.00000000,0
1531180764658,1531180764662,1602522,0.00007281,32.00000000,0
1531180898434,1531180898441,1602523,0.00007276,2.00000000,1
1531181140059,1531181140063,1602524,0.00007277,81.00000000,1
1531181304009,1531181304015,1602525,0.00007277,27.00000000,1
1531181469529,1531181469533,1602526,0.00007287,40.00000000,0
1531181519710,1531181519713,1602527,0.00007287,274.00000000,0
1531181557122,1531181557125,1602528,0.00007277,6.00000000,1
1531182314615,1531182314617,1602529,0.00007287,2.00000000,0
1531182659963,1531182659964,1602530,0.00007277,35.00000000,1
1531182659963,1531182659964,1602531,0.00007264,110.00000000,1
1531182659963,1531182659964,1602532,0.00007256,798.00000000,1
1531182659963,1531182659964,1602533,0.00007255,75.00000000,1
1531182659963,1531182659964,1602534,0.00007251,500.00000000,1
1531182659983,1531182659986,1602535,0.00007251,70.00000000,0
1531182659992,1531182659996,1602536,0.00007251,70.00000000,0
1531182660024,1531182660026,1602537,0.00007251,99.00000000,0
1531182660054,1531182660055,1602538,0.00007251,70.00000000,0
1531182660059,1531182660059,1602539,0.00007251,70.00000000,0
1531182662313,1531182662315,1602540,0.00007251,20.00000000,0
1531182670172,1531182670175,1602541,0.00007250,15.00000000,1
1531182674648,1531182674651,1602542,0.00007247,21.00000000,1
1531182681437,1531182681441,1602543,0.00007244,163.00000000,0
1531182684390,1531182684392,1602544,0.00007242,35.00000000,0
1531182686002,1531182686003,1602545,0.00007230,224.00000000,1
1531182716798,1531182716799,1602546,0.00007242,317.00000000,0
1531182950256,1531182950257,1602547,0.00007230,283.00000000,1
1531182950256,1531182950257,1602548,0.00007212,992.00000000,1
1531182950256,1531182950257,1602549,0.00007210,23.00000000,1
1531182950256,1531182950257,1602550,0.00007209,99.00000000,1
1531182950256,1531182950257,1602551,0.00007206,73.00000000,1
1531182950256,1531182950257,1602552,0.00007205,1000.00000000,1
1531182950256,1531182950257,1602553,0.00007200,3686.00000000,1
1531182966074,1531182966074,1602554,0.00007202,155.00000000,1
1531182967109,1531182967111,1602555,0.00007202,15.00000000,1
1531183096411,1531183096412,1602556,0.00007222,1.00000000,0
1531183209351,1531183209350,1602557,0.00007221,2.00000000,0
1531183365860,1531183365860,1602558,0.00007221,26.00000000,0
1531183368868,1531183368868,1602559,0.00007222,57.00000000,0
1531183375759,1531183375759,1602560,0.00007201,263.00000000,1
1531183381569,1531183381567,1602561,0.00007201,1150.00000000,1
1531183457756,1531183457756,1602562,0.00007201,903.00000000,1
1531183457756,1531183457756,1602563,0.00007200,2722.00000000,1
1531183462361,1531183462361,1602564,0.00007201,86.00000000,0
1531183462816,1531183462813,1602565,0.00007201,179.00000000,0
1531183527271,1531183527270,1602566,0.00007201,131.00000000,0
1531183560869,1531183560868,1602567,0.00007200,147.00000000,1
1531183589152,1531183589150,1602568,0.00007200,20.00000000,1
1531183591635,1531183591635,1602569,0.00007200,849.00000000,1
1531183593378,1531183593376,1602570,0.00007200,1267.00000000,1
1531183609949,1531183609949,1602571,0.00007200,1017.00000000,1
1531183612389,1531183612388,1602572,0.00007200,84.00000000,1
1531183620695,1531183620695,1602573,0.00007200,759.00000000,1
1531183620701,1531183620702,1602574,0.00007200,444.00000000,1
1531183631392,1531183631390,1602575,0.00007200,232.00000000,1
1531183631763,1531183631763,1602576,0.00007200,461.00000000,1
1531183637740,1531183637740,1602577,0.00007200,70.00000000,1
1531183642103,1531183642103,1602578,0.00007200,35.00000000,1
1531183643369,1531183643368,1602579,0.00007200,400.00000000,1
1531183647311,1531183647310,1602580,0.00007200,70.00000000,1
1531183655890,1531183655889,1602581,0.00007200,407.00000000,1
1531183666961,1531183666960,1602582,0.00007200,416.00000000,1
1531183678879,1531183678878,1602583,0.00007200,300.00000000,1
1531183819862,1531183819861,1602584,0.00007200,55.00000000,1
1531183828885,1531183828883,1602585,0.00007201,65.00000000,0
1531183828939,1531183828938,1602586,0.00007201,94.00000000,0
1531183829299,1531183829297,1602587,0.00007201,51.00000000,0
1531183829301,1531183829299,1602588,0.00007201,111.00000000,0
1531183829465,1531183829463,1602589,0.00007201,67.00000000,0
1531183829853,1531183829851,1602590,0.00007218,51.00000000,0
1531183829853,1531183829851,1602591,0.00007219,111.00000000,0
1531183829853,1531183829851,1602592,0.00007223,14.00000000,0
1531183829853,1531183829851,1602593,0.00007237,73.00000000,0
1531183829853,1531183829851,1602594,0.00007238,445.00000000,0
1531183833708,1531183833708,1602595,0.00007237,3.00000000,0
1531184004399,1531184004397,1602596,0.00007229,22.00000000,0
1531184077216,1531184077214,1602597,0.00007225,22.00000000,0
1531184082258,1531184082256,1602598,0.00007204,7.00000000,1
1531184128635,1531184128633,1602599,0.00007238,1407.00000000,0
1531184128635,1531184128633,1602600,0.00007239,110.00000000,0
1531184128635,1531184128633,1602601,0.00007244,14.00000000,0
1531184128635,1531184128633,1602602,0.00007247,209.00000000,0
1531184128729,1531184128725,1602603,0.00007204,145.00000000,1
1531184128729,1531184128725,1602604,0.00007203,111.00000000,1
1531184128729,1531184128725,1602605,0.00007200,191.00000000,1
1531184128729,1531184128725,1602606,0.00007195,15.00000000,1
1531184128729,1531184128725,1602607,0.00007178,500.00000000,1
1531184128729,1531184128725,1602608,0.00007175,731.00000000,1
1531184130829,1531184130826,1602609,0.00007175,38.00000000,1
1531184130884,1531184130882,1602610,0.00007175,2.00000000,1
1531184131895,1531184131892,1602611,0.00007175,3.00000000,1
1531184140379,1531184140376,1602612,0.00007175,135.00000000,1
1531184155374,1531184155371,1602613,0.00007207,22.00000000,0
1531184160832,1531184160829,1602614,0.00007207,22.00000000,0
1531184166191,1531184166189,1602615,0.00007207,28.00000000,0
1531184170033,1531184170032,1602616,0.00007207,22.00000000,0
1531184234850,1531184234848,1602617,0.00007185,5.00000000,1
1531184236672,1531184236670,1602618,0.00007184,5.00000000,1
1531184311534,1531184311531,1602619,0.00007184,38.00000000,1
1531184311534,1531184311531,1602620,0.00007177,17.00000000,1
1531184311877,1531184311873,1602621,0.00007177,277.00000000,1
1531184313631,1531184313629,1602622,0.00007176,38.00000000,1
1531184316626,1531184316623,1602623,0.00007176,20.00000000,1
1531184318648,1531184318645,1602624,0.00007176,15.00000000,1
1531184318648,1531184318645,1602625,0.00007175,10.00000000,1
1531184318648,1531184318645,1602626,0.00007172,1122.00000000,1
1531184321225,1531184321222,1602627,0.00007159,3.00000000,1
1531184324967,1531184324963,1602628,0.00007177,55.00000000,0
1531184329210,1531184329207,1602629,0.00007194,53.00000000,0
1531184330307,1531184330305,1602630,0.00007194,22.00000000,0
1531184338657,1531184338653,1602631,0.00007194,22.00000000,0
1531184359281,1531184359278,1602632,0.00007159,15.00000000,1
1531184371986,1531184371984,1602633,0.00007159,93.00000000,1
1531184376767,1531184376763,1602634,0.00007159,601.00000000,0
1531184376767,1531184376763,1602635,0.00007180,14.00000000,0
1531184376767,1531184376763,1602636,0.00007194,14.00000000,0
1531184376767,1531184376763,1602637,0.00007247,314.00000000,0
1531184376767,1531184376763,1602638,0.00007284,453.00000000,0
1531184382306,1531184382304,1602639,0.00007214,37.00000000,1
1531184383877,1531184383874,1602640,0.00007194,18.00000000,1
1531184387316,1531184387313,1602641,0.00007189,347.00000000,1
1531184402765,1531184402763,1602642,0.00007192,92.00000000,1
1531184402765,1531184402763,1602643,0.00007191,23.00000000,1
1531184406587,1531184406582,1602644,0.00007191,88.00000000,1
1531184415553,1531184415551,1602645,0.00007193,31.00000000,0
1531184697235,1531184697230,1602646,0.00007195,3.00000000,0
1531184793650,1531184793645,1602647,0.00007171,25.00000000,1
1531184795578,1531184795572,1602648,0.00007171,20.00000000,1
1531184802571,1531184802567,1602649,0.00007172,315.00000000,1
1531184806558,1531184806553,1602650,0.00007173,1485.00000000,1
1531184807331,1531184807328,1602651,0.00007173,48.00000000,1
1531184809967,1531184809964,1602652,0.00007172,211.00000000,1
1531184812174,1531184812170,1602653,0.00007172,138.00000000,1
1531184812730,1531184812727,1602654,0.00007173,983.00000000,1
1531184814737,1531184814734,1602655,0.00007173,20.00000000,1
1531184816745,1531184816742,1602656,0.00007173,638.00000000,1
1531184818325,1531184818322,1602657,0.00007173,25.00000000,1
1531184818893,1531184818890,1602658,0.00007173,341.00000000,1
1531184823433,1531184823428,1602659,0.00007173,293.00000000,1
1531184825160,1531184825156,1602660,0.00007172,185.00000000,1
1531184826906,1531184826901,1602661,0.00007191,28.00000000,0
1531184826926,1531184826923,1602662,0.00007172,25.00000000,1
1531184828937,1531184828932,1602663,0.00007172,20.00000000,1
1531184830890,1531184830884,1602664,0.00007172,21.00000000,1
1531184834881,1531184834877,1602665,0.00007191,25.00000000,0
1531184837536,1531184837533,1602666,0.00007172,14.00000000,1
1531184837536,1531184837533,1602667,0.00007171,6.00000000,1
1531184839395,1531184839392,1602668,0.00007190,31.00000000,0
1531184840349,1531184840345,1602669,0.00007171,8.00000000,1
1531184871977,1531184871974,1602670,0.00007172,50.00000000,1
1531184873965,1531184873959,1602671,0.00007172,34.00000000,1
1531184876032,1531184876028,1602672,0.00007172,22.00000000,1
1531184877901,1531184877898,1602673,0.00007172,20.00000000,1
1531184882459,1531184882453,1602674,0.00007172,20.00000000,1
1531184883069,1531184883065,1602675,0.00007172,4.00000000,1
1531184883069,1531184883065,1602676,0.00007171,16.00000000,1
1531184928060,1531184928055,1602677,0.00007172,30.00000000,1
1531184960134,1531184960128,1602678,0.00007171,8.00000000,1
1531184960134,1531184960128,1602679,0.00007169,15.00000000,1
1531185175133,1531185175128,1602680,0.00007184,139.00000000,0
1531185569141,1531185569137,1602681,0.00007184,4.00000000,0
1531185871188,1531185871182,1602682,0.00007184,2.00000000,0
1531185921964,1531185921957,1602683,0.00007155,28.00000000,1
1531185922895,1531185922890,1602684,0.00007155,25.00000000,0
1531185922895,1531185922890,1602685,0.00007167,3.00000000,0
1531185991324,1531185991318,1602686,0.00007150,30.00000000,1
1531186053512,1531186053507,1602687,0.00007150,57.00000000,1
1531186055526,1531186055520,1602688,0.00007150,29.00000000,1
1531186102897,1531186102891,1602689,0.00007150,122.00000000,1
1531186102897,1531186102891,1602690,0.00007143,199.00000000,1
1531186102897,1531186102891,1602691,0.00007142,153.00000000,1
1531186107370,1531186107365,1602692,0.00007142,3.00000000,1
1531186115535,1531186115528,1602693,0.00007142,85.00000000,1
1531186226580,1531186226575,1602694,0.00007168,1.00000000,0
1531186412320,1531186412314,1602695,0.00007142,384.00000000,1
1531186417015,1531186417009,1602696,0.00007142,7.00000000,1
1531186424382,1531186424377,1602697,0.00007142,369.00000000,1
1531186435345,1531186435340,1602698,0.00007143,2.00000000,0
1531186540705,1531186540700,1602699,0.00007143,2.00000000,0
1531186580222,1531186580217,1602700,0.00007142,257.00000000,1
1531186580233,1531186580226,1602701,0.00007142,50.00000000,1
1531186802310,1531186802304,1602702,0.00007143,16.00000000,0
1531186806963,1531186806957,1602703,0.00007142,37.00000000,1
1531186807009,1531186807005,1602704,0.00007142,38.00000000,1
1531186808226,1531186808219,1602705,0.00007142,53.00000000,1
1531186809229,1531186809225,1602706,0.00007142,58.00000000,1
1531186811468,1531186811462,1602707,0.00007142,74.00000000,1
1531186847777,1531186847771,1602708,0.00007143,326.00000000,0
1531187147141,1531187147134,1602709,0.00007143,11.00000000,1
1531187148902,1531187148897,1602710,0.00007143,82.00000000,1
1531187206746,1531187206741,1602711,0.00007143,1.00000000,0
1531187492404,1531187492399,1602712,0.00007142,1.00000000,1
1531187776771,1531187776765,1602713,0.00007143,6.00000000,0
1531187798439,1531187798434,1602714,0.00007142,448.00000000,1
1531188129397,1531188129393,1602715,0.00007143,1.00000000,0
1531188387873,1531188387869,1602716,0.00007142,7.00000000,1
1531188417279,1531188417274,1602717,0.00007143,1.00000000,0
1531188454972,1531188454969,1602718,0.00007142,6.00000000,1
1531188658883,1531188658879,1602719,0.00007142,178.00000000,1
1531188688362,1531188688358,1602720,0.00007143,86.00000000,0
1531188689607,1531188689603,1602721,0.00007143,45.00000000,1
1531188705394,1531188705391,1602722,0.00007143,8.00000000,1
1531188705394,1531188705391,1602723,0.00007142,204.00000000,1
1531188706522,1531188706518,1602724,0.00007142,73.00000000,1
1531188706522,1531188706518,1602725,0.00007140,33.00000000,1
1531188708485,1531188708482,1602726,0.00007140,29.00000000,1
1531188710877,1531188710874,1602727,0.00007140,26.00000000,1
1531188712060,1531188712056,1602728,0.00007140,119.00000000,1
1531188714482,1531188714478,1602729,0.00007140,26.00000000,0
1531188716136,1531188716131,1602730,0.00007142,65.00000000,1
1531188716136,1531188716131,1602731,0.00007139,699.00000000,1
1531188716213,1531188716211,1602732,0.00007139,26.00000000,1
1531188731255,1531188731252,1602733,0.00007139,39.00000000,1
1531188731255,1531188731252,1602734,0.00007125,111.00000000,1
1531188733195,1531188733191,1602735,0.00007125,1.00000000,1
1531188733195,1531188733191,1602736,0.00007120,2.00000000,1
1531188740982,1531188740977,1602737,0.00007120,3.00000000,1
1531188741537,1531188741532,1602738,0.00007120,24.00000000,1
1531188741537,1531188741532,1602739,0.00007100,160.00000000,1
1531188743383,1531188743379,1602740,0.00007093,18.00000000,0
1531188744041,1531188744037,1602741,0.00007086,20.00000000,0
1531188744630,1531188744628,1602742,0.00007086,9.00000000,0
1531188744689,1531188744686,1602743,0.00007079,42.00000000,1
1531188744689,1531188744686,1602744,0.00007077,728.00000000,1
1531188744689,1531188744686,1602745,0.00007070,28.00000000,1
1531188744694,1531188744690,1602746,0.00007051,3.00000000,1
1531188744713,1531188744707,1602747,0.00007060,4.00000000,0
1531188744715,1531188744711,1602748,0.00007060,245.00000000,0
1531188744742,1531188744739,1602749,0.00007060,246.00000000,0
1531188745217,1531188745215,1602750,0.00007060,84.00000000,0
1531188745266,1531188745262,1602751,0.00007060,95.00000000,0
1531188745550,1531188745547,1602752,0.00007060,200.00000000,0
1531188745593,1531188745590,1602753,0.00007060,225.00000000,0
1531188745996,1531188745993,1602754,0.00007062,152.00000000,0
1531188745996,1531188745993,1602755,0.00007065,1349.00000000,0
1531188746080,1531188746076,1602756,0.00007062,37.00000000,1
1531188746193,1531188746190,1602757,0.00007065,1374.00000000,0
1531188746516,1531188746512,1602758,0.00007065,158.00000000,1
1531188746582,1531188746579,1602759,0.00007080,245.00000000,1
1531188747734,1531188747731,1602760,0.00007086,38.00000000,0
1531188749243,1531188749241,1602761,0.00007065,130.00000000,1
1531188749398,1531188749395,1602762,0.00007065,3.00000000,0
1531188749997,1531188749993,1602763,0.00007062,26.00000000,1
1531188750154,1531188750151,1602764,0.00007062,68.00000000,1
1531188750256,1531188750251,1602765,0.00007053,26.00000000,1
1531188750284,1531188750281,1602766,0.00007062,24.00000000,0
1531188750284,1531188750281,1602767,0.00007065,68.00000000,0
1531188750511,1531188750508,1602768,0.00007065,24.00000000,0
1531188750560,1531188750557,1602769,0.00007065,32.00000000,1
1531188750679,1531188750675,1602770,0.00007065,36.00000000,1
1531188750679,1531188750675,1602771,0.00007053,56.00000000,1
1531188751047,1531188751044,1602772,0.00007100,112.00000000,0
1531188751218,1531188751215,1602773,0.00007055,26.00000000,1
1531188752659,1531188752657,1602774,0.00007055,3.00000000,1
1531188752944,1531188752940,1602775,0.00007055,26.00000000,1
1531188756375,1531188756373,1602776,0.00007058,15.00000000,0
1531188758424,1531188758423,1602777,0.00007058,3.00000000,1
1531188764642,1531188764638,1602778,0.00007058,25.00000000,1
1531188765858,1531188765856,1602779,0.00007058,1288.00000000,1
1531188765858,1531188765856,1602780,0.00007052,638.00000000,1
1531188766273,1531188766269,1602781,0.00007052,780.00000000,1
1531188766273,1531188766269,1602782,0.00007051,27.00000000,1
1531188766273,1531188766269,1602783,0.00007049,113.00000000,1
1531188766273,1531188766269,1602784,0.00007047,192.00000000,1
1531188766273,1531188766269,1602785,0.00007029,797.00000000,1
1531188766964,1531188766961,1602786,0.00007031,185.00000000,1
1531188766964,1531188766961,1602787,0.00007029,70.00000000,1
1531188767005,1531188767002,1602788,0.00007029,113.00000000,1
1531188767005,1531188767002,1602789,0.00007022,21.00000000,1
1531188767039,1531188767035,1602790,0.00007023,50.00000000,0
1531188767429,1531188767425,1602791,0.00007023,135.00000000,1
1531188769296,1531188769292,1602792,0.00007024,182.00000000,1
1531188769296,1531188769292,1602793,0.00007023,64.00000000,1
1531188769296,1531188769292,1602794,0.00007022,121.00000000,1
1531188769296,1531188769292,1602795,0.00007013,85.00000000,1
1531188769296,1531188769292,1602796,0.00007012,284.00000000,1
1531188769296,1531188769292,1602797,0.00007002,84.00000000,1
1531188769296,1531188769292,1602798,0.00007001,75.00000000,1
1531188769296,1531188769292,1602799,0.00007000,778.00000000,1
1531188769296,1531188769292,1602800,0.00007000,125.00000000,1
1531188771207,1531188771205,1602801,0.00007001,27.00000000,1
1531188771522,1531188771518,1602802,0.00007034,79.00000000,0
1531188771626,1531188771622,1602803,0.00007034,1.00000000,0
1531188771626,1531188771622,1602804,0.00007048,39.00000000,0
1531188771660,1531188771656,1602805,0.00007048,42.00000000,0
1531188771660,1531188771656,1602806,0.00007061,74.00000000,0
1531188771680,1531188771678,1602807,0.00007061,39.00000000,1
1531188771759,1531188771756,1602808,0.00007047,81.00000000,0
1531188772683,1531188772680,1602809,0.00007034,84.00000000,0
1531188772727,1531188772722,1602810,0.00007033,55.00000000,0
1531188772727,1531188772722,1602811,0.00007034,103.00000000,0
1531188773001,1531188772997,1602812,0.00007034,9.00000000,0
1531188773553,1531188773550,1602813,0.00007037,20.00000000,0
1531188773747,1531188773744,1602814,0.00007034,70.00000000,1
1531188773950,1531188773948,1602815,0.00007020,102.00000000,0
1531188773968,1531188773964,1602816,0.00007006,3.00000000,1
1531188774342,1531188774338,1602817,0.00007020,33.00000000,0
1531188774389,1531188774385,1602818,0.00007034,89.00000000,0
1531188774584,1531188774581,1602819,0.00007034,47.00000000,0
1531188774683,1531188774681,1602820,0.00007034,25.00000000,0
1531188774750,1531188774747,1602821,0.00007034,113.00000000,0
1531188775515,1531188775512,1602822,0.00007034,36.00000000,0
1531188775951,1531188775946,1602823,0.00007032,48.00000000,0
1531188776381,1531188776377,1602824,0.00007030,39.00000000,0
1531188776580,1531188776577,1602825,0.00007030,42.00000000,0
1531188776874,1531188776870,1602826,0.00007030,38.00000000,0
1531188776961,1531188776958,1602827,0.00007023,297.00000000,0
1531188776961,1531188776958,1602828,0.00007030,717.00000000,0
1531188777580,1531188777577,1602829,0.00007029,178.00000000,0
1531188778131,1531188778129,1602830,0.00007029,382.00000000,0
1531188778196,1531188778192,1602831,0.00007029,38.00000000,0
1531188778201,1531188778197,1602832,0.00007029,607.00000000,0
1531188778646,1531188778643,1602833,0.00007029,82.00000000,1
1531188778840,1531188778837,1602834,0.00007029,27.00000000,1
1531188779700,1531188779697,1602835,0.00007029,26.00000000,1
1531188779783,1531188779779,1602836,0.00007030,178.00000000,0
1531188782290,1531188782286,1602837,0.00007029,1.00000000,1
1531188782290,1531188782286,1602838,0.00007020,13.00000000,1
1531188782290,1531188782286,1602839,0.00007007,41.00000000,1
1531188784210,1531188784207,1602840,0.00007020,15.00000000,0
1531188784281,1531188784278,1602841,0.00007007,3.00000000,1
1531188790759,1531188790755,1602842,0.00007007,3.00000000,1
1531188791115,1531188791113,1602843,0.00007037,18.00000000,0
1531188792799,1531188792794,1602844,0.00007007,218.00000000,1
1531188794037,1531188794034,1602845,0.00007007,121.00000000,1
1531188794538,1531188794535,1602846,0.00007007,128.00000000,1
1531188795276,1531188795274,1602847,0.00007007,134.00000000,1
1531188795639,1531188795637,1602848,0.00007005,134.00000000,1
1531188796077,1531188796074,1602849,0.00007005,134.00000000,1
1531188796136,1531188796134,1602850,0.00007037,22.00000000,0
1531188798414,1531188798410,1602851,0.00007034,16.00000000,0
1531188803746,1531188803742,1602852,0.00007033,214.00000000,0
1531188807778,1531188807775,1602853,0.00007033,16.00000000,0
1531188825008,1531188825004,1602854,0.00007005,135.00000000,1
1531189002619,1531189002616,1602855,0.00007020,1.00000000,0
1531189008320,1531189008316,1602856,0.00007020,109.00000000,0
1531189008320,1531189008316,1602857,0.00007031,33.00000000,0
1531189075124,1531189075123,1602858,0.00007027,6.00000000,0
1531189210308,1531189210308,1602859,0.00007024,38.00000000,1
1531189306021,1531189306018,1602860,0.00007005,10.00000000,1
1531189443433,1531189443431,1602861,0.00007025,109.00000000,0
1531189452971,1531189452969,1602862,0.00007005,44.00000000,1
1531189535095,1531189535094,1602863,0.00007005,39.00000000,1
1531189535095,1531189535094,1602864,0.00007000,210.00000000,1
1531189537539,1531189537536,1602865,0.00007000,419.00000000,1
1531189537577,1531189537575,1602866,0.00007000,80.00000000,1
1531189537617,1531189537616,1602867,0.00007000,474.00000000,1
1531189537868,1531189537865,1602868,0.00007011,5.00000000,0
1531189537912,1531189537909,1602869,0.00007011,10.00000000,0
1531189537986,1531189537983,1602870,0.00007000,135.00000000,1
1531189538036,1531189538033,1602871,0.00007011,2.00000000,0
1531189564746,1531189564744,1602872,0.00007011,2.00000000,0
1531189694189,1531189694186,1602873,0.00007000,82.00000000,1
1531189750628,1531189750626,1602874,0.00007000,16.00000000,1
1531189806702,1531189806697,1602875,0.00007011,8.00000000,0
1531189806702,1531189806697,1602876,0.00007023,114.00000000,0
1531189806702,1531189806697,1602877,0.00007033,270.00000000,0
1531189806702,1531189806697,1602878,0.00007034,140.00000000,0
1531189806702,1531189806697,1602879,0.00007040,15.00000000,0
1531189806702,1531189806697,1602880,0.00007041,15.00000000,0
1531189806702,1531189806697,1602881,0.00007070,84.00000000,0
1531189806702,1531189806697,1602882,0.00007075,68.00000000,0
1531189814567,1531189814564,1602883,0.00007068,832.00000000,0
1531189815021,1531189815018,1602884,0.00007006,62.00000000,1
1531189816540,1531189816536,1602885,0.00007019,37.00000000,1
1531189819045,1531189819042,1602886,0.00007019,62.00000000,1
1531189819302,1531189819298,1602887,0.00007019,15.00000000,1
1531189832983,1531189832980,1602888,0.00007012,11.00000000,0
1531189834890,1531189834888,1602889,0.00007012,62.00000000,1
1531189843064,1531189843064,1602890,0.00007012,47.00000000,1
1531189887902,1531189887900,1602891,0.00007030,2.00000000,0
1531190133177,1531190133174,1602892,0.00007034,1.00000000,0
1531190186679,1531190186678,1602893,0.00007028,59.00000000,0
1531190186679,1531190186678,1602894,0.00007029,61.00000000,0
1531190221158,1531190221157,1602895,0.00007034,2.00000000,0
1531190473371,1531190473369,1602896,0.00007035,1.00000000,0
1531190489175,1531190489171,1602897,0.00007001,486.00000000,1
1531190499292,1531190499288,1602898,0.00007035,15.00000000,0
1531190520158,1531190520156,1602899,0.00007034,1.00000000,0
1531190550890,1531190550886,1602900,0.00007000,377.00000000,1
1531190631526,1531190631523,1602901,0.00007000,164.00000000,1
1531190633695,1531190633693,1602902,0.00007035,16.00000000,0
1531190640911,1531190640905,1602903,0.00007001,20.00000000,1
1531190689410,1531190689409,1602904,0.00007030,1.00000000,0
1531190732500,1531190732497,1602905,0.00007000,214.00000000,1
1531190841537,1531190841535,1602906,0.00007000,49.00000000,1
1531190935783,1531190935780,1602907,0.00007000,91.00000000,1
1531190986335,1531190986333,1602908,0.00007000,99.00000000,1
1531190995683,1531190995679,1602909,0.00007000,886.00000000,1
1531191000276,1531191000274,1602910,0.00007022,18.00000000,0
1531191006544,1531191006541,1602911,0.00007000,60.00000000,1
1531191007299,1531191007296,1602912,0.00007000,61.00000000,1
1531191007382,1531191007379,1602913,0.00007000,269.00000000,1
1531191007620,1531191007616,1602914,0.00007000,1868.00000000,1
1531191007763,1531191007760,1602915,0.00007000,165.00000000,1
1531191008061,1531191008057,1602916,0.00007000,337.00000000,1
1531191008194,1531191008191,1602917,0.00007000,168.00000000,1
1531191008275,1531191008271,1602918,0.00007000,337.00000000,1
1531191010427,1531191010425,1602919,0.00007000,477.00000000,1
1531191047627,1531191047623,1602920,0.00007021,142.00000000,0
1531191048637,1531191048634,1602921,0.00007000,1.00000000,1
1531191076539,1531191076537,1602922,0.00007000,21.00000000,1
1531191139985,1531191139982,1602923,0.00007000,10.00000000,1
1531191260986,1531191260983,1602924,0.00007000,384.00000000,1
1531191327247,1531191327243,1602925,0.00007016,486.00000000,0
1531191327247,1531191327243,1602926,0.00007023,40.00000000,0
1531191327247,1531191327243,1602927,0.00007024,52.00000000,0
1531191540983,1531191540979,1602928,0.00007023,20.00000000,0
1531191543344,1531191543340,1602929,0.00007023,20.00000000,0
1531191572577,1531191572573,1602930,0.00007000,5.00000000,1
1531191642239,1531191642238,1602931,0.00007000,99.00000000,1
1531191643187,1531191643184,1602932,0.00007000,179.00000000,1
1531191646316,1531191646313,1602933,0.00007000,536.00000000,1
1531191651269,1531191651265,1602934,0.00007000,255.00000000,1
1531191654196,1531191654193,1602935,0.00006999,46.00000000,1
1531191655648,1531191655646,1602936,0.00006999,23.00000000,1
1531191655714,1531191655707,1602937,0.00006999,931.00000000,1
1531191655714,1531191655707,1602938,0.00006996,300.00000000,1
1531191655714,1531191655707,1602939,0.00006990,114.00000000,1
1531191655714,1531191655707,1602940,0.00006983,30.00000000,1
1531191655714,1531191655707,1602941,0.00006980,120.00000000,1
1531191655714,1531191655707,1602942,0.00006956,85.00000000,1
1531191655714,1531191655707,1602943,0.00006950,1132.00000000,1
1531191655714,1531191655707,1602944,0.00006950,775.00000000,1
1531191657872,1531191657867,1602945,0.00006952,3.00000000,1
1531191658111,1531191658107,1602946,0.00006952,1.00000000,1
1531191662004,1531191662002,1602947,0.00006969,27.00000000,0
1531191662004,1531191662002,1602948,0.00006983,74.00000000,0
1531191662004,1531191662002,1602949,0.00006986,114.00000000,0
1531191670603,1531191670600,1602950,0.00006958,3.00000000,1
1531191673953,1531191673949,1602951,0.00006959,278.00000000,0
1531191673958,1531191673954,1602952,0.00006959,278.00000000,0
1531191673963,1531191673960,1602953,0.00006959,158.00000000,0
1531191674019,1531191674017,1602954,0.00006959,120.00000000,1
1531191674019,1531191674017,1602955,0.00006958,12.00000000,1
1531191675088,1531191675084,1602956,0.00006959,75.00000000,1
1531191677291,1531191677286,1602957,0.00006958,38.00000000,1
1531191677291,1531191677286,1602958,0.00006957,45.00000000,1
1531191677611,1531191677608,1602959,0.00006957,70.00000000,1
1531191677611,1531191677608,1602960,0.00006956,50.00000000,1
1531191683245,1531191683241,1602961,0.00006956,34.00000000,1
1531191683245,1531191683241,1602962,0.00006950,99.00000000,1
1531191693612,1531191693609,1602963,0.00006950,15.00000000,1
1531191705475,1531191705473,1602964,0.00006950,134.00000000,1
1531191705902,1531191705898,1602965,0.00006950,136.00000000,1
1531191711540,1531191711536,1602966,0.00006956,84.00000000,1
1531191711540,1531191711536,1602967,0.00006950,52.00000000,1
1531191712334,1531191712330,1602968,0.00006950,15.00000000,1
1531191713024,1531191713021,1602969,0.00006950,22.00000000,1
1531191717285,1531191717280,1602970,0.00006957,38.00000000,0
1531191717285,1531191717280,1602971,0.00006958,67.00000000,0
1531191717285,1531191717280,1602972,0.00006968,15.00000000,0
1531191717285,1531191717280,1602973,0.00006969,28.00000000,0
1531191717285,1531191717280,1602974,0.00006971,15.00000000,0
1531191717285,1531191717280,1602975,0.00006977,76.00000000,0
1531191853089,1531191853086,1602976,0.00006977,3.00000000,0
1531191870457,1531191870452,1602977,0.00006950,111.00000000,1
1531191944748,1531191944744,1602978,0.00006950,23.00000000,1
1531192053072,1531192053070,1602979,0.00006977,1.00000000,0
1531192209409,1531192209404,1602980,0.00006950,62.00000000,1
1531192312799,1531192312796,1602981,0.00006977,1.00000000,0
1531192430646,1531192430641,1602982,0.00006977,20.00000000,0
1531192493267,1531192493263,1602983,0.00006977,13.00000000,0
1531192509002,1531192508998,1602984,0.00006991,15.00000000,0
1531192509002,1531192508998,1602985,0.00007001,114.00000000,0
1531192509002,1531192508998,1602986,0.00007020,14.00000000,0
1531192518288,1531192518283,1602987,0.00007016,19.00000000,0
1531192562777,1531192562771,1602988,0.00006981,16.00000000,1
1531192585920,1531192585916,1602989,0.00006981,6.00000000,1
1531192739617,1531192739614,1602990,0.00006981,91.00000000,1
1531192787239,1531192787235,1602991,0.00006981,1.00000000,1
1531192787239,1531192787235,1602992,0.00006977,14.00000000,1
1531193003458,1531193003457,1602993,0.00006977,32.00000000,1
1531193104823,1531193104819,1602994,0.00006977,8.00000000,1
1531193187539,1531193187533,1602995,0.00006977,46.00000000,1
1531193187539,1531193187533,1602996,0.00006971,114.00000000,1
1531193187539,1531193187533,1602997,0.00006951,143.00000000,1
1531193210978,1531193210972,1602998,0.00006951,3.00000000,1
1531193453985,1531193453982,1602999,0.00006984,2.00000000,0
1531193567642,1531193567637,1603000,0.00006951,178.00000000,1
1531193570164,1531193570159,1603001,0.00006980,38.00000000,1
1531193762240,1531193762236,1603002,0.00006975,99.00000000,0
1531193829529,1531193829526,1603003,0.00006953,34.00000000,1
1531193841751,1531193841745,1603004,0.00006951,311.00000000,1
1531193847095,1531193847090,1603005,0.00006950,757.00000000,1
1531193893838,1531193893833,1603006,0.00006975,2.00000000,0
1531194101709,1531194101705,1603007,0.00006973,43.00000000,0
1531194104923,1531194104917,1603008,0.00006974,2.00000000,0
1531194449271,1531194449265,1603009,0.00006950,27.00000000,1
1531194514964,1531194514959,1603010,0.00006975,3.00000000,0
1531194522660,1531194522655,1603011,0.00006950,134.00000000,1
1531194593134,1531194593130,1603012,0.00006950,1.00000000,1
1531194677792,1531194677787,1603013,0.00006950,6.00000000,1
1531194772125,1531194772122,1603014,0.00006950,2.00000000,1
1531194782788,1531194782783,1603015,0.00006974,1.00000000,0
1531194826191,1531194826186,1603016,0.00006965,80.00000000,0
1531194826191,1531194826186,1603017,0.00006974,17.00000000,0
1531194826205,1531194826200,1603018,0.00006974,139.00000000,0
1531194826314,1531194826309,1603019,0.00006974,1009.00000000,0
1531194830195,1531194830189,1603020,0.00006975,166.00000000,0
1531194839368,1531194839365,1603021,0.00006974,118.00000000,1
1531194911859,1531194911855,1603022,0.00006950,1.00000000,1
1531194947858,1531194947854,1603023,0.00006950,41.00000000,1
1531194965702,1531194965697,1603024,0.00006950,8.00000000,1
1531195154386,1531195154381,1603025,0.00006950,130.00000000,1
1531195899680,1531195899674,1603026,0.00006964,179.00000000,1
1531195979733,1531195979726,1603027,0.00006964,207.00000000,1
1531196313985,1531196313980,1603028,0.00006978,3.00000000,0
1531196472658,1531196472655,1603029,0.00006964,2.00000000,1
1531196570718,1531196570713,1603030,0.00006964,59.00000000,1
1531196854093,1531196854092,1603031,0.00006964,8.00000000,1
1531197195445,1531197195443,1603032,0.00006964,27.00000000,1
1531197197374,1531197197368,1603033,0.00006964,50.00000000,1
1531197198896,1531197198890,1603034,0.00006964,62.00000000,1
1531197200686,1531197200681,1603035,0.00006964,49.00000000,1
1531197202460,1531197202456,1603036,0.00006964,33.00000000,1
1531197204720,1531197204717,1603037,0.00006964,22.00000000,1
1531197229663,1531197229658,1603038,0.00006964,667.00000000,1
1531197702907,1531197702904,1603039,0.00006978,8.00000000,0
1531197900556,1531197900551,1603040,0.00006964,169.00000000,1
1531198192900,1531198192898,1603041,0.00006978,31.00000000,0
1531198193773,1531198193768,1603042,0.00006978,70.00000000,0
1531198197405,1531198197401,1603043,0.00006978,32.00000000,0
1531198214310,1531198214305,1603044,0.00006978,69.00000000,0
1531198217383,1531198217379,1603045,0.00006978,28.00000000,0
1531198221279,1531198221276,1603046,0.00006978,35.00000000,0
1531198223320,1531198223318,1603047,0.00006978,148.00000000,0
1531198223609,1531198223606,1603048,0.00006978,38.00000000,0
1531198230796,1531198230793,1603049,0.00006978,71.00000000,0
1531198231755,1531198231751,1603050,0.00006978,24.00000000,0
1531198232200,1531198232197,1603051,0.00006978,227.00000000,0
1531198232200,1531198232197,1603052,0.00006984,17.00000000,0
1531198235890,1531198235885,1603053,0.00006984,97.00000000,0
1531198235890,1531198235885,1603054,0.00006997,111.00000000,0
1531198238889,1531198238884,1603055,0.00006995,76.00000000,1
1531198241072,1531198241068,1603056,0.00006998,358.00000000,0
1531198243219,1531198243215,1603057,0.00006998,1480.00000000,0
1531198246365,1531198246361,1603058,0.00006998,143.00000000,0
1531198246670,1531198246666,1603059,0.00006998,33.00000000,0
1531198375522,1531198375517,1603060,0.00006995,6.00000000,1
1531198462979,1531198462974,1603061,0.00006995,28.00000000,1
1531198659436,1531198659434,1603062,0.00006995,105.00000000,1
1531198669328,1531198669323,1603063,0.00006985,566.00000000,0
1531198717250,1531198717245,1603064,0.00006998,85.00000000,0
1531198717250,1531198717245,1603065,0.00007000,214.00000000,0
1531199020848,1531199020843,1603066,0.00006979,8.00000000,1
1531199021571,1531199021569,1603067,0.00006979,1343.00000000,1
1531199021712,1531199021705,1603068,0.00006978,694.00000000,1
1531199021853,1531199021849,1603069,0.00006978,68.00000000,1
1531199022080,1531199022074,1603070,0.00007008,24.00000000,0
1531199278428,1531199278423,1603071,0.00007003,57.00000000,0
1531199285997,1531199285992,1603072,0.00006974,137.00000000,1
1531199285997,1531199285992,1603073,0.00006965,58.00000000,1
1531199285997,1531199285992,1603074,0.00006964,43.00000000,1
1531199292542,1531199292537,1603075,0.00006964,3.00000000,1
1531199442888,1531199442885,1603076,0.00006964,154.00000000,1
1531199445706,1531199445704,1603077,0.00006964,154.00000000,1
1531199454684,1531199454682,1603078,0.00006964,15.00000000,1
1531199573576,1531199573571,1603079,0.00006977,139.00000000,0
1531199891897,1531199891895,1603080,0.00006977,1.00000000,0
1531200272429,1531200272427,1603081,0.00006964,2.00000000,1
1531200276770,1531200276764,1603082,0.00006964,2.00000000,1
1531200281436,1531200281432,1603083,0.00006964,2.00000000,1
1531200287339,1531200287334,1603084,0.00006964,2.00000000,1
1531200293846,1531200293841,1603085,0.00006964,2.00000000,1
1531200661566,1531200661566,1603086,0.00006964,75.00000000,1
1531200849778,1531200849779,1603087,0.00006964,139.00000000,1
1531200849778,1531200849779,1603088,0.00006952,146.00000000,1
1531200849778,1531200849779,1603089,0.00006951,489.00000000,1
1531200849778,1531200849779,1603090,0.00006950,226.00000000,1
1531200854809,1531200854805,1603091,0.00006950,3.00000000,1
1531200863081,1531200863075,1603092,0.00006950,3.00000000,1
1531200881700,1531200881696,1603093,0.00006969,1.00000000,0
1531200921035,1531200921033,1603094,0.00006968,17.00000000,0
1531200957596,1531200957591,1603095,0.00006950,684.00000000,1
1531201027621,1531201027618,1603096,0.00006967,29.00000000,0
1531201030678,1531201030675,1603097,0.00006967,29.00000000,0
1531201034457,1531201034453,1603098,0.00006967,29.00000000,0
1531201035936,1531201035934,1603099,0.00006950,40.00000000,1
1531201037922,1531201037918,1603100,0.00006967,29.00000000,0
1531201038673,1531201038672,1603101,0.00006950,227.00000000,1
1531201041643,1531201041641,1603102,0.00006966,29.00000000,0
1531201045374,1531201045372,1603103,0.00006965,29.00000000,0
1531201047145,1531201047141,1603104,0.00006965,40.00000000,0
1531201049205,1531201049203,1603105,0.00006965,29.00000000,0
1531201052234,1531201052228,1603106,0.00006965,29.00000000,0
1531201055337,1531201055332,1603107,0.00006965,29.00000000,0
1531201058875,1531201058865,1603108,0.00006965,29.00000000,0
1531201062257,1531201062251,1603109,0.00006965,29.00000000,0
1531201065658,1531201065656,1603110,0.00006965,29.00000000,0
1531201069669,1531201069665,1603111,0.00006965,29.00000000,0
1531201100378,1531201100373,1603112,0.00006950,91.00000000,1
1531201119038,1531201119037,1603113,0.00006950,13.00000000,1
1531201180700,1531201180703,1603114,0.00006950,8.00000000,1
1531201260236,1531201260230,1603115,0.00006950,12.00000000,1
1531201352586,1531201352584,1603116,0.00006950,48.00000000,1
1531201352586,1531201352584,1603117,0.00006945,57.00000000,1
1531201387165,1531201387162,1603118,0.00006945,551.00000000,1
1531201388488,1531201388484,1603119,0.00006945,5.00000000,0
1531201388557,1531201388551,1603120,0.00006944,3.00000000,1
1531201390536,1531201390535,1603121,0.00006944,34.00000000,1
1531201390536,1531201390535,1603122,0.00006940,45.00000000,1
1531201392240,1531201392237,1603123,0.00006945,455.00000000,0
1531201393344,1531201393340,1603124,0.00006944,233.00000000,0
1531201393994,1531201393990,1603125,0.00006943,100.00000000,0
1531201394283,1531201394279,1603126,0.00006943,49.00000000,0
1531201394455,1531201394451,1603127,0.00006945,144.00000000,0
1531201395480,1531201395476,1603128,0.00006945,146.00000000,0
1531201395784,1531201395779,1603129,0.00006945,161.00000000,0
1531201396705,1531201396700,1603130,0.00006945,454.00000000,0
1531201403901,1531201403897,1603131,0.00006958,30.00000000,0
1531201408517,1531201408511,1603132,0.00006958,30.00000000,0
1531201413848,1531201413843,1603133,0.00006958,30.00000000,0
1531201418687,1531201418689,1603134,0.00006940,134.00000000,1
1531201424998,1531201424993,1603135,0.00006958,30.00000000,0
1531201429311,1531201429306,1603136,0.00006940,1.00000000,1
1531201523725,1531201523720,1603137,0.00006940,56.00000000,1
1531201523725,1531201523720,1603138,0.00006938,47.00000000,1
1531201525762,1531201525761,1603139,0.00006938,3.00000000,1
1531201627972,1531201627969,1603140,0.00006938,204.00000000,1
1531202094724,1531202094721,1603141,0.00006958,19.00000000,0
1531202241281,1531202241247,1603142,0.00006938,6.00000000,1
1531202250546,1531202250541,1603143,0.00006938,626.00000000,1
1531202251408,1531202251404,1603144,0.00006938,20.00000000,0
1531202252214,1531202252210,1603145,0.00006935,3.00000000,1
1531202256017,1531202256013,1603146,0.00006935,26.00000000,1
1531202257037,1531202257031,1603147,0.00006934,3.00000000,1
1531202264859,1531202264858,1603148,0.00006934,3.00000000,1
1531202264886,1531202264883,1603149,0.00006934,16.00000000,1
1531202269571,1531202269566,1603150,0.00006934,3.00000000,1
1531202273165,1531202273161,1603151,0.00006934,3.00000000,1
1531202304915,1531202304911,1603152,0.00006959,27.00000000,0
1531202315972,1531202315967,1603153,0.00006934,15.00000000,1
1531202478254,1531202478250,1603154,0.00006958,3.00000000,0
1531202639846,1531202639843,1603155,0.00006958,143.00000000,0
1531202829433,1531202829428,1603156,0.00006958,30.00000000,0
1531202829433,1531202829428,1603157,0.00006959,80.00000000,0
1531202960238,1531202960235,1603158,0.00006959,7.00000000,0
1531202960520,1531202960516,1603159,0.00006959,34.00000000,0
1531202960520,1531202960516,1603160,0.00006960,115.00000000,0
1531202960520,1531202960516,1603161,0.00006965,41.00000000,0
1531203211157,1531203211153,1603162,0.00006937,8.00000000,1
1531203273951,1531203273949,1603163,0.00006936,1310.00000000,1
1531203273951,1531203273949,1603164,0.00006935,202.00000000,1
1531203273951,1531203273949,1603165,0.00006934,2.00000000,1
1531203275225,1531203275219,1603166,0.00006934,91.00000000,0
1531203275478,1531203275480,1603167,0.00006934,116.00000000,0
1531203278508,1531203278506,1603168,0.00006934,289.00000000,0
1531203284580,1531203284575,1603169,0.00006934,203.00000000,0
1531203286128,1531203286124,1603170,0.00006934,508.00000000,0
1531203286549,1531203286545,1603171,0.00006934,613.00000000,0
1531203287928,1531203287922,1603172,0.00006934,1112.00000000,1
1531203287928,1531203287922,1603173,0.00006933,147.00000000,1
1531203287928,1531203287922,1603174,0.00006928,61.00000000,1
1531203287928,1531203287922,1603175,0.00006923,463.00000000,1
1531203287928,1531203287922,1603176,0.00006919,500.00000000,1
1531203287928,1531203287922,1603177,0.00006916,115.00000000,1
1531203287928,1531203287922,1603178,0.00006915,289.00000000,1
1531203287928,1531203287922,1603179,0.00006910,2000.00000000,1
1531203287928,1531203287922,1603180,0.00006905,124.00000000,1
1531203287928,1531203287922,1603181,0.00006905,677.00000000,1
1531203293572,1531203293568,1603182,0.00006905,3.00000000,1
1531203295940,1531203295938,1603183,0.00006923,40.00000000,0
1531203298457,1531203298456,1603184,0.00006935,16.00000000,0
1531203298457,1531203298456,1603185,0.00006938,115.00000000,0
1531203298457,1531203298456,1603186,0.00006965,13.00000000,0
1531203299333,1531203299329,1603187,0.00006907,3.00000000,1
1531203305163,1531203305162,1603188,0.00006919,3.00000000,1
1531203305936,1531203305931,1603189,0.00006920,15.00000000,1
1531203310661,1531203310658,1603190,0.00006919,3.00000000,1
1531203313570,1531203313567,1603191,0.00006919,3.00000000,1
1531203321737,1531203321735,1603192,0.00006919,3.00000000,1
1531203327012,1531203327010,1603193,0.00006919,3.00000000,1
1531203330720,1531203330716,1603194,0.00006919,3.00000000,1
1531203344430,1531203344426,1603195,0.00006940,15.00000000,0
1531203464528,1531203464525,1603196,0.00006919,1.00000000,1
1531203485877,1531203485874,1603197,0.00006941,15.00000000,0
1531203485877,1531203485874,1603198,0.00006954,115.00000000,0
1531203485877,1531203485874,1603199,0.00006960,14.00000000,0
1531203870497,1531203870494,1603200,0.00006958,602.00000000,0
1531203870498,1531203870494,1603201,0.00006959,116.00000000,0
1531203870579,1531203870575,1603202,0.00006959,49.00000000,0
1531203870665,1531203870660,1603203,0.00006959,169.00000000,0
1531203870764,1531203870760,1603204,0.00006959,114.00000000,0
1531203875509,1531203875505,1603205,0.00006958,87.00000000,1
1531203961003,1531203960998,1603206,0.00006959,150.00000000,0
1531204143626,1531204143622,1603207,0.00006958,25.00000000,1
1531204148568,1531204148566,1603208,0.00006958,6.00000000,1
1531204153620,1531204153616,1603209,0.00006958,101.00000000,1
1531204159467,1531204159463,1603210,0.00006958,2.00000000,1
1531204229883,1531204229879,1603211,0.00006958,2.00000000,1
1531204423808,1531204423805,1603212,0.00006958,1.00000000,1
1531204580102,1531204580098,1603213,0.00006958,2.00000000,1
1531204949585,1531204949581,1603214,0.00006958,20.00000000,1
1531204949967,1531204949963,1603215,0.00006941,49.00000000,1
1531204986989,1531204986986,1603216,0.00006941,29.00000000,1
1531204992583,1531204992579,1603217,0.00006941,84.00000000,1
1531205202574,1531205202571,1603218,0.00006941,3.00000000,1
1531205365685,1531205365680,1603219,0.00006941,8.00000000,1
1531205393748,1531205393744,1603220,0.00006941,100.00000000,1
1531205393982,1531205393979,1603221,0.00006941,100.00000000,1
1531205592589,1531205592587,1603222,0.00006941,1.00000000,1
1531205847522,1531205847518,1603223,0.00006941,74.00000000,1
1531205849796,1531205849791,1603224,0.00006941,71.00000000,1
1531205914379,1531205914374,1603225,0.00006941,140.00000000,1
1531205922620,1531205922615,1603226,0.00006941,19.00000000,1
1531205922620,1531205922615,1603227,0.00006931,115.00000000,1
1531205922620,1531205922615,1603228,0.00006925,6.00000000,1
1531205923850,1531205923847,1603229,0.00006925,3.00000000,1
1531206197668,1531206197665,1603230,0.00006926,2.00000000,1
1531206199201,1531206199199,1603231,0.00006925,2.00000000,1
1531206425962,1531206425958,1603232,0.00006929,98.00000000,1
1531206425962,1531206425958,1603233,0.00006925,4.00000000,1
1531206429895,1531206429893,1603234,0.00006905,3.00000000,1
1531206429897,1531206429893,1603235,0.00006925,54.00000000,0
1531206429897,1531206429893,1603236,0.00006932,115.00000000,0
1531206429897,1531206429893,1603237,0.00006948,98.00000000,0
1531206429897,1531206429893,1603238,0.00006949,79.00000000,0
1531206451900,1531206451896,1603239,0.00006908,134.00000000,1
1531206452910,1531206452908,1603240,0.00006908,134.00000000,1
1531206507892,1531206507888,1603241,0.00006908,239.00000000,1
1531206551547,1531206551543,1603242,0.00006927,63.00000000,1
1531206602947,1531206602945,1603243,0.00006925,2.00000000,1
1531206656948,1531206656944,1603244,0.00006925,18.00000000,1
1531206706713,1531206706710,1603245,0.00006925,29.00000000,1
1531206786356,1531206786353,1603246,0.00006943,20.00000000,0
1531206894588,1531206894586,1603247,0.00006925,19.00000000,1
1531206952128,1531206952125,1603248,0.00006943,487.00000000,0
1531206952128,1531206952125,1603249,0.00006944,115.00000000,0
1531206952128,1531206952125,1603250,0.00006951,283.00000000,0
1531206952148,1531206952147,1603251,0.00006951,91.00000000,1
1531206972958,1531206972954,1603252,0.00006955,559.00000000,1
1531206980217,1531206980214,1603253,0.00006961,5.00000000,0
1531206985918,1531206985915,1603254,0.00006961,10.00000000,0
1531206985918,1531206985915,1603255,0.00006973,88.00000000,0
1531206993489,1531206993485,1603256,0.00006973,26.00000000,0
1531206993529,1531206993525,1603257,0.00006973,37.00000000,1
1531206993586,1531206993584,1603258,0.00006973,16.00000000,0
1531206993615,1531206993612,1603259,0.00006973,14.00000000,1
1531206994275,1531206994273,1603260,0.00006973,16.00000000,1
1531207098392,1531207098388,1603261,0.00006967,2.00000000,1
1531207393444,1531207393441,1603262,0.00006981,15.00000000,0
1531207396780,1531207396776,1603263,0.00006996,127.00000000,0
1531207399827,1531207399824,1603264,0.00006996,1.00000000,0
1531207407000,1531207406997,1603265,0.00006963,93.00000000,1
1531207407000,1531207406997,1603266,0.00006962,115.00000000,1
1531207407000,1531207406997,1603267,0.00006956,279.00000000,1
1531207407000,1531207406997,1603268,0.00006955,44.00000000,1
1531207409754,1531207409749,1603269,0.00006955,279.00000000,1
1531207409754,1531207409749,1603270,0.00006952,703.00000000,1
1531207409754,1531207409749,1603271,0.00006951,324.00000000,1
1531207621753,1531207621751,1603272,0.00006962,2.00000000,0
1531207646645,1531207646641,1603273,0.00006937,166.00000000,0
1531207646668,1531207646666,1603274,0.00006937,166.00000000,0
1531207646682,1531207646679,1603275,0.00006937,166.00000000,0
1531207656227,1531207656224,1603276,0.00006937,101.00000000,0
1531207827135,1531207827131,1603277,0.00006937,25.00000000,0
1531207852380,1531207852377,1603278,0.00006937,8.00000000,1
1531207897415,1531207897412,1603279,0.00006937,75.00000000,1
1531207908965,1531207908960,1603280,0.00006937,100.00000000,0
1531208123691,1531208123688,1603281,0.00006953,43.00000000,0
1531208225967,1531208225964,1603282,0.00006936,144.00000000,0
1531208238978,1531208238975,1603283,0.00006930,22.00000000,1
1531208242427,1531208242424,1603284,0.00006935,94.00000000,0
1531208242884,1531208242881,1603285,0.00006935,91.00000000,1
1531208481093,1531208481087,1603286,0.00006925,55.00000000,1
1531208481093,1531208481087,1603287,0.00006920,224.00000000,1
1531208481093,1531208481087,1603288,0.00006917,115.00000000,1
1531208481093,1531208481087,1603289,0.00006905,193.00000000,1
1531208481093,1531208481087,1603290,0.00006901,363.00000000,1
1531208481093,1531208481087,1603291,0.00006900,50.00000000,1
1531208481093,1531208481087,1603292,0.00006875,116.00000000,1
1531208481093,1531208481087,1603293,0.00006873,1456.00000000,1
1531208481093,1531208481087,1603294,0.00006868,202.00000000,1
1531208481093,1531208481087,1603295,0.00006858,793.00000000,1
1531208481093,1531208481087,1603296,0.00006856,315.00000000,1
1531208481096,1531208481087,1603297,0.00006856,202.00000000,1
1531208481096,1531208481087,1603298,0.00006856,110.00000000,1
1531208481113,1531208481110,1603299,0.00006880,153.00000000,0
1531208481137,1531208481136,1603300,0.00006880,54.00000000,0
1531208481138,1531208481136,1603301,0.00006880,22.00000000,0
1531208481139,1531208481136,1603302,0.00006880,22.00000000,0
1531208481143,1531208481141,1603303,0.00006880,55.00000000,0
1531208481169,1531208481165,1603304,0.00006858,55.00000000,1
1531208481317,1531208481313,1603305,0.00006880,274.00000000,0
1531208482237,1531208482234,1603306,0.00006880,25.00000000,0
1531208482311,1531208482308,1603307,0.00006866,25.00000000,0
1531208482501,1531208482498,1603308,0.00006880,176.00000000,0
1531208482531,1531208482526,1603309,0.00006880,52.00000000,0
1531208482531,1531208482526,1603310,0.00006885,793.00000000,0
1531208482531,1531208482526,1603311,0.00006889,37.00000000,0
1531208483485,1531208483482,1603312,0.00006862,54.00000000,1
1531208483915,1531208483913,1603313,0.00006888,1.00000000,0
1531208486472,1531208486469,1603314,0.00006885,90.00000000,0
1531208486472,1531208486469,1603315,0.00006886,99.00000000,0
1531208486757,1531208486753,1603316,0.00006860,3.00000000,1
1531208487688,1531208487685,1603317,0.00006883,627.00000000,0
1531208487688,1531208487685,1603318,0.00006886,324.00000000,0
1531208489080,1531208489077,1603319,0.00006885,712.00000000,0
1531208489412,1531208489409,1603320,0.00006860,3.00000000,1
1531208489993,1531208489989,1603321,0.00006886,182.00000000,0
1531208490027,1531208490024,1603322,0.00006886,91.00000000,0
1531208491555,1531208491553,1603323,0.00006886,99.00000000,0
1531208494346,1531208494341,1603324,0.00006860,3.00000000,1
1531208495680,1531208495676,1603325,0.00006886,199.00000000,0
1531208496398,1531208496395,1603326,0.00006886,273.00000000,0
1531208499590,1531208499585,1603327,0.00006886,126.00000000,0
1531208499714,1531208499711,1603328,0.00006860,404.00000000,1
1531208499922,1531208499918,1603329,0.00006886,119.00000000,0
1531208499981,1531208499979,1603330,0.00006886,45.00000000,1
1531208500486,1531208500483,1603331,0.00006886,55.00000000,1
1531208501995,1531208501993,1603332,0.00006886,22.00000000,1
1531208502885,1531208502881,1603333,0.00006861,2.00000000,1
1531208503385,1531208503382,1603334,0.00006861,3.00000000,1
1531208503753,1531208503748,1603335,0.00006890,429.00000000,0
1531208504563,1531208504560,1603336,0.00006861,125.00000000,1
1531208505516,1531208505513,1603337,0.00006863,2.00000000,1
1531208505725,1531208505721,1603338,0.00006863,72.00000000,1
1531208505725,1531208505721,1603339,0.00006861,53.00000000,1
1531208505753,1531208505751,1603340,0.00006861,102.00000000,1
1531208506457,1531208506453,1603341,0.00006861,135.00000000,1
1531208506856,1531208506854,1603342,0.00006861,135.00000000,1
1531208507179,1531208507176,1603343,0.00006861,135.00000000,1
1531208508278,1531208508278,1603344,0.00006889,285.00000000,0
1531208509659,1531208509656,1603345,0.00006861,3.00000000,1
1531208509731,1531208509727,1603346,0.00006888,39.00000000,0
1531208509731,1531208509727,1603347,0.00006890,716.00000000,0
1531208514304,1531208514302,1603348,0.00006861,3.00000000,1
1531208517169,1531208517166,1603349,0.00006861,438.00000000,1
1531208517344,1531208517341,1603350,0.00006861,280.00000000,0
1531208517839,1531208517836,1603351,0.00006889,280.00000000,0
1531208518652,1531208518647,1603352,0.00006861,3.00000000,1
1531208518734,1531208518732,1603353,0.00006861,15.00000000,1
1531208519468,1531208519468,1603354,0.00006861,46.00000000,1
1531208519533,1531208519531,1603355,0.00006861,166.00000000,1
1531208527473,1531208527473,1603356,0.00006861,3.00000000,1
1531208529248,1531208529246,1603357,0.00006889,75.00000000,0
1531208532901,1531208532898,1603358,0.00006861,3.00000000,1
1531208538546,1531208538543,1603359,0.00006861,11.00000000,1
1531208538649,1531208538644,1603360,0.00006881,2.00000000,0
1531208538679,1531208538677,1603361,0.00006861,3.00000000,1
1531208539910,1531208539909,1603362,0.00006861,23.00000000,1
1531208639261,1531208639258,1603363,0.00006881,13.00000000,0
1531208639261,1531208639258,1603364,0.00006887,723.00000000,0
1531208639867,1531208639864,1603365,0.00006887,113.00000000,0
1531208716879,1531208716876,1603366,0.00006861,22.00000000,1
1531208762850,1531208762847,1603367,0.00006886,50.00000000,0
1531208762873,1531208762869,1603368,0.00006889,58.00000000,0
1531208763544,1531208763542,1603369,0.00006886,50.00000000,1
1531208765251,1531208765248,1603370,0.00006890,65.00000000,0
1531208838009,1531208838007,1603371,0.00006859,230.00000000,1
1531208863352,1531208863348,1603372,0.00006890,2.00000000,0
1531208867104,1531208867101,1603373,0.00006890,67.00000000,0
1531208867108,1531208867104,1603374,0.00006890,67.00000000,0
1531208867156,1531208867153,1603375,0.00006890,110.00000000,0
1531208876816,1531208876814,1603376,0.00006890,77.00000000,0
1531208876847,1531208876843,1603377,0.00006890,77.00000000,0
1531209222048,1531209222046,1603378,0.00006890,1.00000000,0
1531209264659,1531209264655,1603379,0.00006858,9.00000000,1
1531209419878,1531209419873,1603380,0.00006890,2177.00000000,0
1531209564068,1531209564064,1603381,0.00006890,170.00000000,0
1531209573759,1531209573755,1603382,0.00006856,15.00000000,1
1531209680566,1531209680562,1603383,0.00006890,29.00000000,0
1531209765131,1531209765129,1603384,0.00006861,884.00000000,1
1531209765131,1531209765129,1603385,0.00006854,344.00000000,1
1531209765131,1531209765129,1603386,0.00006853,15.00000000,1
1531209765131,1531209765129,1603387,0.00006844,224.00000000,1
1531209797263,1531209797260,1603388,0.00006890,2.00000000,0
1531209830250,1531209830248,1603389,0.00006852,15.00000000,1
1531210088707,1531210088705,1603390,0.00006887,72.00000000,1
1531210115361,1531210115358,1603391,0.00006846,3.00000000,1
1531210170170,1531210170167,1603392,0.00006858,8.00000000,1
1531210238176,1531210238173,1603393,0.00006890,79.00000000,0
1531210250913,1531210250911,1603394,0.00006890,1.00000000,0
1531210251825,1531210251823,1603395,0.00006890,259.00000000,0
1531210259867,1531210259862,1603396,0.00006890,252.00000000,0
1531210260478,1531210260476,1603397,0.00006890,46.00000000,0
1531210265202,1531210265199,1603398,0.00006899,22.00000000,0
1531210268824,1531210268822,1603399,0.00006899,22.00000000,0
