event_time,trade_time,trade_id,price,quantity,maker
1531160316204,1531160316201,2820336,0.00001167,130.00000000,0
1531160316802,1531160316797,2820337,0.00001163,1554.00000000,1
1531160409955,1531160409955,2820338,0.00001167,102.00000000,0
1531160412384,1531160412380,2820339,0.00001167,3976.00000000,0
1531160423987,1531160423985,2820340,0.00001166,773.00000000,0
1531160423987,1531160423985,2820341,0.00001167,4000.00000000,0
1531160427125,1531160427093,2820342,0.00001163,4773.00000000,1
1531160435866,1531160435866,2820343,0.00001167,102.00000000,0
1531160446077,1531160446073,2820344,0.00001167,85.00000000,0
1531160565679,1531160565676,2820345,0.00001165,415.00000000,1
1531160565988,1531160565985,2820346,0.00001165,298.00000000,1
1531160565988,1531160565985,2820347,0.00001164,1184.00000000,1
1531160566439,1531160566437,2820348,0.00001164,1744.00000000,1
1531160570490,1531160570486,2820349,0.00001164,661.00000000,1
1531160576564,1531160576560,2820350,0.00001166,142.00000000,0
1531160626869,1531160626865,2820351,0.00001166,1485.00000000,0
1531160671377,1531160671374,2820352,0.00001166,250.00000000,1
1531160671377,1531160671375,2820353,0.00001166,250.00000000,1
1531160671393,1531160671390,2820354,0.00001166,150.00000000,1
1531160671393,1531160671390,2820355,0.00001165,172.00000000,1
1531160671393,1531160671390,2820356,0.00001164,328.00000000,1
1531160805634,1531160805630,2820357,0.00001166,100.00000000,1
1531160805634,1531160805630,2820358,0.00001165,106.00000000,1
1531160839866,1531160839862,2820359,0.00001169,85.00000000,0
1531161047683,1531161047680,2820360,0.00001165,607.00000000,1
1531161131241,1531161131240,2820361,0.00001163,884.00000000,1
1531161311876,1531161311873,2820362,0.00001162,103.00000000,0
1531161335010,1531161335005,2820363,0.00001162,103.00000000,0
1531161335040,1531161335035,2820364,0.00001162,860.00000000,0
1531161335144,1531161335139,2820365,0.00001160,801.00000000,1
1531161335144,1531161335139,2820366,0.00001160,184.00000000,1
1531161381353,1531161381349,2820367,0.00001160,290.00000000,1
1531161568357,1531161568353,2820368,0.00001161,934.00000000,1
1531161610743,1531161610739,2820369,0.00001162,715.00000000,0
1531161629280,1531161629275,2820370,0.00001161,6000.00000000,1
1531161655291,1531161655287,2820371,0.00001161,9000.00000000,1
1531161661573,1531161661571,2820372,0.00001163,103.00000000,0
1531161661664,1531161661660,2820373,0.00001161,45.00000000,1
1531161717532,1531161717528,2820374,0.00001159,2515.00000000,1
1531161745288,1531161745285,2820375,0.00001159,2078.00000000,1
1531161754275,1531161754271,2820376,0.00001161,323.00000000,0
1531161754904,1531161754899,2820377,0.00001161,377.00000000,1
1531161782504,1531161782500,2820378,0.00001159,88.00000000,1
1531161783606,1531161783602,2820379,0.00001159,262.00000000,1
1531161897562,1531161897558,2820380,0.00001161,859.00000000,0
1531161897562,1531161897558,2820381,0.00001162,715.00000000,0
1531161897562,1531161897558,2820382,0.00001163,2115.00000000,0
1531161911021,1531161911018,2820383,0.00001163,103.00000000,0
1531161935305,1531161935302,2820384,0.00001163,103.00000000,0
1531161997160,1531161997156,2820385,0.00001163,427.00000000,0
1531162097920,1531162097919,2820386,0.00001159,221.00000000,1
1531162135606,1531162135602,2820387,0.00001163,150.00000000,0
1531162207994,1531162207989,2820388,0.00001163,103.00000000,0
1531162234840,1531162234839,2820389,0.00001163,103.00000000,0
1531162247611,1531162247601,2820390,0.00001160,275.00000000,1
1531162247611,1531162247601,2820391,0.00001159,1226.00000000,1
1531162267987,1531162267982,2820392,0.00001159,665.00000000,1
1531162271101,1531162271096,2820393,0.00001159,297.00000000,1
1531162443563,1531162443558,2820394,0.00001159,25.00000000,1
1531162507870,1531162507866,2820395,0.00001162,103.00000000,0
1531162520734,1531162520728,2820396,0.00001159,277.00000000,1
1531162530708,1531162530703,2820397,0.00001162,103.00000000,0
1531162562392,1531162562387,2820398,0.00001162,2667.00000000,0
1531162590641,1531162590636,2820399,0.00001162,1711.00000000,0
1531162671908,1531162671904,2820400,0.00001160,383.00000000,0
1531162781005,1531162781001,2820401,0.00001161,179.00000000,0
1531162785689,1531162785684,2820402,0.00001161,316.00000000,0
1531162808511,1531162808507,2820403,0.00001162,103.00000000,0
1531162811685,1531162811679,2820404,0.00001161,197.00000000,0
1531162845672,1531162845666,2820405,0.00001162,103.00000000,0
1531162848667,1531162848661,2820406,0.00001161,2254.00000000,1
1531162877486,1531162877482,2820407,0.00001162,552.00000000,0
1531162877488,1531162877484,2820408,0.00001162,3078.00000000,0
1531162877559,1531162877554,2820409,0.00001162,376.00000000,0
1531162877696,1531162877691,2820410,0.00001162,2091.00000000,0
1531162878006,1531162878002,2820411,0.00001162,3000.00000000,0
1531162879666,1531162879660,2820412,0.00001162,542.00000000,0
1531162895109,1531162895105,2820413,0.00001160,1864.00000000,1
1531162895109,1531162895105,2820414,0.00001159,224.00000000,1
1531162939554,1531162939550,2820415,0.00001159,131.00000000,1
1531162941146,1531162941142,2820416,0.00001159,132.00000000,1
1531162974386,1531162974381,2820417,0.00001159,79.00000000,1
1531162980121,1531162980115,2820418,0.00001159,2710.00000000,1
1531163020180,1531163020173,2820419,0.00001162,333.00000000,0
1531163052628,1531163052623,2820420,0.00001162,4627.00000000,0
1531163052628,1531163052623,2820421,0.00001163,20719.00000000,0
1531163052647,1531163052641,2820422,0.00001165,1995.00000000,1
1531163053711,1531163053704,2820423,0.00001161,900.00000000,0
1531163085055,1531163085049,2820424,0.00001165,713.00000000,0
1531163294138,1531163294132,2820425,0.00001168,186.00000000,0
1531163360822,1531163360815,2820426,0.00001168,714.00000000,0
1531163360822,1531163360815,2820427,0.00001169,483.00000000,0
1531163448399,1531163448393,2820428,0.00001169,227.00000000,0
1531163464303,1531163464298,2820429,0.00001169,707.00000000,1
1531163464370,1531163464364,2820430,0.00001169,66.00000000,1
1531163467105,1531163467102,2820431,0.00001167,514.00000000,0
1531163469775,1531163469769,2820432,0.00001169,330.00000000,0
1531163469775,1531163469769,2820433,0.00001170,166.00000000,0
1531163469775,1531163469769,2820434,0.00001172,359.00000000,0
1531163530853,1531163530847,2820435,0.00001168,97.00000000,1
1531163532329,1531163532325,2820436,0.00001171,293.00000000,1
1531163545101,1531163545096,2820437,0.00001172,853.00000000,0
1531163636876,1531163636870,2820438,0.00001172,853.00000000,0
1531163720136,1531163720131,2820439,0.00001169,492.00000000,1
1531163793976,1531163793970,2820440,0.00001168,172.00000000,1
1531163948384,1531163948380,2820441,0.00001164,148.00000000,1
1531164018121,1531164018115,2820442,0.00001164,149.00000000,1
1531164032611,1531164032606,2820443,0.00001167,102.00000000,0
1531164084248,1531164084246,2820444,0.00001165,164.00000000,1
1531164109315,1531164109309,2820445,0.00001167,579.00000000,0
1531164109315,1531164109309,2820446,0.00001169,269.00000000,0
1531164109352,1531164109346,2820447,0.00001170,184.00000000,1
1531164109436,1531164109431,2820448,0.00001170,831.00000000,1
1531164116509,1531164116503,2820449,0.00001170,1910.00000000,1
1531164128918,1531164128912,2820450,0.00001170,420.00000000,1
1531164129196,1531164129191,2820451,0.00001170,4766.00000000,1
1531164191734,1531164191728,2820452,0.00001168,1.00000000,1
1531164236550,1531164236544,2820453,0.00001168,52.00000000,1
1531164388498,1531164388492,2820454,0.00001171,1480.00000000,0
1531164391878,1531164391873,2820455,0.00001168,347.00000000,1
1531164427404,1531164427402,2820456,0.00001168,311.00000000,1
1531164463271,1531164463268,2820457,0.00001170,854.00000000,0
1531164484507,1531164484504,2820458,0.00001165,137.00000000,1
1531164550453,1531164550447,2820459,0.00001165,124.00000000,1
1531164804215,1531164804209,2820460,0.00001166,562.00000000,1
1531164804215,1531164804209,2820461,0.00001165,739.00000000,1
1531164804405,1531164804402,2820462,0.00001165,299.00000000,0
1531164911966,1531164911960,2820463,0.00001167,102.00000000,0
1531164931555,1531164931549,2820464,0.00001167,102.00000000,0
1531164936993,1531164936990,2820465,0.00001164,170.00000000,1
1531164966526,1531164966521,2820466,0.00001165,100.00000000,0
1531165000798,1531165000791,2820467,0.00001164,131.00000000,1
1531165029875,1531165029873,2820468,0.00001164,250.00000000,1
1531165075920,1531165075916,2820469,0.00001164,125.00000000,1
1531165091194,1531165091190,2820470,0.00001163,936.00000000,1
1531165091218,1531165091212,2820471,0.00001163,1561.00000000,1
1531165091307,1531165091303,2820472,0.00001163,1503.00000000,1
1531165188318,1531165188314,2820473,0.00001163,365.00000000,1
1531165208467,1531165208460,2820474,0.00001164,103.00000000,0
1531165223868,1531165223863,2820475,0.00001164,30.00000000,0
1531165370373,1531165370367,2820476,0.00001164,200.00000000,0
1531165508310,1531165508304,2820477,0.00001164,103.00000000,0
1531165518201,1531165518195,2820478,0.00001164,280.00000000,0
1531165526492,1531165526485,2820479,0.00001164,103.00000000,0
1531165628568,1531165628561,2820480,0.00001164,500.00000000,0
1531165628575,1531165628569,2820481,0.00001164,505.00000000,0
1531165628576,1531165628570,2820482,0.00001164,502.00000000,0
1531165628585,1531165628580,2820483,0.00001164,293.00000000,0
1531165725069,1531165725061,2820484,0.00001164,4734.00000000,0
1531165770667,1531165770660,2820485,0.00001164,186.00000000,1
1531165802240,1531165802235,2820486,0.00001164,3905.00000000,1
1531165807927,1531165807922,2820487,0.00001165,103.00000000,0
1531165829420,1531165829416,2820488,0.00001165,103.00000000,0
1531165934078,1531165934072,2820489,0.00001164,2195.00000000,1
1531165934078,1531165934072,2820490,0.00001163,135.00000000,1
1531165934093,1531165934089,2820491,0.00001162,715.00000000,1
1531165934093,1531165934089,2820492,0.00001160,1480.00000000,1
1531165934096,1531165934092,2820493,0.00001160,1943.00000000,1
1531165934096,1531165934092,2820494,0.00001159,248.00000000,1
1531165934109,1531165934104,2820495,0.00001159,715.00000000,1
1531165975820,1531165975814,2820496,0.00001160,1005.00000000,1
1531165975820,1531165975814,2820497,0.00001159,845.00000000,1
1531165976372,1531165976365,2820498,0.00001159,336.00000000,0
1531166087743,1531166087737,2820499,0.00001159,821.00000000,1
1531166092580,1531166092579,2820500,0.00001160,495.00000000,0
1531166093607,1531166093600,2820501,0.00001159,491.00000000,1
1531166096575,1531166096573,2820502,0.00001160,491.00000000,0
1531166109033,1531166109030,2820503,0.00001162,103.00000000,0
1531166135539,1531166135533,2820504,0.00001162,103.00000000,0
1531166305557,1531166305550,2820505,0.00001162,509.00000000,0
1531166305557,1531166305550,2820506,0.00001164,1312.00000000,0
1531166305604,1531166305597,2820507,0.00001164,600.00000000,1
1531166325011,1531166325005,2820508,0.00001165,8699.00000000,0
1531166407980,1531166407972,2820509,0.00001165,103.00000000,0
1531166432594,1531166432591,2820510,0.00001165,103.00000000,0
1531166453555,1531166453549,2820511,0.00001165,1243.00000000,0
1531166538323,1531166538317,2820512,0.00001162,299.00000000,1
1531166554483,1531166554478,2820513,0.00001162,416.00000000,1
1531166557482,1531166557481,2820514,0.00001161,906.00000000,1
1531166559247,1531166559240,2820515,0.00001161,1369.00000000,1
1531166574038,1531166574035,2820516,0.00001160,1144.00000000,0
1531166577648,1531166577645,2820517,0.00001159,548.00000000,1
1531166577648,1531166577645,2820518,0.00001158,1258.00000000,1
1531166577648,1531166577645,2820519,0.00001157,9303.00000000,1
1531166577648,1531166577645,2820520,0.00001157,4763.00000000,1
1531166577648,1531166577645,2820521,0.00001156,867.00000000,1
1531166577648,1531166577645,2820522,0.00001155,621.00000000,1
1531166577649,1531166577645,2820523,0.00001155,1400.00000000,1
1531166582622,1531166582618,2820524,0.00001158,357.00000000,0
1531166598770,1531166598763,2820525,0.00001158,94.00000000,1
1531166598770,1531166598763,2820526,0.00001155,727.00000000,1
1531166635618,1531166635612,2820527,0.00001158,4318.00000000,0
1531166638182,1531166638177,2820528,0.00001155,823.00000000,1
1531166643357,1531166643352,2820529,0.00001155,88.00000000,1
1531166671704,1531166671698,2820530,0.00001155,1242.00000000,1
1531166685704,1531166685702,2820531,0.00001157,173.00000000,0
1531166688715,1531166688709,2820532,0.00001159,99.00000000,0
1531166695186,1531166695178,2820533,0.00001155,1044.00000000,1
1531166695587,1531166695582,2820534,0.00001155,1229.00000000,1
1531166697117,1531166697111,2820535,0.00001155,542.00000000,1
1531166708000,1531166707994,2820536,0.00001159,103.00000000,0
1531166727983,1531166727980,2820537,0.00001157,103.00000000,0
1531166734774,1531166734768,2820538,0.00001156,258.00000000,0
1531166755858,1531166755851,2820539,0.00001155,1000.00000000,1
1531166972475,1531166972466,2820540,0.00001155,284.00000000,1
1531166972475,1531166972466,2820541,0.00001153,3264.00000000,1
1531166972475,1531166972466,2820542,0.00001152,441.00000000,1
1531166972475,1531166972466,2820543,0.00001150,647.00000000,1
1531166972475,1531166972466,2820544,0.00001150,383.00000000,1
1531166972476,1531166972466,2820545,0.00001150,2338.00000000,1
1531166972476,1531166972466,2820546,0.00001150,4597.00000000,1
1531166996227,1531166996220,2820547,0.00001155,512.00000000,0
1531166997685,1531166997680,2820548,0.00001155,931.00000000,0
1531166998698,1531166998691,2820549,0.00001155,931.00000000,0
1531166999713,1531166999707,2820550,0.00001155,931.00000000,0
1531166999735,1531166999729,2820551,0.00001155,582.00000000,0
1531167001034,1531167001030,2820552,0.00001155,3750.00000000,0
1531167013520,1531167013514,2820553,0.00001155,103.00000000,0
1531167014596,1531167014590,2820554,0.00001151,581.00000000,1
1531167014596,1531167014590,2820555,0.00001150,243.00000000,1
1531167015552,1531167015547,2820556,0.00001150,823.00000000,1
1531167015829,1531167015823,2820557,0.00001152,3.00000000,1
1531167018627,1531167018620,2820558,0.00001152,323.00000000,1
1531167018627,1531167018620,2820559,0.00001151,100.00000000,1
1531167046936,1531167046930,2820560,0.00001155,103.00000000,0
1531167081189,1531167081182,2820561,0.00001153,478.00000000,0
1531167085739,1531167085732,2820562,0.00001153,122.00000000,0
1531167092146,1531167092139,2820563,0.00001151,303.00000000,1
1531167096667,1531167096661,2820564,0.00001155,350.00000000,0
1531167309884,1531167309879,2820565,0.00001155,103.00000000,0
1531167346759,1531167346753,2820566,0.00001155,103.00000000,0
1531167571830,1531167571823,2820567,0.00001155,298.00000000,0
1531167607442,1531167607436,2820568,0.00001155,103.00000000,0
1531167621497,1531167621489,2820569,0.00001155,379.00000000,0
1531167621509,1531167621501,2820570,0.00001155,412.00000000,0
1531167621544,1531167621538,2820571,0.00001155,207.00000000,0
1531167621563,1531167621557,2820572,0.00001155,432.00000000,0
1531167621641,1531167621637,2820573,0.00001155,692.00000000,0
1531167621679,1531167621674,2820574,0.00001155,565.00000000,0
1531167621699,1531167621698,2820575,0.00001155,424.00000000,0
1531167621827,1531167621822,2820576,0.00001155,865.00000000,0
1531167621844,1531167621839,2820577,0.00001155,4329.00000000,0
1531167621990,1531167621983,2820578,0.00001155,647.00000000,0
1531167623070,1531167623068,2820579,0.00001155,346.00000000,0
1531167637446,1531167637444,2820580,0.00001155,103.00000000,0
1531167638723,1531167638718,2820581,0.00001155,100.00000000,0
1531167643430,1531167643424,2820582,0.00001153,4045.00000000,1
1531167688233,1531167688229,2820583,0.00001154,404.00000000,0
1531167688233,1531167688229,2820584,0.00001155,462.00000000,0
1531167913082,1531167913076,2820585,0.00001155,103.00000000,0
1531167942819,1531167942815,2820586,0.00001155,103.00000000,0
1531168036626,1531168036618,2820587,0.00001153,292.00000000,1
1531168036626,1531168036618,2820588,0.00001152,89.00000000,1
1531168036626,1531168036618,2820589,0.00001151,328.00000000,1
1531168036626,1531168036618,2820590,0.00001150,22018.00000000,1
1531168110328,1531168110322,2820591,0.00001155,1028.00000000,0
1531168112092,1531168112088,2820592,0.00001155,686.00000000,0
1531168213865,1531168213860,2820593,0.00001155,103.00000000,0
1531168214305,1531168214300,2820594,0.00001155,90.00000000,0
1531168238040,1531168238034,2820595,0.00001154,174.00000000,1
1531168245283,1531168245278,2820596,0.00001154,103.00000000,0
1531168296921,1531168296915,2820597,0.00001154,709.00000000,0
1531168296921,1531168296915,2820598,0.00001155,291.00000000,0
1531168302147,1531168302142,2820599,0.00001155,500.00000000,0
1531168389475,1531168389470,2820600,0.00001154,559.00000000,0
1531168446318,1531168446312,2820601,0.00001153,381.00000000,0
1531168500717,1531168500714,2820602,0.00001153,1898.00000000,0
1531168518813,1531168518810,2820603,0.00001154,103.00000000,0
1531168560987,1531168560982,2820604,0.00001154,103.00000000,0
1531168634188,1531168634185,2820605,0.00001154,511.00000000,0
1531168634191,1531168634188,2820606,0.00001154,501.00000000,0
1531168634202,1531168634197,2820607,0.00001154,344.00000000,0
1531168636252,1531168636247,2820608,0.00001155,499.00000000,0
1531168694292,1531168694287,2820609,0.00001155,493.00000000,0
1531168724140,1531168724134,2820610,0.00001154,328.00000000,0
1531168724140,1531168724134,2820611,0.00001155,42.00000000,0
1531168814284,1531168814279,2820612,0.00001155,103.00000000,0
1531168858383,1531168851381,2820613,0.00001155,103.00000000,0
1531168921140,1531168921136,2820614,0.00001154,294.00000000,1
1531169013594,1531169013592,2820615,0.00001155,108.00000000,0
1531169034549,1531169034543,2820616,0.00001154,800.00000000,1
1531169082708,1531169082702,2820617,0.00001154,984.00000000,1
1531169082708,1531169082702,2820618,0.00001153,2972.00000000,1
1531169082708,1531169082702,2820619,0.00001152,693.00000000,1
1531169082708,1531169082702,2820620,0.00001148,422.00000000,1
1531169082708,1531169082702,2820621,0.00001147,1059.00000000,1
1531169093252,1531169093245,2820622,0.00001149,425.00000000,1
1531169114483,1531169114478,2820623,0.00001154,103.00000000,0
1531169156637,1531169156631,2820624,0.00001154,103.00000000,0
1531169417363,1531169417356,2820625,0.00001154,103.00000000,0
1531169457280,1531169457273,2820626,0.00001154,103.00000000,0
1531169469337,1531169469332,2820627,0.00001149,172.00000000,1
1531169716638,1531169716631,2820628,0.00001151,104.00000000,0
1531169764544,1531169764538,2820629,0.00001151,68.00000000,0
1531169767206,1531169767200,2820630,0.00001152,777.00000000,0
1531169803425,1531169803419,2820631,0.00001149,694.00000000,1
1531169803474,1531169803468,2820632,0.00001149,89.00000000,0
1531170020783,1531170020778,2820633,0.00001152,104.00000000,0
1531170064534,1531170064528,2820634,0.00001152,104.00000000,0
1531170104007,1531170104000,2820635,0.00001148,3745.00000000,1
1531170104007,1531170104000,2820636,0.00001147,1006.00000000,1
1531170155658,1531170155652,2820637,0.00001148,1230.00000000,1
1531170245646,1531170245640,2820638,0.00001152,778.00000000,0
1531170245646,1531170245640,2820639,0.00001154,90.00000000,0
1531170319901,1531170319898,2820640,0.00001153,104.00000000,0
1531170367808,1531170367803,2820641,0.00001153,104.00000000,0
1531170527125,1531170527120,2820642,0.00001149,44.00000000,1
1531170542748,1531170542742,2820643,0.00001149,650.00000000,1
1531170542795,1531170542788,2820644,0.00001149,549.00000000,0
1531170551574,1531170551569,2820645,0.00001148,1061.00000000,1
1531170559283,1531170559277,2820646,0.00001148,330.00000000,0
1531170560353,1531170560346,2820647,0.00001147,978.00000000,1
1531170572093,1531170572087,2820648,0.00001147,3016.00000000,1
1531170572093,1531170572087,2820649,0.00001146,652.00000000,1
1531170589258,1531170589253,2820650,0.00001148,174.00000000,0
1531170619085,1531170619079,2820651,0.00001148,104.00000000,0
1531170662859,1531170662853,2820652,0.00001148,47.00000000,0
1531170948143,1531170948137,2820653,0.00001148,104.00000000,0
1531170967586,1531170967579,2820654,0.00001147,1141.00000000,1
1531170970858,1531170970853,2820655,0.00001145,852.00000000,1
1531170994187,1531170994183,2820656,0.00001145,12283.00000000,1
1531171019828,1531171019822,2820657,0.00001144,5173.00000000,1
1531171019829,1531171019822,2820658,0.00001143,2029.00000000,1
1531171023126,1531171023121,2820659,0.00001145,89.00000000,1
1531171024638,1531171024635,2820660,0.00001144,265.00000000,0
1531171037417,1531171037411,2820661,0.00001148,87.00000000,0
1531171044890,1531171044885,2820662,0.00001145,89.00000000,1
1531171048638,1531171048635,2820663,0.00001145,7911.00000000,1
1531171076180,1531171076173,2820664,0.00001143,3077.00000000,1
1531171091978,1531171091976,2820665,0.00001145,163.00000000,0
1531171091978,1531171091976,2820666,0.00001145,335.00000000,0
1531171091986,1531171091983,2820667,0.00001145,163.00000000,0
1531171092097,1531171092092,2820668,0.00001145,675.00000000,0
1531171092510,1531171092507,2820669,0.00001145,188.00000000,0
1531171092803,1531171092797,2820670,0.00001144,427.00000000,0
1531171093493,1531171093488,2820671,0.00001144,634.00000000,0
1531171108173,1531171108168,2820672,0.00001143,4051.00000000,1
1531171108413,1531171108409,2820673,0.00001143,2409.00000000,0
1531171108494,1531171108489,2820674,0.00001143,412.00000000,0
1531171108583,1531171108576,2820675,0.00001143,585.00000000,0
1531171109248,1531171109243,2820676,0.00001143,585.00000000,0
1531171113800,1531171113794,2820677,0.00001143,963.00000000,0
1531171116502,1531171116497,2820678,0.00001143,1606.00000000,0
1531171135939,1531171135933,2820679,0.00001141,3275.00000000,1
1531171135939,1531171135933,2820680,0.00001141,751.00000000,1
1531171150867,1531171150862,2820681,0.00001141,176.00000000,1
1531171154797,1531171154792,2820682,0.00001141,6887.00000000,1
1531171154797,1531171154792,2820683,0.00001140,3078.00000000,1
1531171162802,1531171162798,2820684,0.00001140,1582.00000000,1
1531171163293,1531171163288,2820685,0.00001144,697.00000000,0
1531171184665,1531171184660,2820686,0.00001142,89.00000000,1
1531171214810,1531171214803,2820687,0.00001146,104.00000000,0
1531171276625,1531171276618,2820688,0.00001148,87.00000000,0
1531171284341,1531171284337,2820689,0.00001148,174.00000000,0
1531171350990,1531171350984,2820690,0.00001148,3327.00000000,0
1531171698212,1531171698208,2820691,0.00001149,396.00000000,1
1531171754459,1531171754454,2820692,0.00001152,120.00000000,0
1531171842837,1531171842833,2820693,0.00001151,379.00000000,1
1531171842837,1531171842833,2820694,0.00001150,210.00000000,1
1531171853933,1531171853929,2820695,0.00001150,317.00000000,1
1531171894188,1531171894183,2820696,0.00001150,1480.00000000,1
1531171948243,1531171948238,2820697,0.00001153,225.00000000,0
1531172127750,1531172127746,2820698,0.00001150,52.00000000,1
1531172322013,1531172322009,2820699,0.00001150,838.00000000,1
1531172344581,1531172344577,2820700,0.00001154,994.00000000,0
1531172612095,1531172612091,2820701,0.00001153,127.00000000,1
1531172612096,1531172612093,2820702,0.00001153,127.00000000,1
1531172690311,1531172690307,2820703,0.00001154,444.00000000,0
1531172697970,1531172697966,2820704,0.00001155,14659.00000000,0
1531172792385,1531172792381,2820705,0.00001154,216.00000000,1
1531172912788,1531172912785,2820706,0.00001153,124.00000000,1
1531172916298,1531172916294,2820707,0.00001152,55.00000000,1
1531173320618,1531173320614,2820708,0.00001152,1161.00000000,1
1531173324338,1531173324335,2820709,0.00001152,1009.00000000,0
1531173603128,1531173603124,2820710,0.00001153,260.00000000,0
1531173603128,1531173603124,2820711,0.00001154,4055.00000000,0
1531173603128,1531173603124,2820712,0.00001155,6784.00000000,0
1531173637322,1531173637319,2820713,0.00001152,1131.00000000,1
1531173854093,1531173854090,2820714,0.00001155,317.00000000,0
1531174010206,1531174010203,2820715,0.00001155,2417.00000000,0
1531174193159,1531174193157,2820716,0.00001152,1013.00000000,1
1531174203453,1531174203450,2820717,0.00001152,2390.00000000,1
1531174207845,1531174207843,2820718,0.00001152,384.00000000,1
1531174215365,1531174215363,2820719,0.00001152,379.00000000,1
1531174215365,1531174215363,2820720,0.00001151,5.00000000,1
1531174242155,1531174242151,2820721,0.00001155,4660.00000000,0
1531174243609,1531174243607,2820722,0.00001156,690.00000000,0
1531174244258,1531174244256,2820723,0.00001152,1520.00000000,1
1531174256600,1531174256597,2820724,0.00001153,2697.00000000,1
1531174325065,1531174325063,2820725,0.00001153,1294.00000000,1
1531174336490,1531174336488,2820726,0.00001153,863.00000000,1
1531174364188,1531174364185,2820727,0.00001152,693.00000000,1
1531174364188,1531174364185,2820728,0.00001151,6001.00000000,1
1531174364188,1531174364185,2820729,0.00001149,4394.00000000,1
1531174388962,1531174388960,2820730,0.00001154,87.00000000,0
1531174433451,1531174433449,2820731,0.00001152,3329.00000000,0
1531174455996,1531174455994,2820732,0.00001150,694.00000000,1
1531174455996,1531174455994,2820733,0.00001149,2451.00000000,1
1531174469628,1531174469626,2820734,0.00001154,136.00000000,0
1531174624842,1531174624839,2820735,0.00001154,1356.00000000,0
1531174624987,1531174624985,2820736,0.00001154,3633.00000000,1
1531174627655,1531174627653,2820737,0.00001154,2423.00000000,1
1531174631561,1531174631559,2820738,0.00001154,187.00000000,1
1531174758006,1531174758003,2820739,0.00001155,799.00000000,1
1531174758007,1531174758003,2820740,0.00001154,514.00000000,1
1531174802557,1531174802555,2820741,0.00001154,24000.00000000,1
1531174814320,1531174814317,2820742,0.00001154,171.00000000,1
1531174814320,1531174814317,2820743,0.00001153,692.00000000,1
1531174814320,1531174814317,2820744,0.00001150,3152.00000000,1
1531174814320,1531174814317,2820745,0.00001148,13061.00000000,1
1531174830467,1531174830464,2820746,0.00001150,694.00000000,1
1531174834073,1531174834069,2820747,0.00001152,693.00000000,0
1531174834073,1531174834069,2820748,0.00001154,204.00000000,0
1531174835176,1531174835172,2820749,0.00001148,695.00000000,1
1531174835176,1531174835172,2820750,0.00001146,406.00000000,1
1531174835176,1531174835172,2820751,0.00001145,331.00000000,1
1531174835176,1531174835172,2820752,0.00001142,2321.00000000,1
1531174835176,1531174835172,2820753,0.00001141,4008.00000000,1
1531174835176,1531174835172,2820754,0.00001140,1313.00000000,1
1531174836089,1531174836087,2820755,0.00001147,600.00000000,0
1531174836112,1531174836109,2820756,0.00001147,269.00000000,0
1531174836114,1531174836112,2820757,0.00001147,269.00000000,0
1531174841975,1531174841971,2820758,0.00001140,13783.00000000,1
1531174842003,1531174842001,2820759,0.00001140,218.00000000,0
1531174847563,1531174847561,2820760,0.00001143,113.00000000,1
1531174847615,1531174847609,2820761,0.00001139,1115.00000000,1
1531174847615,1531174847609,2820762,0.00001137,190.00000000,1
1531174847615,1531174847609,2820763,0.00001136,89.00000000,1
1531174847615,1531174847609,2820764,0.00001135,792.00000000,1
1531174847615,1531174847609,2820765,0.00001134,3525.00000000,1
1531174847615,1531174847609,2820766,0.00001131,9251.00000000,1
1531174848059,1531174848057,2820767,0.00001141,182.00000000,0
1531174848472,1531174848470,2820768,0.00001141,332.00000000,0
1531174848576,1531174848574,2820769,0.00001141,340.00000000,0
1531174860284,1531174860283,2820770,0.00001141,4380.00000000,0
1531174860469,1531174860467,2820771,0.00001141,4447.00000000,0
1531174878548,1531174878545,2820772,0.00001141,834.00000000,1
1531174879090,1531174879088,2820773,0.00001141,245.00000000,1
1531174883135,1531174883132,2820774,0.00001141,89.00000000,1
1531174888388,1531174888386,2820775,0.00001141,1269.00000000,1
1531174889224,1531174889223,2820776,0.00001141,523.00000000,1
1531174902402,1531174902401,2820777,0.00001141,89.00000000,1
1531174905544,1531174905542,2820778,0.00001142,2189.00000000,0
1531174911055,1531174911053,2820779,0.00001142,2745.00000000,0
1531174912469,1531174912468,2820780,0.00001142,1072.00000000,0
1531174916397,1531174916394,2820781,0.00001142,1013.00000000,1
1531174916397,1531174916394,2820782,0.00001141,462.00000000,1
1531174916397,1531174916394,2820783,0.00001136,539.00000000,1
1531174922370,1531174922368,2820784,0.00001141,101.00000000,0
1531174925877,1531174925874,2820785,0.00001139,91.00000000,0
1531174925914,1531174925911,2820786,0.00001139,314.00000000,0
1531174927754,1531174927751,2820787,0.00001139,341.00000000,0
1531174928657,1531174928655,2820788,0.00001139,179.00000000,0
1531174928657,1531174928655,2820789,0.00001140,8.00000000,0
1531174938061,1531174938058,2820790,0.00001137,514.00000000,1
1531174938160,1531174938157,2820791,0.00001136,257.00000000,1
1531174938176,1531174938174,2820792,0.00001136,257.00000000,1
1531174938497,1531174938494,2820793,0.00001137,1.00000000,0
1531174940503,1531174940500,2820794,0.00001140,168.00000000,0
1531174940503,1531174940500,2820795,0.00001142,618.00000000,0
1531174956547,1531174956545,2820796,0.00001138,791.00000000,1
1531174999360,1531174999358,2820797,0.00001137,219.00000000,1
1531174999360,1531174999358,2820798,0.00001136,19781.00000000,1
1531175009968,1531175009965,2820799,0.00001136,2507.00000000,1
1531175048690,1531175048689,2820800,0.00001138,945.00000000,0
1531175053474,1531175053472,2820801,0.00001138,960.00000000,0
1531175104684,1531175104680,2820802,0.00001139,105.00000000,0
1531175120820,1531175120818,2820803,0.00001139,105.00000000,0
1531175125247,1531175125245,2820804,0.00001136,2794.00000000,1
1531175125247,1531175125245,2820805,0.00001134,2099.00000000,1
1531175125264,1531175125263,2820806,0.00001134,757.00000000,0
1531175125270,1531175125268,2820807,0.00001134,110.00000000,0
1531175125290,1531175125288,2820808,0.00001134,188.00000000,0
1531175125298,1531175125295,2820809,0.00001134,188.00000000,0
1531175125302,1531175125301,2820810,0.00001134,188.00000000,0
1531175125306,1531175125304,2820811,0.00001134,188.00000000,0
1531175127182,1531175127179,2820812,0.00001134,68.00000000,0
1531175128174,1531175128172,2820813,0.00001133,298.00000000,1
1531175128174,1531175128172,2820814,0.00001132,33.00000000,1
1531175128202,1531175128200,2820815,0.00001132,490.00000000,1
1531175128241,1531175128238,2820816,0.00001132,2273.00000000,0
1531175132729,1531175132727,2820817,0.00001132,2.00000000,0
1531175135043,1531175135041,2820818,0.00001134,52.00000000,0
1531175135134,1531175135133,2820819,0.00001134,3368.00000000,0
1531175138714,1531175138711,2820820,0.00001138,150.00000000,0
1531175143348,1531175143346,2820821,0.00001135,110.00000000,1
1531175143376,1531175143375,2820822,0.00001135,106.00000000,1
1531175143438,1531175143435,2820823,0.00001135,188.00000000,1
1531175146655,1531175146654,2820824,0.00001135,838.00000000,1
1531175154231,1531175154228,2820825,0.00001135,93.00000000,1
1531175158803,1531175158802,2820826,0.00001138,13.00000000,0
1531175212658,1531175212656,2820827,0.00001135,219.00000000,1
1531175213948,1531175213947,2820828,0.00001134,360.00000000,1
1531175226154,1531175226152,2820829,0.00001134,192.00000000,1
1531175229058,1531175229056,2820830,0.00001134,776.00000000,1
1531175229096,1531175229094,2820831,0.00001134,19.00000000,1
1531175229118,1531175229116,2820832,0.00001132,578.00000000,1
1531175229195,1531175229193,2820833,0.00001132,2574.00000000,1
1531175232375,1531175232373,2820834,0.00001133,197.00000000,0
1531175236252,1531175236249,2820835,0.00001132,3774.00000000,1
1531175238141,1531175238140,2820836,0.00001133,771.00000000,0
1531175238197,1531175238196,2820837,0.00001133,552.00000000,1
1531175238197,1531175238196,2820838,0.00001132,48.00000000,1
1531175429940,1531175429937,2820839,0.00001139,105.00000000,0
1531175512351,1531175512347,2820840,0.00001138,3446.00000000,0
1531175512351,1531175512347,2820841,0.00001139,167.00000000,0
1531175512351,1531175512347,2820842,0.00001141,41675.00000000,0
1531175512351,1531175512347,2820843,0.00001142,6409.00000000,0
1531175595728,1531175595726,2820844,0.00001138,768.00000000,1
1531175595728,1531175595726,2820845,0.00001137,285.00000000,1
1531175603507,1531175603505,2820846,0.00001141,94.00000000,0
1531175611337,1531175611335,2820847,0.00001137,417.00000000,1
1531175611337,1531175611335,2820848,0.00001133,5208.00000000,1
1531175611337,1531175611335,2820849,0.00001132,19375.00000000,1
1531175611558,1531175611557,2820850,0.00001133,403.00000000,1
1531175612594,1531175612592,2820851,0.00001136,447.00000000,0
1531175612594,1531175612592,2820852,0.00001137,236.00000000,0
1531175615918,1531175615915,2820853,0.00001137,694.00000000,0
1531175628504,1531175628502,2820854,0.00001137,295.00000000,0
1531175648417,1531175648414,2820855,0.00001137,169.00000000,0
1531175710672,1531175710670,2820856,0.00001137,105.00000000,0
1531175728229,1531175728227,2820857,0.00001137,101.00000000,0
1531175734996,1531175734994,2820858,0.00001137,105.00000000,0
1531175736430,1531175736428,2820859,0.00001137,121.00000000,0
1531175779557,1531175779556,2820860,0.00001136,1953.00000000,1
1531175813581,1531175813576,2820861,0.00001136,687.00000000,1
1531175813581,1531175813576,2820862,0.00001135,1381.00000000,1
1531175813581,1531175813576,2820863,0.00001130,1727.00000000,1
1531175813581,1531175813576,2820864,0.00001129,3285.00000000,1
1531175813593,1531175813591,2820865,0.00001129,2036.00000000,0
1531175813603,1531175813602,2820866,0.00001129,2036.00000000,0
1531175813605,1531175813604,2820867,0.00001129,2036.00000000,0
1531175813606,1531175813605,2820868,0.00001129,2042.00000000,0
1531175813623,1531175813621,2820869,0.00001129,600.00000000,0
1531175813632,1531175813630,2820870,0.00001129,2036.00000000,0
1531175813696,1531175813693,2820871,0.00001128,2036.00000000,1
1531175813698,1531175813693,2820872,0.00001128,59.00000000,1
1531175813698,1531175813693,2820873,0.00001127,3800.00000000,1
1531175813698,1531175813693,2820874,0.00001126,1917.00000000,1
1531175813724,1531175813723,2820875,0.00001125,1378.00000000,1
1531175813724,1531175813723,2820876,0.00001126,578.00000000,0
1531175814202,1531175814200,2820877,0.00001126,987.00000000,0
1531175815601,1531175815598,2820878,0.00001125,4318.00000000,1
1531175815601,1531175815599,2820879,0.00001125,4.00000000,1
1531175816329,1531175816328,2820880,0.00001125,113.00000000,0
1531175817501,1531175817499,2820881,0.00001126,658.00000000,0
1531175819934,1531175819933,2820882,0.00001126,1900.00000000,0
1531175819953,1531175819952,2820883,0.00001126,2876.00000000,0
1531175821056,1531175821054,2820884,0.00001126,1.00000000,0
1531175821056,1531175821054,2820885,0.00001127,325.00000000,0
1531175822851,1531175822850,2820886,0.00001127,383.00000000,0
1531175822851,1531175822850,2820887,0.00001128,412.00000000,0
1531175832547,1531175832545,2820888,0.00001128,52.00000000,0
1531175832864,1531175832863,2820889,0.00001124,89.00000000,1
1531175853020,1531175853018,2820890,0.00001124,800.00000000,1
1531175854115,1531175854112,2820891,0.00001124,90.00000000,1
1531175873384,1531175873381,2820892,0.00001124,21.00000000,1
1531175877040,1531175877039,2820893,0.00001123,105.00000000,0
1531175879888,1531175879885,2820894,0.00001124,207.00000000,0
1531175882831,1531175882830,2820895,0.00001123,179.00000000,1
1531175887232,1531175887231,2820896,0.00001124,222.00000000,0
1531175897838,1531175897835,2820897,0.00001127,270.00000000,0
1531175903492,1531175903491,2820898,0.00001122,1300.00000000,1
1531175913270,1531175913267,2820899,0.00001122,1807.00000000,1
1531175913270,1531175913267,2820900,0.00001121,87.00000000,1
1531175913271,1531175913267,2820901,0.00001121,1275.00000000,1
1531175913271,1531175913267,2820902,0.00001120,2757.00000000,1
1531175913855,1531175913854,2820903,0.00001127,90.00000000,0
1531175914397,1531175914394,2820904,0.00001127,164.00000000,0
1531175914397,1531175914394,2820905,0.00001128,16.00000000,0
1531175945340,1531175945339,2820906,0.00001125,362.00000000,0
1531175945616,1531175945614,2820907,0.00001127,887.00000000,1
1531175959626,1531175959624,2820908,0.00001123,207.00000000,1
1531175962457,1531175962455,2820909,0.00001128,656.00000000,0
1531175995100,1531175995099,2820910,0.00001123,74.00000000,1
1531176006792,1531176006790,2820911,0.00001128,379.00000000,0
1531176009268,1531176009267,2820912,0.00001128,106.00000000,0
1531176010313,1531176010312,2820913,0.00001128,379.00000000,0
1531176032326,1531176032324,2820914,0.00001128,106.00000000,0
1531176033158,1531176033156,2820915,0.00001128,177.00000000,0
1531176115946,1531176115943,2820916,0.00001124,42.00000000,1
1531176175657,1531176175654,2820917,0.00001125,8888.00000000,1
1531176175657,1531176175654,2820918,0.00001124,7747.00000000,1
1531176175657,1531176175654,2820919,0.00001123,795.00000000,1
1531176175657,1531176175654,2820920,0.00001122,368.00000000,1
1531176175657,1531176175654,2820921,0.00001121,553.00000000,1
1531176175657,1531176175654,2820922,0.00001120,8324.00000000,1
1531176196555,1531176196553,2820923,0.00001128,269.00000000,0
1531176210036,1531176210035,2820924,0.00001121,13.00000000,1
1531176222941,1531176222940,2820925,0.00001128,177.00000000,0
1531176232442,1531176232438,2820926,0.00001128,3240.00000000,0
1531176234681,1531176234679,2820927,0.00001128,5270.00000000,1
1531176272830,1531176272827,2820928,0.00001126,362.00000000,1
1531176314828,1531176314826,2820929,0.00001127,106.00000000,0
1531176326992,1531176326990,2820930,0.00001127,576.00000000,0
1531176327007,1531176327006,2820931,0.00001127,387.00000000,0
1531176327025,1531176327023,2820932,0.00001127,856.00000000,0
1531176327286,1531176327284,2820933,0.00001127,517.00000000,0
1531176327286,1531176327284,2820934,0.00001128,2142.00000000,0
1531176327348,1531176327347,2820935,0.00001128,709.00000000,0
1531176327421,1531176327418,2820936,0.00001127,613.00000000,1
1531176327493,1531176327492,2820937,0.00001128,579.00000000,0
1531176327531,1531176327530,2820938,0.00001128,344.00000000,0
1531176327872,1531176327871,2820939,0.00001128,238.00000000,0
1531176327921,1531176327917,2820940,0.00001128,4843.00000000,0
1531176328408,1531176328407,2820941,0.00001128,178.00000000,0
1531176328437,1531176328435,2820942,0.00001128,178.00000000,0
1531176328455,1531176328454,2820943,0.00001128,244.00000000,0
1531176372563,1531176372561,2820944,0.00001128,1966.00000000,0
1531176372563,1531176372561,2820945,0.00001129,17.00000000,0
1531176378794,1531176378793,2820946,0.00001129,205.00000000,0
1531176562212,1531176562211,2820947,0.00001128,535.00000000,1
1531176580390,1531176580389,2820948,0.00001129,3161.00000000,0
1531176582635,1531176582632,2820949,0.00001128,6504.00000000,1
1531176584561,1531176584545,2820950,0.00001128,407.00000000,1
1531176584561,1531176584545,2820951,0.00001127,2659.00000000,1
1531176613335,1531176613333,2820952,0.00001129,106.00000000,0
1531176690810,1531176690809,2820953,0.00001129,207.00000000,0
1531176693795,1531176693793,2820954,0.00001129,1.00000000,0
1531176720418,1531176720417,2820955,0.00001129,5.00000000,0
1531176747308,1531176747307,2820956,0.00001129,90.00000000,0
1531176748435,1531176748432,2820957,0.00001129,12205.00000000,0
1531176748740,1531176748739,2820958,0.00001130,3487.00000000,0
1531176749897,1531176749896,2820959,0.00001131,896.00000000,0
1531176750743,1531176750740,2820960,0.00001132,124.00000000,0
1531176763894,1531176763892,2820961,0.00001133,1461.00000000,0
1531176771770,1531176771767,2820962,0.00001134,589.00000000,0
1531176772387,1531176772385,2820963,0.00001133,4843.00000000,1
1531176832778,1531176832777,2820964,0.00001133,149.00000000,0
1531176833317,1531176833315,2820965,0.00001135,179.00000000,0
1531176833330,1531176833329,2820966,0.00001135,719.00000000,0
1531176834081,1531176834079,2820967,0.00001135,18.00000000,1
1531176883766,1531176883764,2820968,0.00001132,2836.00000000,1
1531176883766,1531176883764,2820969,0.00001131,5575.00000000,1
1531176883766,1531176883764,2820970,0.00001130,590.00000000,1
1531176919613,1531176919612,2820971,0.00001131,170.00000000,1
1531177143896,1531177143895,2820972,0.00001131,6.00000000,1
1531177185819,1531177185817,2820973,0.00001131,962.00000000,1
1531177267415,1531177267414,2820974,0.00001135,22.00000000,0
1531177291999,1531177291998,2820975,0.00001131,6.00000000,1
1531177291999,1531177291998,2820976,0.00001130,351.00000000,1
1531177419851,1531177419851,2820977,0.00001133,34.00000000,0
1531177464289,1531177464289,2820978,0.00001130,4248.00000000,1
1531177616407,1531177616408,2820979,0.00001130,12895.00000000,1
1531177616407,1531177616408,2820980,0.00001129,17594.00000000,1
1531177667191,1531177667192,2820981,0.00001133,700.00000000,0
1531177680833,1531177680835,2820982,0.00001133,116.00000000,0
1531177683831,1531177683832,2820983,0.00001133,1.00000000,0
1531177691235,1531177691236,2820984,0.00001133,3000.00000000,0
1531177691966,1531177691966,2820985,0.00001133,272.00000000,0
1531177693267,1531177693268,2820986,0.00001133,1442.00000000,0
1531177700069,1531177700070,2820987,0.00001136,1153.00000000,0
1531177700389,1531177700389,2820988,0.00001137,90.00000000,0
1531177700389,1531177700389,2820989,0.00001138,734.00000000,0
1531177700597,1531177700598,2820990,0.00001138,1153.00000000,0
1531177701679,1531177701680,2820991,0.00001138,1229.00000000,0
1531177701831,1531177701832,2820992,0.00001138,475.00000000,0
1531177702367,1531177702367,2820993,0.00001139,258.00000000,0
1531177702799,1531177702800,2820994,0.00001139,469.00000000,0
1531177702882,1531177702883,2820995,0.00001139,376.00000000,0
1531177705189,1531177705189,2820996,0.00001139,1226.00000000,0
1531177707873,1531177707875,2820997,0.00001139,3000.00000000,0
1531177709231,1531177709231,2820998,0.00001139,1428.00000000,0
1531177789221,1531177789223,2820999,0.00001139,870.00000000,0
1531177792227,1531177792229,2821000,0.00001139,2.00000000,0
1531177801308,1531177801308,2821001,0.00001135,6.00000000,1
1531177816651,1531177816653,2821002,0.00001138,114.00000000,0
1531177821177,1531177821178,2821003,0.00001138,387.00000000,1
1531177849245,1531177849247,2821004,0.00001138,5414.00000000,1
1531177850230,1531177850233,2821005,0.00001136,702.00000000,1
1531177850251,1531177850253,2821006,0.00001135,100.00000000,0
1531177873418,1531177873421,2821007,0.00001135,579.00000000,1
1531177951112,1531177951113,2821008,0.00001138,114.00000000,0
1531177954124,1531177954127,2821009,0.00001138,1.00000000,0
1531178119711,1531178119714,2821010,0.00001137,585.00000000,0
1531178119711,1531178119714,2821011,0.00001138,3637.00000000,0
1531178123739,1531178123742,2821012,0.00001138,23.00000000,0
1531178141236,1531178141239,2821013,0.00001138,43.00000000,0
1531178176822,1531178176825,2821014,0.00001134,848.00000000,1
1531178251538,1531178251541,2821015,0.00001134,56.00000000,1
1531178251538,1531178251541,2821016,0.00001133,1634.00000000,1
1531178251538,1531178251541,2821017,0.00001130,2532.00000000,1
1531178274158,1531178274161,2821018,0.00001135,87.00000000,0
1531178277159,1531178277163,2821019,0.00001135,1.00000000,0
1531178336563,1531178336567,2821020,0.00001135,88.00000000,0
1531178458748,1531178458751,2821021,0.00001135,68.00000000,0
1531178524219,1531178524223,2821022,0.00001135,459.00000000,0
1531178524962,1531178524967,2821023,0.00001135,423.00000000,1
1531178572750,1531178572754,2821024,0.00001134,68.00000000,0
1531178682586,1531178682591,2821025,0.00001134,2464.00000000,0
1531178682586,1531178682591,2821026,0.00001135,1210.00000000,0
1531178813107,1531178813111,2821027,0.00001134,48.00000000,0
1531178884949,1531178884954,2821028,0.00001134,1000.00000000,0
1531178890804,1531178890809,2821029,0.00001134,1500.00000000,0
1531178923611,1531178923615,2821030,0.00001135,6188.00000000,0
1531179007442,1531179007446,2821031,0.00001135,1953.00000000,0
1531179008007,1531179008013,2821032,0.00001135,1637.00000000,1
1531179022032,1531179022039,2821033,0.00001137,20.00000000,0
1531179055012,1531179055017,2821034,0.00001137,879.00000000,0
1531179060987,1531179060993,2821035,0.00001131,705.00000000,1
1531179061258,1531179061261,2821036,0.00001131,1456.00000000,0
1531179061258,1531179061261,2821037,0.00001137,109.00000000,0
1531179062039,1531179062043,2821038,0.00001137,873.00000000,0
1531179081123,1531179081127,2821039,0.00001135,2808.00000000,0
1531179081123,1531179081127,2821040,0.00001136,2131.00000000,0
1531179082018,1531179082023,2821041,0.00001136,3864.00000000,1
1531179137490,1531179137493,2821042,0.00001134,373.00000000,0
1531179159527,1531179159531,2821043,0.00001134,435.00000000,0
1531179180046,1531179180050,2821044,0.00001134,27.00000000,0
1531179202904,1531179202910,2821045,0.00001133,648.00000000,0
1531179228799,1531179228805,2821046,0.00001133,882.00000000,0
1531179328348,1531179328353,2821047,0.00001129,774.00000000,1
1531179395576,1531179395582,2821048,0.00001132,9.00000000,0
1531179547143,1531179547149,2821049,0.00001129,887.00000000,1
1531179605859,1531179605865,2821050,0.00001132,8.00000000,0
1531179732501,1531179732506,2821051,0.00001132,302.00000000,0
1531179738182,1531179738189,2821052,0.00001132,3299.00000000,0
1531179739748,1531179739752,2821053,0.00001132,3000.00000000,1
1531179739830,1531179739837,2821054,0.00001132,3125.00000000,1
1531179746177,1531179746182,2821055,0.00001132,153.00000000,1
1531179819692,1531179819697,2821056,0.00001129,1215.00000000,1
1531179873323,1531179873330,2821057,0.00001133,27.00000000,0
1531179968836,1531179968844,2821058,0.00001133,57.00000000,0
1531179995385,1531179995392,2821059,0.00001129,13024.00000000,1
1531179996155,1531179996160,2821060,0.00001129,10046.00000000,1
1531180032622,1531180032629,2821061,0.00001129,50.00000000,1
1531180145327,1531180145334,2821062,0.00001132,519.00000000,0
1531180145949,1531180145956,2821063,0.00001132,519.00000000,0
1531180158112,1531180158119,2821064,0.00001132,1000.00000000,0
1531180223754,1531180223762,2821065,0.00001129,2.00000000,1
1531180272991,1531180272998,2821066,0.00001132,100.00000000,0
1531180450545,1531180450552,2821067,0.00001132,62.00000000,0
1531180453568,1531180453575,2821068,0.00001132,1.00000000,0
1531180482363,1531180482372,2821069,0.00001132,1788.00000000,0
1531180509385,1531180509393,2821070,0.00001129,65.00000000,1
1531180553106,1531180553115,2821071,0.00001129,457.00000000,1
1531180553972,1531180553980,2821072,0.00001129,457.00000000,1
1531180556198,1531180556204,2821073,0.00001129,457.00000000,1
1531180556444,1531180556450,2821074,0.00001129,457.00000000,1
1531180569955,1531180569962,2821075,0.00001129,12.00000000,1
1531180570288,1531180570296,2821076,0.00001129,457.00000000,1
1531180603166,1531180603174,2821077,0.00001129,712.00000000,1
1531180606100,1531180606107,2821078,0.00001129,428.00000000,1
1531180614947,1531180614952,2821079,0.00001129,332.00000000,1
1531180617626,1531180617631,2821080,0.00001129,210.00000000,1
1531180653585,1531180653590,2821081,0.00001132,864.00000000,0
1531180656796,1531180656804,2821082,0.00001130,400.00000000,1
1531180657605,1531180657612,2821083,0.00001132,1372.00000000,0
1531180662570,1531180662577,2821084,0.00001132,930.00000000,0
1531180667327,1531180667334,2821085,0.00001132,929.00000000,0
1531180672254,1531180672261,2821086,0.00001132,929.00000000,0
1531180677243,1531180677251,2821087,0.00001132,927.00000000,0
1531180682574,1531180682581,2821088,0.00001132,925.00000000,0
1531180687296,1531180687302,2821089,0.00001132,922.00000000,0
1531180692319,1531180692325,2821090,0.00001132,871.00000000,0
1531180781837,1531180781844,2821091,0.00001130,617.00000000,1
1531180781837,1531180781844,2821092,0.00001129,4383.00000000,1
1531180806513,1531180806519,2821093,0.00001129,2.00000000,1
1531180834100,1531180834105,2821094,0.00001132,3.00000000,0
1531180865173,1531180865172,2821095,0.00001129,35994.00000000,1
1531180865173,1531180865172,2821096,0.00001122,180.00000000,1
1531180865173,1531180865172,2821097,0.00001121,525.00000000,1
1531180865173,1531180865172,2821098,0.00001120,2054.00000000,1
1531180865173,1531180865172,2821099,0.00001119,8919.00000000,1
1531180865173,1531180865172,2821100,0.00001118,7289.00000000,1
1531180865173,1531180865172,2821101,0.00001117,5044.00000000,1
1531180865173,1531180865172,2821102,0.00001116,824.00000000,1
1531180865173,1531180865172,2821103,0.00001115,6926.00000000,1
1531180865173,1531180865172,2821104,0.00001114,193.00000000,1
1531180865173,1531180865172,2821105,0.00001112,2375.00000000,1
1531180865173,1531180865172,2821106,0.00001111,5735.00000000,1
1531180865173,1531180865172,2821107,0.00001110,7395.00000000,1
1531180865173,1531180865172,2821108,0.00001106,450.00000000,1
1531180865173,1531180865172,2821109,0.00001105,108.00000000,1
1531180865173,1531180865172,2821110,0.00001104,14352.00000000,1
1531180865173,1531180865172,2821111,0.00001103,22566.00000000,1
1531180865173,1531180865172,2821112,0.00001103,1200.00000000,1
1531180865589,1531180865595,2821113,0.00001114,108.00000000,1
1531180867358,1531180867364,2821114,0.00001115,13.00000000,1
1531180869027,1531180869033,2821115,0.00001117,161.00000000,1
1531180870436,1531180870442,2821116,0.00001121,177.00000000,0
1531180871012,1531180871017,2821117,0.00001117,553.00000000,1
1531180871049,1531180871055,2821118,0.00001117,766.00000000,0
1531180871087,1531180871093,2821119,0.00001117,4.00000000,0
1531180871163,1531180871165,2821120,0.00001121,535.00000000,0
1531180871163,1531180871165,2821121,0.00001122,265.00000000,0
1531180871227,1531180871234,2821122,0.00001122,2178.00000000,0
1531180873754,1531180873759,2821123,0.00001122,1610.00000000,0
1531180873909,1531180873914,2821124,0.00001117,732.00000000,1
1531180873909,1531180873914,2821125,0.00001110,719.00000000,1
1531180873909,1531180873914,2821126,0.00001105,66526.00000000,1
1531180873909,1531180873914,2821127,0.00001104,22720.00000000,1
1531180876213,1531180876218,2821128,0.00001120,96.00000000,0
1531180876768,1531180876773,2821129,0.00001118,711.00000000,0
1531180876780,1531180876781,2821130,0.00001118,3.00000000,0
1531180880447,1531180880451,2821131,0.00001115,585.00000000,1
1531180880462,1531180880467,2821132,0.00001115,8935.00000000,0
1531180880472,1531180880479,2821133,0.00001115,597.00000000,0
1531180880474,1531180880480,2821134,0.00001115,8914.00000000,0
1531180880503,1531180880508,2821135,0.00001115,394.00000000,0
1531180882339,1531180882338,2821136,0.00001115,715.00000000,1
1531180882339,1531180882338,2821137,0.00001110,557.00000000,1
1531180882339,1531180882338,2821138,0.00001104,6341.00000000,1
1531180882339,1531180882338,2821139,0.00001103,60538.00000000,1
1531180882339,1531180882338,2821140,0.00001102,5974.00000000,1
1531180882339,1531180882338,2821141,0.00001101,146893.00000000,1
1531180882339,1531180882338,2821142,0.00001100,43410.00000000,1
1531180882342,1531180882338,2821143,0.00001099,109.00000000,1
1531180882342,1531180882338,2821144,0.00001094,183.00000000,1
1531180882342,1531180882338,2821145,0.00001093,1205.00000000,1
1531180882342,1531180882338,2821146,0.00001091,3598.00000000,1
1531180882342,1531180882338,2821147,0.00001090,2211.00000000,1
1531180882342,1531180882338,2821148,0.00001089,500.00000000,1
1531180882342,1531180882338,2821149,0.00001088,4902.00000000,1
1531180882342,1531180882338,2821150,0.00001086,3934.00000000,1
1531180882342,1531180882338,2821151,0.00001085,96.00000000,1
1531180882342,1531180882338,2821152,0.00001083,967.00000000,1
1531180882342,1531180882338,2821153,0.00001081,300.00000000,1
1531180882342,1531180882338,2821154,0.00001080,2119.00000000,1
1531180882342,1531180882338,2821155,0.00001078,9876.00000000,1
1531180882354,1531180882359,2821156,0.00001090,99.00000000,0
1531180882354,1531180882359,2821157,0.00001100,10069.00000000,0
1531180882358,1531180882362,2821158,0.00001100,909.00000000,0
1531180882365,1531180882372,2821159,0.00001100,1527.00000000,0
1531180882382,1531180882388,2821160,0.00001100,1528.00000000,0
1531180882411,1531180882417,2821161,0.00001100,5315.00000000,0
1531180882422,1531180882427,2821162,0.00001100,577.00000000,0
1531180882429,1531180882436,2821163,0.00001100,486.00000000,0
1531180882441,1531180882448,2821164,0.00001100,5315.00000000,0
1531180882489,1531180882495,2821165,0.00001100,2727.00000000,0
1531180882543,1531180882548,2821166,0.00001100,5330.00000000,0
1531180882679,1531180882686,2821167,0.00001100,1154.00000000,0
1531180882680,1531180882686,2821168,0.00001100,2062.00000000,0
1531180882715,1531180882721,2821169,0.00001100,1142.00000000,0
1531180882791,1531180882798,2821170,0.00001100,1102.00000000,0
1531180882853,1531180882859,2821171,0.00001100,4791.00000000,0
1531180882858,1531180882865,2821172,0.00001100,3506.00000000,0
1531180882952,1531180882957,2821173,0.00001093,555.00000000,0
1531180882952,1531180882957,2821174,0.00001100,573.00000000,0
1531180882988,1531180882994,2821175,0.00001100,3050.00000000,0
1531180883081,1531180883086,2821176,0.00001100,3101.00000000,0
1531180883203,1531180883210,2821177,0.00001100,231.00000000,0
1531180883220,1531180883226,2821178,0.00001099,526.00000000,0
1531180883220,1531180883226,2821179,0.00001100,1017.00000000,0
1531180883309,1531180883314,2821180,0.00001100,5058.00000000,0
1531180883309,1531180883316,2821181,0.00001100,8130.00000000,0
1531180883406,1531180883413,2821182,0.00001100,1036.00000000,0
1531180883585,1531180883590,2821183,0.00001090,3227.00000000,1
1531180883585,1531180883590,2821184,0.00001089,5142.00000000,1
1531180884031,1531180884037,2821185,0.00001096,338.00000000,0
1531180884137,1531180884141,2821186,0.00001098,223.00000000,0
1531180884137,1531180884141,2821187,0.00001099,517.00000000,0
1531180884137,1531180884141,2821188,0.00001100,313.00000000,0
1531180884483,1531180884489,2821189,0.00001097,209.00000000,1
1531180884559,1531180884564,2821190,0.00001097,138.00000000,0
1531180884559,1531180884564,2821191,0.00001099,420.00000000,0
1531180884721,1531180884727,2821192,0.00001095,338.00000000,0
1531180884721,1531180884727,2821193,0.00001099,6949.00000000,0
1531180885058,1531180885065,2821194,0.00001100,646.00000000,0
1531180885231,1531180885236,2821195,0.00001100,1069.00000000,0
1531180885333,1531180885339,2821196,0.00001100,9793.00000000,0
1531180885414,1531180885418,2821197,0.00001100,4942.00000000,0
1531180885536,1531180885542,2821198,0.00001096,338.00000000,0
1531180885536,1531180885542,2821199,0.00001100,5537.00000000,0
1531180886082,1531180886087,2821200,0.00001099,744.00000000,0
1531180886248,1531180886254,2821201,0.00001098,727.00000000,0
1531180886248,1531180886254,2821202,0.00001099,497.00000000,0
1531180886248,1531180886254,2821203,0.00001100,8683.00000000,0
1531180886856,1531180886860,2821204,0.00001097,546.00000000,0
1531180887134,1531180887140,2821205,0.00001098,1479.00000000,0
1531180887167,1531180887173,2821206,0.00001098,2535.00000000,0
1531180887167,1531180887173,2821207,0.00001100,7466.00000000,0
1531180887374,1531180887377,2821208,0.00001100,136.00000000,0
1531180887537,1531180887543,2821209,0.00001100,2466.00000000,0
1531180888451,1531180888456,2821210,0.00001095,424.00000000,1
1531180888765,1531180888770,2821211,0.00001096,126.00000000,0
1531180890743,1531180890749,2821212,0.00001095,13.00000000,1
1531180891005,1531180891011,2821213,0.00001098,237.00000000,0
1531180891005,1531180891011,2821214,0.00001100,551.00000000,0
1531180891782,1531180891787,2821215,0.00001097,670.00000000,0
1531180891838,1531180891844,2821216,0.00001097,390.00000000,0
1531180892136,1531180892142,2821217,0.00001099,2170.00000000,0
1531180892482,1531180892488,2821218,0.00001099,3617.00000000,0
1531180893349,1531180893354,2821219,0.00001098,429.00000000,0
1531180893349,1531180893354,2821220,0.00001099,3188.00000000,0
1531180897869,1531180897874,2821221,0.00001095,821.00000000,1
1531180898408,1531180898414,2821222,0.00001095,2002.00000000,1
1531180898408,1531180898414,2821223,0.00001089,3998.00000000,1
1531180899714,1531180899719,2821224,0.00001093,13.00000000,1
1531180900345,1531180900350,2821225,0.00001097,640.00000000,0
1531180901396,1531180901402,2821226,0.00001097,1.00000000,0
1531180902888,1531180902893,2821227,0.00001093,1.00000000,1
1531180902928,1531180902934,2821228,0.00001093,420.00000000,1
1531180903967,1531180903973,2821229,0.00001093,187.00000000,1
1531180903984,1531180903992,2821230,0.00001093,194.00000000,0
1531180904015,1531180904020,2821231,0.00001093,3418.00000000,0
1531180904062,1531180904067,2821232,0.00001093,201.00000000,0
1531180904080,1531180904084,2821233,0.00001096,1970.00000000,1
1531180904089,1531180904094,2821234,0.00001089,1970.00000000,1
1531180904979,1531180904984,2821235,0.00001097,456.00000000,0
1531180905015,1531180905021,2821236,0.00001094,13.00000000,1
1531180905775,1531180905779,2821237,0.00001094,4374.00000000,1
1531180905775,1531180905779,2821238,0.00001088,42486.00000000,1
1531180905775,1531180905779,2821239,0.00001087,4733.00000000,1
1531180905775,1531180905779,2821240,0.00001086,358.00000000,1
1531180905775,1531180905779,2821241,0.00001085,16071.00000000,1
1531180905981,1531180905986,2821242,0.00001095,642.00000000,0
1531180907674,1531180907679,2821243,0.00001090,13.00000000,1
1531180907859,1531180907864,2821244,0.00001091,358.00000000,0
1531180907859,1531180907864,2821245,0.00001093,500.00000000,0
1531180908695,1531180908700,2821246,0.00001090,142.00000000,1
1531180909148,1531180909154,2821247,0.00001087,4.00000000,1
1531180909215,1531180909218,2821248,0.00001089,4638.00000000,0
1531180909251,1531180909256,2821249,0.00001089,99.00000000,0
1531180909547,1531180909552,2821250,0.00001090,1291.00000000,0
1531180909889,1531180909894,2821251,0.00001090,793.00000000,0
1531180913812,1531180913816,2821252,0.00001087,13.00000000,1
1531180914468,1531180914462,2821253,0.00001087,10621.00000000,1
1531180914468,1531180914462,2821254,0.00001085,30011.00000000,1
1531180914468,1531180914462,2821255,0.00001083,1344.00000000,1
1531180914468,1531180914462,2821256,0.00001081,2958.00000000,1
1531180914468,1531180914462,2821257,0.00001080,3052.00000000,1
1531180914468,1531180914462,2821258,0.00001079,930.00000000,1
1531180914468,1531180914462,2821259,0.00001078,8240.00000000,1
1531180914468,1531180914462,2821260,0.00001077,2582.00000000,1
1531180914468,1531180914462,2821261,0.00001076,1093.00000000,1
1531180914468,1531180914462,2821262,0.00001075,6071.00000000,1
1531180914468,1531180914462,2821263,0.00001074,407.00000000,1
1531180914468,1531180914462,2821264,0.00001073,594.00000000,1
1531180914468,1531180914462,2821265,0.00001072,230.00000000,1
1531180914468,1531180914462,2821266,0.00001071,4050.00000000,1
1531180914468,1531180914462,2821267,0.00001070,1157.00000000,1
1531180914468,1531180914462,2821268,0.00001069,1729.00000000,1
1531180914468,1531180914462,2821269,0.00001068,2051.00000000,1
1531180914468,1531180914462,2821270,0.00001067,12507.00000000,1
1531180914468,1531180914462,2821271,0.00001066,12407.00000000,1
1531180914468,1531180914462,2821272,0.00001066,2416.00000000,1
1531180914483,1531180914489,2821273,0.00001072,1000.00000000,0
1531180914611,1531180914616,2821274,0.00001084,563.00000000,0
1531180914627,1531180914633,2821275,0.00001079,429.00000000,1
1531180914936,1531180914942,2821276,0.00001081,297.00000000,0
1531180914957,1531180914963,2821277,0.00001081,297.00000000,0
1531180914992,1531180914998,2821278,0.00001083,592.00000000,0
1531180914995,1531180915000,2821279,0.00001083,2.00000000,0
1531180915029,1531180915035,2821280,0.00001087,174.00000000,0
1531180915116,1531180915121,2821281,0.00001084,269.00000000,0
1531180915116,1531180915121,2821282,0.00001087,2436.00000000,0
1531180915149,1531180915155,2821283,0.00001087,278.00000000,1
1531180915149,1531180915155,2821284,0.00001087,278.00000000,1
1531180915156,1531180915162,2821285,0.00001087,278.00000000,1
1531180915187,1531180915194,2821286,0.00001087,536.00000000,0
1531180915371,1531180915376,2821287,0.00001087,2713.00000000,0
1531180915397,1531180915402,2821288,0.00001085,542.00000000,1
1531180915398,1531180915403,2821289,0.00001088,2713.00000000,0
1531180915479,1531180915485,2821290,0.00001085,700.00000000,1
1531180915479,1531180915485,2821291,0.00001083,226.00000000,1
1531180915500,1531180915505,2821292,0.00001087,491.00000000,1
1531180915523,1531180915528,2821293,0.00001083,368.00000000,1
1531180915533,1531180915538,2821294,0.00001080,188.00000000,0
1531180915552,1531180915559,2821295,0.00001080,6.00000000,0
1531180915644,1531180915651,2821296,0.00001079,557.00000000,1
1531180915666,1531180915670,2821297,0.00001081,129.00000000,1
1531180915680,1531180915684,2821298,0.00001081,561.00000000,1
1531180915896,1531180915902,2821299,0.00001083,361.00000000,0
1531180915896,1531180915902,2821300,0.00001085,95.00000000,0
1531180916088,1531180916093,2821301,0.00001082,1264.00000000,0
1531180916263,1531180916268,2821302,0.00001082,2661.00000000,0
1531180917006,1531180917013,2821303,0.00001085,677.00000000,0
1531180917705,1531180917710,2821304,0.00001082,176.00000000,0
1531180917705,1531180917710,2821305,0.00001085,157.00000000,0
1531180917854,1531180917859,2821306,0.00001085,525.00000000,0
1531180918267,1531180918274,2821307,0.00001079,13.00000000,1
1531180919009,1531180919015,2821308,0.00001081,130.00000000,0
1531180919174,1531180919179,2821309,0.00001081,932.00000000,0
1531180919234,1531180919238,2821310,0.00001085,586.00000000,0
1531180919234,1531180919238,2821311,0.00001086,680.00000000,0
1531180920542,1531180920547,2821312,0.00001083,525.00000000,0
1531180920553,1531180920558,2821313,0.00001083,22.00000000,0
1531180920553,1531180920558,2821314,0.00001084,1085.00000000,0
1531180920617,1531180920620,2821315,0.00001084,2410.00000000,0
1531180920617,1531180920620,2821316,0.00001086,84.00000000,0
1531180920617,1531180920620,2821317,0.00001087,4332.00000000,0
1531180920641,1531180920646,2821318,0.00001088,778.00000000,0
1531180920758,1531180920764,2821319,0.00001089,132.00000000,0
1531180920913,1531180920919,2821320,0.00001088,541.00000000,1
1531180921517,1531180921522,2821321,0.00001089,8920.00000000,0
1531180921971,1531180921975,2821322,0.00001090,2977.00000000,0
1531180922086,1531180922091,2821323,0.00001088,139.00000000,1
1531180922893,1531180922899,2821324,0.00001088,4562.00000000,1
1531180923199,1531180923204,2821325,0.00001091,146.00000000,0
1531180923430,1531180923436,2821326,0.00001088,852.00000000,1
1531180924035,1531180924041,2821327,0.00001090,184.00000000,0
1531180924035,1531180924041,2821328,0.00001091,220.00000000,0
1531180924299,1531180924305,2821329,0.00001088,853.00000000,1
1531180924320,1531180924320,2821330,0.00001088,10304.00000000,1
1531180924320,1531180924320,2821331,0.00001087,4014.00000000,1
1531180924320,1531180924320,2821332,0.00001084,1107.00000000,1
1531180924320,1531180924320,2821333,0.00001073,539.00000000,1
1531180924320,1531180924320,2821334,0.00001072,5390.00000000,1
1531180924320,1531180924320,2821335,0.00001071,605.00000000,1
1531180924320,1531180924320,2821336,0.00001070,42754.00000000,1
1531180924320,1531180924320,2821337,0.00001069,6021.00000000,1
1531180924320,1531180924320,2821338,0.00001068,2158.00000000,1
1531180924320,1531180924320,2821339,0.00001067,1263.00000000,1
1531180924320,1531180924320,2821340,0.00001066,27880.00000000,1
1531180924614,1531180924620,2821341,0.00001077,467.00000000,0
1531180924737,1531180924741,2821342,0.00001078,299.00000000,1
1531180924760,1531180924764,2821343,0.00001078,266.00000000,1
1531180924764,1531180924769,2821344,0.00001076,33.00000000,0
1531180924777,1531180924783,2821345,0.00001089,299.00000000,1
1531180924818,1531180924824,2821346,0.00001089,933.00000000,1
1531180924818,1531180924824,2821347,0.00001089,280.00000000,1
1531180924855,1531180924861,2821348,0.00001089,271.00000000,1
1531180924884,1531180924889,2821349,0.00001089,280.00000000,1
1531180924960,1531180924963,2821350,0.00001089,430.00000000,1
1531180925018,1531180925013,2821351,0.00001089,279.00000000,1
1531180925018,1531180925014,2821352,0.00001089,539.00000000,1
1531180925035,1531180925041,2821353,0.00001089,299.00000000,1
1531180925128,1531180925131,2821354,0.00001089,549.00000000,1
1531180925152,1531180925158,2821355,0.00001089,280.00000000,1
1531180925279,1531180925284,2821356,0.00001089,363.00000000,1
1531180925376,1531180925380,2821357,0.00001090,400.00000000,1
1531180925732,1531180925737,2821358,0.00001091,525.00000000,0
1531180925811,1531180925816,2821359,0.00001090,94.00000000,1
1531180925955,1531180925960,2821360,0.00001090,205.00000000,1
1531180926487,1531180926493,2821361,0.00001090,281.00000000,1
1531180926555,1531180926560,2821362,0.00001090,619.00000000,1
1531180926555,1531180926560,2821363,0.00001089,1983.00000000,1
1531180926694,1531180926699,2821364,0.00001089,94.00000000,1
1531180926719,1531180926724,2821365,0.00001089,412.00000000,1
1531180927166,1531180927170,2821366,0.00001089,16.00000000,1
1531180927166,1531180927170,2821367,0.00001076,95.00000000,1
1531180927166,1531180927170,2821368,0.00001071,87.00000000,1
1531180927844,1531180927848,2821369,0.00001089,279.00000000,0
1531180927859,1531180927864,2821370,0.00001089,213.00000000,0
1531180927861,1531180927866,2821371,0.00001089,279.00000000,0
1531180928135,1531180928141,2821372,0.00001089,81.00000000,0
1531180928135,1531180928141,2821373,0.00001090,85.00000000,0
1531180928183,1531180928189,2821374,0.00001090,345.00000000,0
1531180928215,1531180928219,2821375,0.00001090,279.00000000,0
1531180928874,1531180928880,2821376,0.00001090,353.00000000,0
1531180928874,1531180928880,2821377,0.00001091,14.00000000,0
1531180929742,1531180929747,2821378,0.00001081,106.00000000,1
1531180934570,1531180934575,2821379,0.00001080,121.00000000,0
1531180935867,1531180935872,2821380,0.00001079,475.00000000,0
1531180936216,1531180936221,2821381,0.00001081,130.00000000,0
1531180936216,1531180936221,2821382,0.00001083,139.00000000,0
1531180936216,1531180936221,2821383,0.00001089,1876.00000000,0
1531180936216,1531180936221,2821384,0.00001090,9453.00000000,0
1531180936897,1531180936903,2821385,0.00001090,107.00000000,0
1531180938426,1531180938431,2821386,0.00001080,1067.00000000,1
1531180942367,1531180942371,2821387,0.00001081,4.00000000,1
1531180945412,1531180945415,2821388,0.00001089,364.00000000,0
1531180946717,1531180946723,2821389,0.00001089,278.00000000,0
1531180947263,1531180947268,2821390,0.00001081,94.00000000,0
1531180948147,1531180948153,2821391,0.00001079,805.00000000,1
1531180948600,1531180948604,2821392,0.00001080,278.00000000,1
1531180950098,1531180950102,2821393,0.00001087,429.00000000,0
1531180950098,1531180950102,2821394,0.00001088,396.00000000,0
1531180950134,1531180950139,2821395,0.00001088,456.00000000,0
1531180951917,1531180951923,2821396,0.00001088,1020.00000000,0
1531180951917,1531180951923,2821397,0.00001089,8137.00000000,0
1531180954476,1531180954481,2821398,0.00001088,282.00000000,0
1531180954476,1531180954481,2821399,0.00001089,418.00000000,0
1531180956200,1531180956205,2821400,0.00001082,834.00000000,1
1531180957147,1531180957153,2821401,0.00001089,512.00000000,0
1531180959363,1531180959369,2821402,0.00001087,647.00000000,0
1531180960597,1531180960601,2821403,0.00001083,2375.00000000,1
1531180967343,1531180967348,2821404,0.00001082,187.00000000,0
1531180969252,1531180969258,2821405,0.00001082,187.00000000,0
1531180970418,1531180970423,2821406,0.00001082,94.00000000,0
1531180971323,1531180971328,2821407,0.00001082,2281.00000000,0
1531180971870,1531180971874,2821408,0.00001083,62.00000000,0
1531180972218,1531180972224,2821409,0.00001080,833.00000000,1
1531180973181,1531180973186,2821410,0.00001081,995.00000000,0
1531180973274,1531180973280,2821411,0.00001081,75.00000000,0
1531180974621,1531180974625,2821412,0.00001082,139.00000000,0
1531180974806,1531180974812,2821413,0.00001080,1845.00000000,1
1531180974806,1531180974812,2821414,0.00001078,3155.00000000,1
1531180980698,1531180980704,2821415,0.00001083,736.00000000,0
1531180982259,1531180982265,2821416,0.00001079,6943.00000000,1
1531180987471,1531180987476,2821417,0.00001079,1500.00000000,1
1531180990408,1531180990414,2821418,0.00001081,1949.00000000,0
1531180990408,1531180990414,2821419,0.00001082,1067.00000000,0
1531180991796,1531180991802,2821420,0.00001082,975.00000000,1
1531180992949,1531180992954,2821421,0.00001084,139.00000000,0
1531180998670,1531180998675,2821422,0.00001083,1069.00000000,0
1531180998670,1531180998675,2821423,0.00001084,5603.00000000,0
1531180999502,1531180999508,2821424,0.00001084,728.00000000,0
1531181010818,1531181010824,2821425,0.00001083,14.00000000,0
1531181012568,1531181012574,2821426,0.00001082,3566.00000000,1
1531181013344,1531181013350,2821427,0.00001079,1926.00000000,1
1531181014024,1531181014029,2821428,0.00001081,60.00000000,0
1531181018894,1531181018898,2821429,0.00001080,1063.00000000,0
1531181018904,1531181018908,2821430,0.00001080,1.00000000,0
1531181026279,1531181026285,2821431,0.00001080,1069.00000000,0
1531181032788,1531181032793,2821432,0.00001080,5372.00000000,0
1531181033583,1531181033587,2821433,0.00001079,1064.00000000,1
1531181038274,1531181038277,2821434,0.00001080,92.00000000,0
1531181041259,1531181041265,2821435,0.00001079,1067.00000000,1
1531181047989,1531181047994,2821436,0.00001078,184.00000000,1
1531181048042,1531181048048,2821437,0.00001078,261.00000000,0
1531181048057,1531181048061,2821438,0.00001078,282.00000000,0
1531181055945,1531181055949,2821439,0.00001078,21112.00000000,0
1531181056272,1531181056276,2821440,0.00001078,11555.00000000,0
1531181059424,1531181059430,2821441,0.00001085,660.00000000,0
1531181114259,1531181114264,2821442,0.00001082,185.00000000,0
1531181114259,1531181114264,2821443,0.00001083,1719.00000000,0
1531181114754,1531181114757,2821444,0.00001080,1250.00000000,1
1531181114754,1531181114757,2821445,0.00001077,5750.00000000,1
1531181148666,1531181148671,2821446,0.00001080,196.00000000,0
1531181148699,1531181148702,2821447,0.00001080,130.00000000,0
1531181148714,1531181148717,2821448,0.00001080,196.00000000,0
1531181161159,1531181161165,2821449,0.00001080,41.00000000,0
1531181161433,1531181161437,2821450,0.00001082,1382.00000000,0
1531181165314,1531181165319,2821451,0.00001080,421.00000000,1
1531181165314,1531181165319,2821452,0.00001078,377.00000000,1
1531181165314,1531181165319,2821453,0.00001076,95.00000000,1
1531181165314,1531181165319,2821454,0.00001075,1090.00000000,1
1531181169541,1531181169546,2821455,0.00001075,282.00000000,1
1531181169844,1531181169849,2821456,0.00001082,4087.00000000,0
1531181169844,1531181169849,2821457,0.00001083,1465.00000000,0
1531181169844,1531181169849,2821458,0.00001084,1874.00000000,0
1531181189454,1531181189460,2821459,0.00001078,94.00000000,1
1531181219597,1531181219603,2821460,0.00001076,809.00000000,1
1531181220432,1531181220437,2821461,0.00001075,882.00000000,1
1531181226430,1531181226434,2821462,0.00001076,462.00000000,1
1531181241812,1531181241815,2821463,0.00001082,924.00000000,0
1531181265013,1531181265018,2821464,0.00001081,115.00000000,0
1531181267223,1531181267227,2821465,0.00001080,1.00000000,0
1531181278477,1531181278481,2821466,0.00001079,27.00000000,0
1531181279944,1531181279947,2821467,0.00001076,2977.00000000,1
1531181279944,1531181279947,2821468,0.00001075,1162.00000000,1
1531181279944,1531181279947,2821469,0.00001074,378.00000000,1
1531181279944,1531181279947,2821470,0.00001072,3083.00000000,1
1531181280795,1531181280797,2821471,0.00001079,188.00000000,0
1531181280795,1531181280797,2821472,0.00001080,10.00000000,0
1531181281992,1531181281996,2821473,0.00001080,345.00000000,0
1531181309325,1531181309330,2821474,0.00001080,92.00000000,0
1531181312560,1531181312563,2821475,0.00001072,467.00000000,1
1531181312560,1531181312563,2821476,0.00001071,355.00000000,1
1531181312866,1531181312870,2821477,0.00001080,192.00000000,0
1531181324096,1531181324101,2821478,0.00001078,355.00000000,0
1531181324096,1531181324101,2821479,0.00001080,15360.00000000,0
1531181335984,1531181335988,2821480,0.00001081,9735.00000000,0
1531181345741,1531181345745,2821481,0.00001081,1390.00000000,0
1531181348668,1531181348673,2821482,0.00001080,42.00000000,1
1531181358078,1531181358082,2821483,0.00001080,2659.00000000,1
1531181382102,1531181382106,2821484,0.00001081,173.00000000,0
1531181388920,1531181388922,2821485,0.00001081,518.00000000,0
1531181388985,1531181388990,2821486,0.00001081,1723.00000000,0
1531181391990,1531181391994,2821487,0.00001081,5.00000000,0
1531181415355,1531181415359,2821488,0.00001080,4651.00000000,1
1531181454285,1531181454289,2821489,0.00001080,207.00000000,1
1531181464443,1531181464447,2821490,0.00001080,9827.00000000,1
1531181479147,1531181479151,2821491,0.00001081,177.00000000,0
1531181480879,1531181480877,2821492,0.00001080,23695.00000000,1
1531181480879,1531181480877,2821493,0.00001071,774.00000000,1
1531181480879,1531181480877,2821494,0.00001070,13064.00000000,1
1531181480879,1531181480877,2821495,0.00001069,1092.00000000,1
1531181480879,1531181480877,2821496,0.00001068,1280.00000000,1
1531181480879,1531181480877,2821497,0.00001067,12834.00000000,1
1531181481649,1531181481653,2821498,0.00001072,547.00000000,0
1531181482312,1531181482316,2821499,0.00001074,653.00000000,0
1531181487086,1531181487090,2821500,0.00001075,465.00000000,0
1531181491013,1531181491018,2821501,0.00001070,157.00000000,0
1531181494266,1531181494269,2821502,0.00001076,23.00000000,0
1531181501016,1531181501009,2821503,0.00001069,3293.00000000,1
1531181501016,1531181501009,2821504,0.00001068,3658.00000000,1
1531181501016,1531181501009,2821505,0.00001067,468.00000000,1
1531181501016,1531181501009,2821506,0.00001066,563.00000000,1
1531181501016,1531181501009,2821507,0.00001065,1922.00000000,1
1531181501016,1531181501009,2821508,0.00001064,9809.00000000,1
1531181501016,1531181501009,2821509,0.00001063,4771.00000000,1
1531181501016,1531181501009,2821510,0.00001062,20411.00000000,1
1531181501016,1531181501009,2821511,0.00001061,5604.00000000,1
1531181501016,1531181501009,2821512,0.00001060,2504.00000000,1
1531181501019,1531181501009,2821513,0.00001060,9091.00000000,1
1531181501373,1531181501377,2821514,0.00001067,2350.00000000,0
1531181501408,1531181501411,2821515,0.00001067,165.00000000,0
1531181501448,1531181501453,2821516,0.00001067,11.00000000,0
1531181501485,1531181501490,2821517,0.00001072,563.00000000,0
1531181501551,1531181501555,2821518,0.00001068,442.00000000,0
1531181501582,1531181501585,2821519,0.00001068,442.00000000,0
1531181501621,1531181501626,2821520,0.00001068,770.00000000,0
1531181501638,1531181501641,2821521,0.00001068,331.00000000,0
1531181501650,1531181501655,2821522,0.00001068,773.00000000,0
1531181501659,1531181501663,2821523,0.00001068,331.00000000,0
1531181501682,1531181501686,2821524,0.00001067,438.00000000,1
1531181501686,1531181501689,2821525,0.00001068,973.00000000,0
1531181501686,1531181501689,2821526,0.00001072,566.00000000,0
1531181501689,1531181501694,2821527,0.00001067,487.00000000,1
1531181501695,1531181501698,2821528,0.00001067,171.00000000,0
1531181501717,1531181501721,2821529,0.00001068,405.00000000,0
1531181501719,1531181501723,2821530,0.00001065,171.00000000,1
1531181501837,1531181501842,2821531,0.00001070,441.00000000,0
1531181501932,1531181501936,2821532,0.00001068,254.00000000,0
1531181501950,1531181501954,2821533,0.00001068,282.00000000,0
1531181501950,1531181501954,2821534,0.00001071,410.00000000,0
1531181501987,1531181501991,2821535,0.00001066,282.00000000,0
1531181502002,1531181502002,2821536,0.00001066,273.00000000,0
1531181502037,1531181502041,2821537,0.00001069,4222.00000000,0
1531181502061,1531181502065,2821538,0.00001067,442.00000000,0
1531181502061,1531181502065,2821539,0.00001070,28.00000000,0
1531181502083,1531181502087,2821540,0.00001070,470.00000000,0
1531181502093,1531181502096,2821541,0.00001070,372.00000000,0
1531181502115,1531181502120,2821542,0.00001071,470.00000000,0
1531181502155,1531181502158,2821543,0.00001071,479.00000000,0
1531181502180,1531181502184,2821544,0.00001071,479.00000000,0
1531181502252,1531181502256,2821545,0.00001065,559.00000000,1
1531181502265,1531181502268,2821546,0.00001066,4536.00000000,0
1531181502301,1531181502304,2821547,0.00001066,591.00000000,0
1531181502639,1531181502641,2821548,0.00001070,1271.00000000,0
1531181502744,1531181502748,2821549,0.00001070,1376.00000000,0
1531181503230,1531181503234,2821550,0.00001066,514.00000000,1
1531181503394,1531181503397,2821551,0.00001068,600.00000000,0
1531181504392,1531181504396,2821552,0.00001067,284.00000000,0
1531181505292,1531181505296,2821553,0.00001066,155.00000000,0
1531181506887,1531181506891,2821554,0.00001064,821.00000000,1
1531181508401,1531181508405,2821555,0.00001064,5.00000000,1
1531181508717,1531181508720,2821556,0.00001067,248.00000000,0
1531181510287,1531181510290,2821557,0.00001068,247.00000000,0
1531181510287,1531181510290,2821558,0.00001069,174.00000000,0
1531181510287,1531181510290,2821559,0.00001070,5487.00000000,0
1531181510287,1531181510290,2821560,0.00001071,503.00000000,0
1531181519488,1531181519492,2821561,0.00001068,826.00000000,0
1531181519488,1531181519492,2821562,0.00001069,566.00000000,0
1531181519488,1531181519492,2821563,0.00001070,941.00000000,0
1531181521345,1531181521348,2821564,0.00001064,1079.00000000,1
1531181521345,1531181521348,2821565,0.00001063,13412.00000000,1
1531181521345,1531181521348,2821566,0.00001061,4379.00000000,1
1531181521400,1531181521403,2821567,0.00001068,561.00000000,0
1531181521400,1531181521403,2821568,0.00001071,565.00000000,0
1531181522242,1531181522247,2821569,0.00001072,1079.00000000,1
1531181522292,1531181522296,2821570,0.00001072,12035.00000000,1
1531181525293,1531181525296,2821571,0.00001072,187.00000000,0
1531181525293,1531181525296,2821572,0.00001073,1235.00000000,0
1531181525293,1531181525296,2821573,0.00001074,2034.00000000,0
1531181526468,1531181526471,2821574,0.00001066,300.00000000,1
1531181526468,1531181526471,2821575,0.00001065,1052.00000000,1
1531181531215,1531181531218,2821576,0.00001066,95.00000000,1
1531181531993,1531181531996,2821577,0.00001066,95.00000000,1
1531181532423,1531181532427,2821578,0.00001066,95.00000000,1
1531181538941,1531181538944,2821579,0.00001068,22.00000000,0
1531181539439,1531181539443,2821580,0.00001068,1030.00000000,0
1531181539439,1531181539443,2821581,0.00001069,285.00000000,0
1531181541509,1531181541512,2821582,0.00001073,837.00000000,0
1531181542249,1531181542252,2821583,0.00001073,188.00000000,0
1531181542283,1531181542287,2821584,0.00001073,349.00000000,0
1531181543262,1531181543266,2821585,0.00001073,94.00000000,0
1531181543768,1531181543772,2821586,0.00001064,235.00000000,1
1531181549010,1531181549012,2821587,0.00001070,235.00000000,0
1531181549010,1531181549012,2821588,0.00001071,3811.00000000,0
1531181549010,1531181549012,2821589,0.00001072,10000.00000000,0
1531181549010,1531181549012,2821590,0.00001074,6830.00000000,0
1531181551963,1531181551967,2821591,0.00001068,285.00000000,1
1531181552219,1531181552223,2821592,0.00001068,200.00000000,1
1531181559615,1531181559616,2821593,0.00001065,269.00000000,1
1531181559615,1531181559616,2821594,0.00001064,577.00000000,1
1531181561733,1531181561735,2821595,0.00001071,373.00000000,0
1531181568793,1531181568795,2821596,0.00001064,795.00000000,1
1531181573252,1531181573255,2821597,0.00001067,466.00000000,0
1531181579578,1531181579581,2821598,0.00001067,795.00000000,0
1531181579578,1531181579581,2821599,0.00001068,204.00000000,0
1531181579578,1531181579581,2821600,0.00001069,485.00000000,0
1531181598752,1531181598755,2821601,0.00001067,381.00000000,1
1531181598752,1531181598755,2821602,0.00001061,467.00000000,1
1531181601056,1531181601058,2821603,0.00001062,277.00000000,1
1531181601056,1531181601058,2821604,0.00001061,185.00000000,1
1531181601056,1531181601058,2821605,0.00001058,339.00000000,1
1531181603558,1531181603561,2821606,0.00001067,114.00000000,0
1531181605814,1531181605818,2821607,0.00001066,90.00000000,0
1531181607442,1531181607445,2821608,0.00001064,139.00000000,0
1531181607442,1531181607445,2821609,0.00001065,339.00000000,0
1531181607442,1531181607445,2821610,0.00001069,459.00000000,0
1531181608150,1531181608153,2821611,0.00001063,224.00000000,0
1531181608513,1531181608516,2821612,0.00001068,510.00000000,0
1531181608639,1531181608642,2821613,0.00001069,385.00000000,0
1531181609316,1531181609321,2821614,0.00001067,224.00000000,0
1531181609316,1531181609321,2821615,0.00001069,5044.00000000,0
1531181609501,1531181609504,2821616,0.00001069,300.00000000,0
1531181611412,1531181611417,2821617,0.00001069,9664.00000000,0
1531181611846,1531181611849,2821618,0.00001062,447.00000000,1
1531181611846,1531181611849,2821619,0.00001061,3358.00000000,1
1531181611846,1531181611849,2821620,0.00001058,6687.00000000,1
1531181611846,1531181611849,2821621,0.00001057,819.00000000,1
1531181612308,1531181612312,2821622,0.00001065,569.00000000,0
1531181614426,1531181614430,2821623,0.00001067,131.00000000,0
1531181614565,1531181614570,2821624,0.00001067,788.00000000,0
1531181619920,1531181619924,2821625,0.00001068,93.00000000,0
1531181629645,1531181629648,2821626,0.00001066,565.00000000,0
1531181635316,1531181635320,2821627,0.00001067,125.00000000,1
1531181639610,1531181639614,2821628,0.00001067,375.00000000,1
1531181641584,1531181641587,2821629,0.00001068,346.00000000,0
1531181644055,1531181644059,2821630,0.00001069,2039.00000000,0
1531181644064,1531181644067,2821631,0.00001069,2039.00000000,0
1531181644088,1531181644091,2821632,0.00001069,935.00000000,0
1531181650525,1531181650527,2821633,0.00001064,581.00000000,1
1531181650525,1531181650527,2821634,0.00001061,1189.00000000,1
1531181655557,1531181655559,2821635,0.00001066,581.00000000,0
1531181655557,1531181655559,2821636,0.00001067,5679.00000000,0
1531181656801,1531181656804,2821637,0.00001067,565.00000000,1
1531181662523,1531181662526,2821638,0.00001068,128.00000000,1
1531181662523,1531181662526,2821639,0.00001067,1394.00000000,1
1531181662523,1531181662526,2821640,0.00001062,120.00000000,1
1531181688741,1531181688745,2821641,0.00001063,225.00000000,1
1531181699721,1531181699723,2821642,0.00001063,4688.00000000,1
1531181699721,1531181699723,2821643,0.00001062,351.00000000,1
1531181699739,1531181699742,2821644,0.00001062,14907.00000000,0
1531181699742,1531181699744,2821645,0.00001062,9304.00000000,0
1531181699757,1531181699761,2821646,0.00001062,12956.00000000,0
1531181700554,1531181700558,2821647,0.00001066,225.00000000,0
1531181701361,1531181701365,2821648,0.00001066,75.00000000,0
1531181701361,1531181701365,2821649,0.00001067,150.00000000,0
1531181702364,1531181702367,2821650,0.00001068,94.00000000,0
1531181705307,1531181705311,2821651,0.00001064,2039.00000000,1
1531181706996,1531181706999,2821652,0.00001067,2958.00000000,0
1531181706996,1531181706999,2821653,0.00001068,3314.00000000,0
1531181707012,1531181707016,2821654,0.00001068,1672.00000000,1
1531181707352,1531181707356,2821655,0.00001068,1672.00000000,1
1531181709863,1531181709865,2821656,0.00001069,10718.00000000,0
1531181717454,1531181717456,2821657,0.00001068,15144.00000000,1
1531181733858,1531181733861,2821658,0.00001069,12.00000000,0
1531181735617,1531181735622,2821659,0.00001069,6411.00000000,0
1531181737278,1531181737281,2821660,0.00001070,467.00000000,0
1531181737279,1531181737282,2821661,0.00001070,257.00000000,0
1531181763628,1531181763631,2821662,0.00001071,3095.00000000,0
1531181774375,1531181774379,2821663,0.00001070,10718.00000000,0
1531181777237,1531181777240,2821664,0.00001071,708.00000000,0
1531181778285,1531181778288,2821665,0.00001071,708.00000000,0
1531181779174,1531181779178,2821666,0.00001071,708.00000000,0
1531181780223,1531181780225,2821667,0.00001071,708.00000000,0
1531181781280,1531181781283,2821668,0.00001071,708.00000000,0
1531181782340,1531181782344,2821669,0.00001071,708.00000000,0
1531181782648,1531181782652,2821670,0.00001071,66.00000000,0
1531181783238,1531181783241,2821671,0.00001071,708.00000000,0
1531181784145,1531181784149,2821672,0.00001071,708.00000000,0
1531181785197,1531181785200,2821673,0.00001071,708.00000000,0
1531181786095,1531181786097,2821674,0.00001071,708.00000000,0
1531181790374,1531181790377,2821675,0.00001071,933.00000000,0
1531181792443,1531181792446,2821676,0.00001071,13427.00000000,0
1531181796061,1531181796064,2821677,0.00001071,61053.00000000,0
1531181797340,1531181797344,2821678,0.00001073,46082.00000000,0
1531181798335,1531181798338,2821679,0.00001074,8109.00000000,0
1531181801339,1531181801341,2821680,0.00001075,468.00000000,0
1531181812572,1531181812576,2821681,0.00001075,4651.00000000,0
1531181814279,1531181814282,2821682,0.00001075,1860.00000000,0
1531181821325,1531181821329,2821683,0.00001075,2559.00000000,0
1531181822177,1531181822181,2821684,0.00001075,184.00000000,0
1531181839607,1531181839609,2821685,0.00001074,6411.00000000,0
1531181839607,1531181839609,2821686,0.00001075,6921.00000000,0
1531181850342,1531181850346,2821687,0.00001075,1714.00000000,0
1531181858368,1531181858369,2821688,0.00001075,10700.00000000,0
1531181868708,1531181868712,2821689,0.00001075,34.00000000,0
1531181881730,1531181881734,2821690,0.00001071,195.00000000,0
1531181920168,1531181920170,2821691,0.00001075,930.00000000,1
1531181924592,1531181924571,2821692,0.00001075,3956.00000000,0
1531181959859,1531181959862,2821693,0.00001074,93.00000000,0
1531181964424,1531181964428,2821694,0.00001074,48.00000000,0
1531182012839,1531182012840,2821695,0.00001074,363.00000000,0
1531182015847,1531182015849,2821696,0.00001074,1.00000000,0
1531182016760,1531182016763,2821697,0.00001071,2239.00000000,1
1531182018148,1531182018151,2821698,0.00001074,400.00000000,0
1531182018261,1531182018263,2821699,0.00001074,439.00000000,0
1531182018286,1531182018289,2821700,0.00001074,456.00000000,0
1531182018287,1531182018290,2821701,0.00001074,185.00000000,0
1531182018305,1531182018306,2821702,0.00001074,558.00000000,0
1531182018315,1531182018319,2821703,0.00001074,697.00000000,0
1531182018327,1531182018329,2821704,0.00001074,1483.00000000,0
1531182018614,1531182018616,2821705,0.00001074,4655.00000000,0
1531182027301,1531182027304,2821706,0.00001074,2851.00000000,0
1531182037097,1531182037098,2821707,0.00001071,1107.00000000,1
1531182049777,1531182049781,2821708,0.00001074,226.00000000,0
1531182072682,1531182072685,2821709,0.00001071,305.00000000,1
1531182072682,1531182072685,2821710,0.00001070,272.00000000,1
1531182089262,1531182089264,2821711,0.00001074,177.00000000,0
1531182106621,1531182106624,2821712,0.00001070,8794.00000000,1
1531182110097,1531182110092,2821713,0.00001074,5055.00000000,0
1531182112450,1531182112453,2821714,0.00001074,132.00000000,0
1531182128673,1531182128677,2821715,0.00001070,253.00000000,1
1531182128673,1531182128677,2821716,0.00001069,4662.00000000,1
1531182181113,1531182181117,2821717,0.00001073,164.00000000,0
1531182263291,1531182263294,2821718,0.00001070,200.00000000,1
1531182263291,1531182263294,2821719,0.00001069,964.00000000,1
1531182349540,1531182349544,2821720,0.00001073,262.00000000,0
1531182353730,1531182353731,2821721,0.00001074,93.00000000,0
1531182356393,1531182356396,2821722,0.00001074,185.00000000,0
1531182357484,1531182357488,2821723,0.00001074,254.00000000,0
1531182363666,1531182363667,2821724,0.00001074,658.00000000,0
1531182387880,1531182387883,2821725,0.00001073,467.00000000,1
1531182397489,1531182397490,2821726,0.00001074,309.00000000,0
1531182407998,1531182408000,2821727,0.00001074,15000.00000000,0
1531182433772,1531182433775,2821728,0.00001074,20.00000000,0
1531182447469,1531182447470,2821729,0.00001074,5000.00000000,0
1531182493481,1531182493483,2821730,0.00001073,97.00000000,1
1531182516136,1531182516138,2821731,0.00001073,167.00000000,1
1531182550721,1531182550724,2821732,0.00001073,86.00000000,0
1531182565593,1531182565596,2821733,0.00001074,445.00000000,0
1531182565593,1531182565596,2821734,0.00001075,3182.00000000,0
1531182570397,1531182570400,2821735,0.00001075,4897.00000000,0
1531182597238,1531182597241,2821736,0.00001075,24.00000000,0
1531182600251,1531182600254,2821737,0.00001075,1.00000000,0
1531182602794,1531182602797,2821738,0.00001075,15765.00000000,0
1531182619172,1531182619175,2821739,0.00001071,16.00000000,1
1531182625991,1531182625994,2821740,0.00001074,651.00000000,0
1531182626056,1531182626058,2821741,0.00001074,2139.00000000,0
1531182626245,1531182626247,2821742,0.00001074,2139.00000000,0
1531182626455,1531182626457,2821743,0.00001074,2139.00000000,0
1531182642780,1531182642782,2821744,0.00001073,72.00000000,0
1531182649037,1531182649039,2821745,0.00001071,165.00000000,1
1531182650085,1531182650086,2821746,0.00001071,165.00000000,1
1531182651138,1531182651139,2821747,0.00001071,165.00000000,1
1531182652032,1531182652034,2821748,0.00001071,165.00000000,1
1531182652922,1531182652923,2821749,0.00001071,165.00000000,1
1531182653817,1531182653820,2821750,0.00001071,165.00000000,1
1531182654710,1531182654711,2821751,0.00001071,165.00000000,1
1531182655761,1531182655764,2821752,0.00001071,165.00000000,1
1531182656668,1531182656670,2821753,0.00001071,165.00000000,1
1531182657565,1531182657568,2821754,0.00001071,165.00000000,1
1531182670533,1531182670535,2821755,0.00001071,1.00000000,1
1531182696733,1531182696735,2821756,0.00001073,177.00000000,0
1531182700841,1531182700843,2821757,0.00001073,465.00000000,0
1531182727576,1531182727579,2821758,0.00001073,11.00000000,0
1531182770508,1531182770511,2821759,0.00001073,12.00000000,0
1531182774360,1531182774363,2821760,0.00001073,4600.00000000,0
1531182811935,1531182811938,2821761,0.00001073,2359.00000000,0
1531182826714,1531182826716,2821762,0.00001074,258.00000000,0
1531182826774,1531182826775,2821763,0.00001074,232.00000000,0
1531182826797,1531182826798,2821764,0.00001074,262.00000000,0
1531182834905,1531182834907,2821765,0.00001073,293.00000000,1
1531182835136,1531182835137,2821766,0.00001073,2713.00000000,1
1531182836561,1531182836563,2821767,0.00001073,1463.00000000,1
1531182837949,1531182837951,2821768,0.00001074,19785.00000000,0
1531182842253,1531182842255,2821769,0.00001074,124.00000000,0
1531182855704,1531182855706,2821770,0.00001075,34.00000000,0
1531182880404,1531182880405,2821771,0.00001075,3.00000000,0
1531182922214,1531182922216,2821772,0.00001075,1351.00000000,0
1531182932279,1531182932279,2821773,0.00001073,12.00000000,1
1531182947354,1531182947356,2821774,0.00001075,372.00000000,0
1531182974409,1531182974411,2821775,0.00001075,32.00000000,0
1531182975134,1531182975135,2821776,0.00001075,2573.00000000,0
1531182979878,1531182979878,2821777,0.00001073,962.00000000,1
1531182980581,1531182980581,2821778,0.00001073,1.00000000,1
1531182980581,1531182980581,2821779,0.00001072,1117.00000000,1
1531183007329,1531183007331,2821780,0.00001072,1.00000000,1
1531183007353,1531183007355,2821781,0.00001072,189.00000000,0
1531183007354,1531183007356,2821782,0.00001072,189.00000000,0
1531183007491,1531183007492,2821783,0.00001072,3112.00000000,0
1531183064826,1531183064827,2821784,0.00001074,8.00000000,0
1531183072330,1531183072330,2821785,0.00001071,15586.00000000,1
1531183072342,1531183072340,2821786,0.00001070,5680.00000000,1
1531183072342,1531183072340,2821787,0.00001069,782.00000000,1
1531183072342,1531183072340,2821788,0.00001068,225.00000000,1
1531183072342,1531183072340,2821789,0.00001065,328.00000000,1
1531183072342,1531183072340,2821790,0.00001064,176.00000000,1
1531183072342,1531183072340,2821791,0.00001063,805.00000000,1
1531183072342,1531183072340,2821792,0.00001062,1088.00000000,1
1531183072342,1531183072340,2821793,0.00001061,1307.00000000,1
1531183072342,1531183072340,2821794,0.00001060,5195.00000000,1
1531183072832,1531183072832,2821795,0.00001066,190.00000000,0
1531183073459,1531183073460,2821796,0.00001065,148.00000000,0
1531183073546,1531183073547,2821797,0.00001065,153.00000000,0
1531183073546,1531183073547,2821798,0.00001066,553.00000000,0
1531183073556,1531183073556,2821799,0.00001066,296.00000000,0
1531183073556,1531183073556,2821800,0.00001068,176.00000000,0
1531183073973,1531183073973,2821801,0.00001068,106.00000000,1
1531183073973,1531183073973,2821802,0.00001063,119.00000000,1
1531183075960,1531183075959,2821803,0.00001065,262.00000000,1
1531183076436,1531183076437,2821804,0.00001067,442.00000000,0
1531183079163,1531183079164,2821805,0.00001068,177.00000000,0
1531183079163,1531183079164,2821806,0.00001069,573.00000000,0
1531183081454,1531183081455,2821807,0.00001069,173.00000000,0
1531183081507,1531183081507,2821808,0.00001069,403.00000000,1
1531183087670,1531183087671,2821809,0.00001069,563.00000000,0
1531183106910,1531183106910,2821810,0.00001067,2239.00000000,1
1531183107464,1531183107465,2821811,0.00001067,5008.00000000,1
1531183107594,1531183107594,2821812,0.00001067,95.00000000,1
1531183121987,1531183121988,2821813,0.00001067,228.00000000,1
1531183123651,1531183123650,2821814,0.00001067,212.00000000,0
1531183145441,1531183145443,2821815,0.00001068,188.00000000,0
1531183147107,1531183147108,2821816,0.00001067,667.00000000,1
1531183148047,1531183148047,2821817,0.00001067,95.00000000,1
1531183161251,1531183161252,2821818,0.00001067,3333.00000000,1
1531183199613,1531183199612,2821819,0.00001069,746.00000000,0
1531183200667,1531183200666,2821820,0.00001069,562.00000000,1
1531183200667,1531183200666,2821821,0.00001067,6194.00000000,1
1531183200667,1531183200666,2821822,0.00001066,1544.00000000,1
1531183200680,1531183200680,2821823,0.00001065,3333.00000000,1
1531183200707,1531183200708,2821824,0.00001065,469.00000000,1
1531183200761,1531183200762,2821825,0.00001065,927.00000000,1
1531183200761,1531183200762,2821826,0.00001064,1112.00000000,1
1531183201920,1531183201920,2821827,0.00001064,561.00000000,1
1531183201992,1531183201991,2821828,0.00001066,560.00000000,0
1531183203138,1531183203138,2821829,0.00001064,184.00000000,1
1531183207869,1531183207867,2821830,0.00001066,5205.00000000,0
1531183211415,1531183211415,2821831,0.00001066,2987.00000000,0
1531183214502,1531183214502,2821832,0.00001066,345.00000000,0
1531183220394,1531183220395,2821833,0.00001065,2486.00000000,1
1531183233737,1531183233736,2821834,0.00001067,748.00000000,0
1531183249490,1531183249488,2821835,0.00001069,746.00000000,0
1531183249490,1531183249488,2821836,0.00001070,328.00000000,0
1531183249490,1531183249488,2821837,0.00001071,797.00000000,0
1531183249490,1531183249488,2821838,0.00001073,3335.00000000,0
1531183249878,1531183249831,2821839,0.00001074,4.00000000,0
1531183261640,1531183261639,2821840,0.00001072,713.00000000,0
1531183261640,1531183261639,2821841,0.00001074,2274.00000000,0
1531183262547,1531183262545,2821842,0.00001074,302.00000000,0
1531183265211,1531183265213,2821843,0.00001074,232.00000000,0
1531183265226,1531183265225,2821844,0.00001074,232.00000000,0
1531183299173,1531183299172,2821845,0.00001074,5206.00000000,0
1531183440337,1531183440337,2821846,0.00001074,1517.00000000,0
1531183462992,1531183462991,2821847,0.00001074,52.00000000,0
1531183466123,1531183466122,2821848,0.00001074,1.00000000,0
1531183491349,1531183491348,2821849,0.00001074,2818.00000000,0
1531183491433,1531183491432,2821850,0.00001074,9310.00000000,0
1531183607172,1531183607170,2821851,0.00001074,9310.00000000,0
1531183608307,1531183608307,2821852,0.00001074,162.00000000,0
1531183614510,1531183614509,2821853,0.00001074,9705.00000000,0
1531183626421,1531183626418,2821854,0.00001074,11875.00000000,0
1531183626421,1531183626418,2821855,0.00001075,6337.00000000,0
1531183626422,1531183626418,2821856,0.00001076,563.00000000,0
1531183626422,1531183626418,2821857,0.00001077,93.00000000,0
1531183626422,1531183626418,2821858,0.00001078,489.00000000,0
1531183626422,1531183626418,2821859,0.00001079,43.00000000,0
1531183628775,1531183628773,2821860,0.00001079,22.00000000,0
1531183674086,1531183674084,2821861,0.00001074,908.00000000,1
1531183674086,1531183674084,2821862,0.00001073,187.00000000,1
1531183674092,1531183674090,2821863,0.00001073,22.00000000,1
1531183674092,1531183674090,2821864,0.00001072,301.00000000,1
1531183681674,1531183681674,2821865,0.00001077,177.00000000,0
1531183719774,1531183719774,2821866,0.00001077,60.00000000,0
1531183726871,1531183726871,2821867,0.00001077,24.00000000,0
1531183748113,1531183748110,2821868,0.00001077,94.00000000,0
1531183751095,1531183751094,2821869,0.00001077,1.00000000,0
1531183762212,1531183762210,2821870,0.00001077,248.00000000,0
1531183884211,1531183884209,2821871,0.00001077,1000.00000000,0
1531183887598,1531183887596,2821872,0.00001077,46.00000000,0
1531183976363,1531183976361,2821873,0.00001077,30.00000000,0
1531184012516,1531184012513,2821874,0.00001077,905.00000000,0
1531184042324,1531184042323,2821875,0.00001079,7.00000000,0
1531184078019,1531184078017,2821876,0.00001077,5874.00000000,1
1531184108259,1531184108256,2821877,0.00001077,1372.00000000,0
1531184111345,1531184111341,2821878,0.00001077,2287.00000000,0
1531184147463,1531184147462,2821879,0.00001077,20.00000000,0
1531184168049,1531184168047,2821880,0.00001075,145.00000000,1
1531184176914,1531184176910,2821881,0.00001077,1.00000000,0
1531184185434,1531184185430,2821882,0.00001075,146.00000000,1
1531184289177,1531184289175,2821883,0.00001076,1882.00000000,1
1531184289333,1531184289330,2821884,0.00001076,1255.00000000,1
1531184289979,1531184289976,2821885,0.00001075,15192.00000000,1
1531184290724,1531184290722,2821886,0.00001075,6622.00000000,1
1531184292136,1531184292133,2821887,0.00001077,324.00000000,0
1531184295162,1531184295159,2821888,0.00001077,1.00000000,0
1531184315906,1531184315904,2821889,0.00001077,2.00000000,0
1531184342108,1531184342106,2821890,0.00001077,2689.00000000,0
1531184361942,1531184361940,2821891,0.00001078,353.00000000,0
1531184362639,1531184362637,2821892,0.00001078,195.00000000,0
1531184373785,1531184373782,2821893,0.00001078,1513.00000000,0
1531184378069,1531184378068,2821894,0.00001078,6.00000000,0
1531184402867,1531184402862,2821895,0.00001078,4253.00000000,0
1531184402867,1531184402862,2821896,0.00001079,385.00000000,0
1531184422343,1531184422340,2821897,0.00001076,413.00000000,1
1531184432512,1531184432508,2821898,0.00001076,401.00000000,1
1531184456940,1531184456938,2821899,0.00001079,2029.00000000,0
1531184487255,1531184487250,2821900,0.00001078,1266.00000000,1
1531184520901,1531184520897,2821901,0.00001079,7719.00000000,0
1531184526041,1531184526037,2821902,0.00001081,2906.00000000,0
1531184539178,1531184539174,2821903,0.00001081,439.00000000,0
1531184539178,1531184539174,2821904,0.00001082,257.00000000,0
1531184539178,1531184539174,2821905,0.00001084,5864.00000000,0
1531184539178,1531184539174,2821906,0.00001085,4099.00000000,0
1531184539178,1531184539174,2821907,0.00001086,7556.00000000,0
1531184553363,1531184553360,2821908,0.00001085,4.00000000,0
1531184558104,1531184558100,2821909,0.00001085,452.00000000,0
1531184563116,1531184563112,2821910,0.00001085,185.00000000,1
1531184565667,1531184565663,2821911,0.00001086,226.00000000,0
1531184577074,1531184577070,2821912,0.00001085,1461.00000000,1
1531184577110,1531184577107,2821913,0.00001085,1441.00000000,1
1531184587205,1531184587201,2821914,0.00001085,836.00000000,1
1531184592084,1531184592079,2821915,0.00001086,697.00000000,0
1531184592084,1531184592079,2821916,0.00001088,92.00000000,0
1531184592084,1531184592079,2821917,0.00001090,224.00000000,0
1531184592084,1531184592079,2821918,0.00001091,579.00000000,0
1531184592084,1531184592079,2821919,0.00001092,51604.00000000,0
1531184597734,1531184597729,2821920,0.00001088,14159.00000000,0
1531184598225,1531184598221,2821921,0.00001085,23292.00000000,1
1531184598602,1531184598597,2821922,0.00001085,2009.00000000,1
1531184598602,1531184598597,2821923,0.00001084,736.00000000,1
1531184598952,1531184598948,2821924,0.00001081,6937.00000000,1
1531184599973,1531184599968,2821925,0.00001087,734.00000000,1
1531184599973,1531184599968,2821926,0.00001080,114.00000000,1
1531184613224,1531184613221,2821927,0.00001083,1005.00000000,0
1531184613224,1531184613221,2821928,0.00001084,1079.00000000,0
1531184616196,1531184616192,2821929,0.00001086,660.00000000,1
1531184616272,1531184616269,2821930,0.00001086,627.00000000,1
1531184616402,1531184616399,2821931,0.00001086,3315.00000000,1
1531184619397,1531184619394,2821932,0.00001086,400.00000000,1
1531184636298,1531184636296,2821933,0.00001089,4591.00000000,0
1531184641194,1531184641190,2821934,0.00001086,5693.00000000,1
1531184644791,1531184644788,2821935,0.00001085,2916.00000000,1
1531184647092,1531184647088,2821936,0.00001082,120.00000000,0
1531184657794,1531184657791,2821937,0.00001079,34.00000000,1
1531184662167,1531184662162,2821938,0.00001082,990.00000000,0
1531184662986,1531184662981,2821939,0.00001082,629.00000000,0
1531184767119,1531184767115,2821940,0.00001085,658.00000000,1
1531184804466,1531184804461,2821941,0.00001089,5.00000000,0
1531184834229,1531184834226,2821942,0.00001089,2170.00000000,0
