event_time,trade_time,trade_id,price,quantity,maker
1531160290483,1531160290479,9843078,0.11029200,0.01000000,1
1531160290622,1531160290620,9843079,0.11029200,0.01000000,1
1531160290757,1531160290754,9843080,0.11029200,0.01000000,1
1531160290884,1531160290884,9843081,0.11029200,0.01000000,1
1531160290915,1531160290910,9843082,0.11029200,0.02000000,1
1531160291015,1531160291011,9843083,0.11040100,0.01000000,0
1531160291145,1531160291144,9843084,0.11040100,0.01000000,0
1531160291281,1531160291278,9843085,0.11040100,0.01000000,0
1531160291415,1531160291413,9843086,0.11040100,0.01000000,0
1531160291551,1531160291549,9843087,0.11040100,0.01000000,0
1531160299760,1531160299760,9843088,0.11040100,0.03200000,0
1531160302337,1531160302334,9843089,0.11039900,0.01000000,0
1531160302461,1531160302458,9843090,0.11039900,0.01000000,0
1531160302595,1531160302595,9843091,0.11039900,0.01000000,0
1531160302720,1531160302717,9843092,0.11039900,0.01000000,0
1531160302852,1531160302849,9843093,0.11039900,0.01000000,0
1531160385004,1531160384999,9843094,0.11029800,0.01000000,1
1531160385143,1531160385139,9843095,0.11029800,0.01000000,1
1531160385278,1531160385278,9843096,0.11029800,0.01000000,1
1531160385421,1531160385417,9843097,0.11029800,0.01000000,1
1531160385558,1531160385556,9843098,0.11029800,0.01000000,1
1531160385712,1531160385709,9843099,0.11039900,0.01000000,0
1531160385841,1531160385837,9843100,0.11039900,0.01000000,0
1531160385968,1531160385964,9843101,0.11039900,0.01000000,0
1531160386094,1531160386090,9843102,0.11039900,0.01000000,0
1531160386233,1531160386229,9843103,0.11039900,0.01000000,0
1531160387240,1531160387235,9843104,0.11039900,0.48400000,0
1531160387240,1531160387235,9843105,0.11040100,4.51800000,0
1531160414390,1531160414387,9843106,0.11039900,0.09900000,0
1531160414676,1531160414672,9843107,0.11039900,0.00100000,0
1531160414676,1531160414672,9843108,0.11040100,0.00900000,0
1531160416978,1531160416974,9843109,0.11040100,1.01300000,0
1531160416993,1531160416990,9843110,0.11040100,0.06500000,0
1531160421473,1531160421471,9843111,0.11040100,0.01000000,0
1531160421609,1531160421605,9843112,0.11040100,0.01000000,0
1531160421744,1531160421740,9843113,0.11040100,0.01000000,0
1531160421871,1531160421868,9843114,0.11040100,0.01000000,0
1531160422004,1531160422000,9843115,0.11040100,0.01000000,0
1531160435886,1531160435883,9843116,0.11029200,0.01000000,1
1531160436018,1531160436015,9843117,0.11029200,0.01000000,1
1531160436150,1531160436147,9843118,0.11029200,0.01000000,1
1531160436286,1531160436272,9843119,0.11029200,0.01000000,1
1531160436405,1531160436402,9843120,0.11029200,0.01000000,1
1531160436533,1531160436530,9843121,0.11040100,0.01000000,0
1531160436660,1531160436659,9843122,0.11040100,0.01000000,0
1531160436785,1531160436780,9843123,0.11040100,0.01000000,0
1531160436913,1531160436909,9843124,0.11040100,0.01000000,0
1531160437044,1531160437042,9843125,0.11040100,0.01000000,0
1531160498620,1531160498618,9843126,0.11039900,0.01000000,0
1531160498744,1531160498741,9843127,0.11039900,0.01000000,0
1531160498871,1531160498868,9843128,0.11039900,0.01000000,0
1531160499009,1531160499005,9843129,0.11039900,0.01000000,0
1531160499146,1531160499145,9843130,0.11039900,0.01000000,0
1531160513644,1531160513639,9843131,0.11039900,0.05000000,0
1531160515553,1531160515550,9843132,0.11040100,2.15100000,0
1531160516102,1531160516099,9843133,0.11040100,4.90000000,0
1531160519126,1531160519123,9843134,0.11040000,6.02200000,1
1531160519136,1531160519133,9843135,0.11040000,6.36400000,0
1531160519148,1531160519145,9843136,0.11040000,1.22100000,1
1531160519168,1531160519165,9843137,0.11040000,4.80100000,1
1531160519625,1531160519620,9843138,0.11040100,3.00000000,0
1531160532040,1531160532037,9843139,0.11040000,1.81800000,1
1531160537568,1531160537564,9843140,0.11040000,1.77800000,1
1531160537590,1531160537589,9843141,0.11040000,4.30700000,1
1531160542748,1531160542745,9843142,0.11040100,0.09000000,0
1531160554068,1531160554064,9843143,0.11040000,4.99000000,1
1531160583715,1531160583711,9843144,0.11040100,0.02200000,0
1531160584014,1531160584011,9843145,0.11040100,0.02200000,0
1531160584395,1531160584390,9843146,0.11040100,0.02200000,0
1531160585723,1531160585720,9843147,0.11040100,0.02200000,0
1531160586736,1531160586732,9843148,0.11040100,0.02200000,0
1531160595539,1531160595535,9843149,0.11040100,8.20000000,0
1531160602020,1531160602017,9843150,0.11040100,0.94400000,0
1531160602065,1531160602062,9843151,0.11040100,1.12300000,0
1531160602173,1531160602169,9843152,0.11040100,0.70500000,0
1531160602187,1531160602182,9843153,0.11040100,0.70400000,0
1531160602229,1531160602226,9843154,0.11040000,0.03400000,1
1531160607502,1531160607499,9843155,0.11039800,0.01000000,0
1531160607636,1531160607636,9843156,0.11039800,0.01000000,0
1531160607762,1531160607758,9843157,0.11039800,0.01000000,0
1531160607896,1531160607894,9843158,0.11039800,0.01000000,0
1531160608029,1531160608025,9843159,0.11039800,0.01000000,0
1531160616227,1531160616224,9843160,0.11030300,0.01000000,1
1531160616355,1531160616350,9843161,0.11030300,0.01000000,1
1531160616481,1531160616479,9843162,0.11030400,0.01000000,1
1531160616607,1531160616602,9843163,0.11030400,0.01000000,1
1531160616732,1531160616730,9843164,0.11030400,0.01000000,1
1531160616863,1531160616860,9843165,0.11039800,0.01000000,0
1531160617003,1531160616999,9843166,0.11039800,0.01000000,0
1531160617131,1531160617127,9843167,0.11039800,0.01000000,0
1531160617497,1531160617493,9843168,0.11039800,0.01000000,0
1531160617630,1531160617630,9843169,0.11039800,0.01000000,0
1531160632034,1531160632030,9843170,0.11039800,0.02200000,0
1531160633784,1531160633780,9843171,0.11039800,0.02200000,0
1531160634611,1531160634608,9843172,0.11039800,0.02200000,0
1531160635584,1531160635582,9843173,0.11039800,0.02200000,0
1531160635748,1531160635744,9843174,0.11032000,0.10700000,1
1531160636063,1531160636061,9843175,0.11039800,0.02200000,0
1531160644877,1531160644873,9843176,0.11032500,0.38900000,1
1531160647769,1531160647765,9843177,0.11032700,0.12400000,1
1531160648435,1531160648432,9843178,0.11032700,0.12400000,1
1531160649249,1531160649246,9843179,0.11032700,0.08600000,1
1531160649249,1531160649246,9843180,0.11032600,0.03800000,1
1531160649557,1531160649555,9843181,0.11032600,0.12400000,1
1531160649863,1531160649860,9843182,0.11032600,0.12400000,1
1531160660750,1531160660747,9843183,0.11039800,0.01400000,0
1531160660947,1531160660944,9843184,0.11039800,0.00400000,0
1531160660959,1531160660956,9843185,0.11040000,0.04900000,0
1531160660994,1531160660989,9843186,0.11040000,0.62100000,0
1531160660994,1531160660989,9843187,0.11040100,0.04200000,0
1531160661056,1531160661054,9843188,0.11040100,0.33100000,0
1531160664790,1531160664785,9843189,0.11039900,1.00000000,1
1531160667014,1531160667010,9843190,0.11040000,11.02900000,0
1531160667026,1531160667022,9843191,0.11039900,3.08400000,1
1531160674630,1531160674625,9843192,0.11039900,0.10000000,0
1531160687385,1531160687381,9843193,0.11039800,0.02800000,1
1531160687394,1531160687391,9843194,0.11039800,6.55600000,0
1531160687408,1531160687403,9843195,0.11039900,0.99900000,0
1531160707134,1531160707130,9843196,0.11040100,0.06500000,0
1531160715846,1531160715842,9843197,0.11040100,1.52300000,0
1531160716796,1531160716792,9843198,0.11040100,10.00000000,0
1531160720920,1531160720917,9843199,0.11040100,0.01800000,0
1531160720957,1531160720953,9843200,0.11040100,0.65600000,0
1531160721064,1531160721060,9843201,0.11040100,0.01800000,0
1531160725842,1531160725838,9843202,0.11040100,0.09000000,0
1531160745950,1531160745947,9843203,0.11040100,26.22900000,0
1531160751042,1531160751037,9843204,0.11057000,0.02100000,0
1531160753477,1531160753473,9843205,0.11057000,0.01000000,0
1531160753608,1531160753604,9843206,0.11057000,0.01000000,0
1531160753747,1531160753741,9843207,0.11057000,0.01000000,0
1531160753871,1531160753868,9843208,0.11057000,0.01000000,0
1531160754001,1531160753997,9843209,0.11057000,0.01000000,0
1531160757727,1531160757722,9843210,0.11057000,0.02800000,0
1531160758696,1531160758692,9843211,0.11057100,0.31200000,1
1531160759043,1531160759039,9843212,0.11057100,0.11400000,1
1531160763345,1531160763342,9843213,0.11057100,0.06300000,1
1531160763797,1531160763793,9843214,0.11057100,1.67800000,1
1531160764289,1531160764286,9843215,0.11058300,3.38700000,0
1531160764301,1531160764297,9843216,0.11057100,4.01500000,1
1531160771026,1531160771023,9843217,0.11057000,0.00400000,1
1531160779733,1531160779728,9843218,0.11048600,2.27700000,0
1531160779755,1531160779751,9843219,0.11056800,1.36400000,0
1531160779777,1531160779777,9843220,0.11056800,1.16100000,0
1531160795772,1531160795767,9843221,0.11041400,3.23300000,1
1531160841347,1531160841343,9843222,0.11041500,6.51700000,1
1531160841347,1531160841343,9843223,0.11041400,0.17800000,1
1531160841347,1531160841343,9843224,0.11040200,0.08500000,1
1531160841347,1531160841343,9843225,0.11040100,10.86400000,1
1531160851452,1531160851449,9843226,0.11040300,0.08800000,1
1531160866741,1531160866737,9843227,0.11040300,0.87300000,1
1531160866741,1531160866737,9843228,0.11040200,4.33900000,1
1531160866741,1531160866737,9843229,0.11040100,4.79100000,1
1531160866741,1531160866737,9843230,0.11037600,2.08900000,1
1531160885279,1531160885275,9843231,0.11040200,0.02200000,1
1531160920259,1531160920255,9843232,0.11054200,0.09000000,0
1531160925154,1531160925149,9843233,0.11054100,1.00100000,0
1531160973073,1531160973068,9843234,0.11046800,2.91700000,0
1531160973087,1531160973083,9843235,0.11052500,1.80000000,0
1531160973111,1531160973106,9843236,0.11052500,2.56000000,0
1531160980086,1531160980082,9843237,0.11046900,5.02200000,0
1531160980096,1531160980091,9843238,0.11052400,3.72900000,0
1531160993359,1531160993355,9843239,0.11052300,4.54600000,0
1531161018175,1531161018171,9843240,0.11051900,1.04600000,0
1531161018666,1531161018663,9843241,0.11051900,1.60700000,0
1531161018769,1531161018764,9843242,0.11051900,0.01300000,0
1531161019359,1531161019355,9843243,0.11051900,0.04300000,0
1531161025927,1531161025923,9843244,0.11040700,0.49700000,1
1531161028705,1531161028700,9843245,0.11051800,0.01500000,0
1531161030168,1531161030163,9843246,0.11051800,0.04500000,0
1531161030418,1531161030413,9843247,0.11051800,0.01800000,0
1531161030802,1531161030796,9843248,0.11051800,2.16900000,0
1531161033020,1531161033015,9843249,0.11051800,0.02300000,0
1531161046243,1531161046239,9843250,0.11051700,1.51400000,0
1531161050194,1531161050190,9843251,0.11051700,0.10000000,0
1531161064244,1531161064239,9843252,0.11040400,0.77900000,1
1531161064244,1531161064239,9843253,0.11040300,0.66700000,1
1531161066101,1531161066096,9843254,0.11051500,0.01400000,0
1531161066203,1531161066200,9843255,0.11051500,0.01400000,0
1531161066368,1531161066364,9843256,0.11051500,0.01400000,0
1531161066454,1531161066450,9843257,0.11051500,0.01400000,0
1531161066617,1531161066616,9843258,0.11051500,0.01400000,0
1531161103207,1531161103203,9843259,0.11040100,1.57200000,1
1531161114515,1531161114511,9843260,0.11044900,3.87900000,0
1531161114538,1531161114533,9843261,0.11044900,2.86200000,0
1531161132292,1531161132288,9843262,0.11044900,1.65100000,0
1531161132310,1531161132305,9843263,0.11044900,0.07400000,0
1531161137998,1531161137994,9843264,0.11052400,0.01800000,0
1531161148507,1531161148502,9843265,0.11046100,4.76700000,0
1531161160726,1531161160722,9843266,0.11043000,0.72400000,0
1531161160741,1531161160738,9843267,0.11046100,1.12900000,0
1531161160751,1531161160748,9843268,0.11046100,0.28100000,0
1531161172937,1531161172934,9843269,0.11040000,0.00100000,1
1531161174032,1531161174028,9843270,0.11040000,0.73000000,1
1531161184449,1531161184445,9843271,0.11045900,0.04100000,0
1531161184471,1531161184469,9843272,0.11045900,0.86300000,0
1531161191924,1531161191921,9843273,0.11042900,5.42800000,0
1531161191935,1531161191931,9843274,0.11045900,3.32600000,0
1531161204973,1531161204968,9843275,0.11040000,0.36900000,1
1531161205353,1531161205348,9843276,0.11040000,0.06900000,0
1531161206132,1531161206127,9843277,0.11034400,0.01600000,0
1531161206196,1531161206193,9843278,0.11034400,0.00100000,0
1531161209165,1531161209162,9843279,0.11040000,0.10000000,0
1531161222162,1531161222157,9843280,0.11039900,3.44300000,0
1531161222184,1531161222179,9843281,0.11039900,0.52800000,0
1531161223037,1531161223033,9843282,0.11040000,0.08900000,0
1531161239045,1531161239041,9843283,0.11039900,0.10000000,0
1531161241163,1531161241159,9843284,0.11037100,0.01700000,0
1531161241472,1531161241469,9843285,0.11037100,5.10000000,0
1531161241482,1531161241479,9843286,0.11039900,3.56100000,0
1531161248788,1531161248784,9843287,0.11039900,0.10000000,1
1531161248800,1531161248796,9843288,0.11039900,2.70300000,0
1531161248816,1531161248813,9843289,0.11039900,0.10000000,1
1531161258476,1531161258472,9843290,0.11037000,4.70200000,0
1531161258486,1531161258481,9843291,0.11039700,4.15800000,0
1531161259760,1531161259756,9843292,0.11039800,0.10000000,0
1531161273300,1531161273296,9843293,0.11037100,3.63600000,0
1531161273308,1531161273305,9843294,0.11039700,0.83900000,0
1531161273324,1531161273320,9843295,0.11039700,4.38400000,0
1531161276299,1531161276296,9843296,0.11037200,0.02000000,0
1531161276513,1531161276510,9843297,0.11039800,0.03100000,0
1531161287557,1531161287553,9843298,0.11039700,0.95800000,0
1531161287576,1531161287571,9843299,0.11039700,3.81800000,0
1531161291336,1531161291334,9843300,0.11039800,0.10000000,0
1531161296125,1531161296120,9843301,0.11039800,0.00600000,0
1531161302905,1531161302900,9843302,0.11038400,4.64400000,0
1531161302926,1531161302923,9843303,0.11039700,1.96700000,0
1531161305161,1531161305158,9843304,0.11039800,0.09100000,0
1531161306219,1531161306215,9843305,0.11039800,0.10000000,0
1531161316417,1531161316414,9843306,0.11038400,0.13300000,0
1531161318901,1531161318898,9843307,0.11037800,2.58200000,0
1531161318912,1531161318907,9843308,0.11038400,2.59600000,0
1531161318931,1531161318930,9843309,0.11038400,1.76600000,0
1531161322921,1531161322917,9843310,0.11038500,0.01900000,0
1531161331900,1531161331897,9843311,0.11039000,6.24300000,0
1531161331912,1531161331909,9843312,0.11039700,2.75000000,0
1531161331925,1531161331921,9843313,0.11038400,0.13300000,1
1531161335804,1531161335800,9843314,0.11038400,0.08400000,0
1531161338953,1531161338948,9843315,0.11037800,0.01700000,0
1531161347569,1531161347565,9843316,0.11037700,0.52800000,0
1531161347578,1531161347573,9843317,0.11038300,0.22900000,0
1531161347595,1531161347591,9843318,0.11038400,1.68200000,0
1531161349106,1531161349102,9843319,0.11039700,0.04400000,0
1531161354059,1531161354053,9843320,0.11039700,3.99200000,0
1531161358556,1531161358554,9843321,0.11039800,0.18000000,0
1531161359638,1531161359635,9843322,0.11039800,0.04300000,0
1531161361132,1531161361128,9843323,0.11039800,0.17500000,0
1531161368233,1531161368231,9843324,0.11039900,0.18000000,0
1531161372968,1531161372964,9843325,0.11039700,0.04300000,1
1531161379046,1531161379042,9843326,0.11039600,4.34700000,0
1531161379066,1531161379062,9843327,0.11039600,2.67700000,0
1531161379086,1531161379081,9843328,0.11039700,3.99200000,0
1531161387500,1531161387497,9843329,0.11039700,0.04300000,1
1531161387514,1531161387510,9843330,0.11039700,2.78700000,0
1531161387529,1531161387524,9843331,0.11039700,0.04300000,1
1531161397044,1531161397039,9843332,0.11038400,5.01100000,0
1531161397058,1531161397055,9843333,0.11039600,4.29100000,0
1531161397080,1531161397077,9843334,0.11039700,3.99200000,0
1531161403235,1531161403231,9843335,0.11040000,0.01100000,0
1531161404985,1531161404980,9843336,0.11039800,0.01900000,0
1531161404985,1531161404980,9843337,0.11040000,0.02300000,0
1531161406393,1531161406388,9843338,0.11040000,0.02900000,0
1531161414083,1531161414079,9843339,0.11039900,2.50400000,0
1531161414102,1531161414098,9843340,0.11039700,0.04300000,1
1531161430086,1531161430082,9843341,0.11039600,2.79800000,0
1531161439108,1531161439105,9843342,0.11039900,4.26100000,0
1531161440551,1531161440545,9843343,0.11040000,0.53400000,0
1531161440578,1531161440572,9843344,0.11040000,0.01600000,0
1531161440682,1531161440677,9843345,0.11040000,0.06300000,0
1531161444149,1531161444144,9843346,0.11038700,0.01700000,0
1531161448858,1531161448855,9843347,0.11038600,0.77100000,0
1531161453232,1531161453228,9843348,0.11038200,5.28400000,0
1531161453241,1531161453237,9843349,0.11038600,3.24600000,0
1531161455257,1531161455253,9843350,0.11038700,0.00100000,0
1531161468602,1531161468599,9843351,0.11040400,4.59900000,0
1531161468612,1531161468608,9843352,0.11046000,0.65100000,0
1531161468632,1531161468628,9843353,0.11046000,4.81700000,0
1531161481524,1531161481520,9843354,0.11043200,4.32400000,0
1531161481536,1531161481532,9843355,0.11046000,2.31400000,0
1531161481549,1531161481545,9843356,0.11046000,3.42700000,0
1531161487593,1531161487589,9843357,0.11043100,1.00000000,0
1531161488482,1531161488477,9843358,0.11043100,0.09000000,0
1531161492124,1531161492121,9843359,0.11043100,1.94400000,0
1531161512999,1531161512995,9843360,0.11044600,6.30600000,0
1531161513014,1531161513009,9843361,0.11043100,0.85800000,1
1531161518850,1531161518847,9843362,0.11038700,0.45000000,0
1531161520433,1531161520431,9843363,0.11038700,0.03600000,0
1531161521221,1531161521217,9843364,0.11036700,3.41600000,0
1531161521233,1531161521230,9843365,0.11038700,0.82800000,0
1531161523158,1531161523155,9843366,0.11038800,0.01900000,0
1531161540331,1531161540329,9843367,0.11046000,4.21400000,0
1531161540358,1531161540354,9843368,0.11046000,4.17400000,0
1531161540378,1531161540375,9843369,0.11038700,0.48600000,1
1531161550856,1531161550852,9843370,0.11046000,0.58500000,0
1531161558443,1531161558438,9843371,0.11040300,3.23500000,0
1531161558463,1531161558458,9843372,0.11042200,1.52600000,0
1531161570960,1531161570956,9843373,0.11040300,1.91000000,0
1531161570971,1531161570968,9843374,0.11042200,4.25900000,0
1531161570984,1531161570981,9843375,0.11042200,1.01600000,0
1531161587571,1531161587566,9843376,0.11042200,0.13000000,0
1531161598198,1531161598192,9843377,0.11042200,0.23900000,0
1531161600738,1531161600735,9843378,0.11042200,1.82100000,0
1531161610165,1531161610160,9843379,0.11042300,0.01700000,0
1531161610390,1531161610385,9843380,0.11046100,0.01100000,0
1531161614076,1531161614071,9843381,0.11046000,0.22300000,0
1531161614078,1531161614074,9843382,0.11046000,0.06300000,0
1531161614128,1531161614125,9843383,0.11046000,0.13800000,0
1531161614759,1531161614755,9843384,0.11045900,0.06300000,0
1531161614759,1531161614755,9843385,0.11046000,1.01800000,0
1531161614881,1531161614877,9843386,0.11046000,1.08100000,0
1531161615010,1531161615008,9843387,0.11046000,2.63900000,0
1531161633041,1531161633036,9843388,0.11046100,0.00300000,0
1531161636698,1531161636694,9843389,0.11047200,0.01500000,0
1531161650605,1531161650602,9843390,0.11047200,0.00400000,0
1531161676535,1531161676531,9843391,0.11052400,0.04100000,0
1531161676683,1531161676680,9843392,0.11060300,0.08500000,0
1531161677286,1531161677281,9843393,0.11052500,0.04100000,1
1531161677286,1531161677281,9843394,0.11052400,0.11400000,1
1531161694131,1531161694127,9843395,0.11048400,5.25900000,0
1531161694142,1531161694139,9843396,0.11047100,3.70500000,1
1531161696978,1531161696973,9843397,0.11047000,0.00400000,1
1531161712090,1531161712086,9843398,0.11047400,0.09200000,1
1531161712090,1531161712086,9843399,0.11047300,0.09000000,1
1531161712090,1531161712086,9843400,0.11047000,0.07400000,1
1531161721986,1531161721982,9843401,0.11047300,0.44600000,1
1531161735664,1531161735661,9843402,0.11051500,1.19200000,0
1531161735678,1531161735675,9843403,0.11047300,0.20200000,1
1531161735700,1531161735696,9843404,0.11047300,0.86200000,1
1531161746133,1531161746128,9843405,0.11064300,0.00200000,0
1531161754450,1531161754445,9843406,0.11051500,2.35300000,0
1531161754468,1531161754463,9843407,0.11047300,4.49300000,1
1531161754493,1531161754488,9843408,0.11047300,1.89700000,1
1531161766602,1531161766599,9843409,0.11051400,1.67100000,0
1531161766624,1531161766619,9843410,0.11047300,0.98800000,1
1531161766639,1531161766635,9843411,0.11047300,1.57600000,1
1531161807198,1531161807181,9843412,0.11051400,6.93100000,0
1531161807213,1531161807210,9843413,0.11047300,2.66900000,1
1531161807230,1531161807227,9843414,0.11047300,3.04000000,1
1531161812970,1531161812965,9843415,0.11047300,4.51900000,1
1531161812990,1531161812985,9843416,0.11047300,1.84000000,1
1531161819798,1531161819795,9843417,0.11047300,3.06800000,1
1531161825811,1531161825807,9843418,0.11051400,0.01000000,0
1531161831246,1531161831240,9843419,0.11049300,5.47900000,0
1531161831265,1531161831259,9843420,0.11047300,0.07000000,1
1531161831292,1531161831288,9843421,0.11047300,1.97100000,1
1531161841192,1531161841188,9843422,0.11056000,7.35400000,0
1531161841207,1531161841201,9843423,0.11047500,3.78200000,1
1531161841229,1531161841225,9843424,0.11047500,3.87000000,1
1531161846970,1531161846966,9843425,0.11047500,0.08000000,1
1531161848700,1531161848695,9843426,0.11047500,4.71100000,1
1531161848716,1531161848712,9843427,0.11047500,3.44800000,1
1531161858763,1531161858759,9843428,0.11051700,8.72300000,0
1531161858773,1531161858771,9843429,0.11047500,4.45300000,1
1531161858792,1531161858787,9843430,0.11047500,3.72900000,1
1531161869610,1531161869604,9843431,0.11047500,0.31400000,1
1531161869610,1531161869604,9843432,0.11047400,0.08600000,1
1531161919153,1531161919149,9843433,0.11055900,2.85000000,0
1531161919162,1531161919159,9843434,0.11047900,1.63700000,1
1531161986377,1531161986371,9843435,0.11048900,0.04200000,1
1531161986401,1531161986397,9843436,0.11048900,3.32200000,1
1531161986752,1531161986748,9843437,0.11048900,0.20800000,0
1531161987601,1531161987597,9843438,0.11048800,0.01000000,1
1531161988837,1531161988833,9843439,0.11048900,0.00200000,0
1531161995315,1531161995314,9843440,0.11056400,0.46700000,0
1531162053111,1531162053107,9843441,0.11050400,4.22700000,1
1531162053126,1531162053121,9843442,0.11050400,2.92300000,1
1531162055052,1531162055047,9843443,0.11056000,0.81800000,0
1531162061286,1531162061280,9843444,0.11061700,4.90000000,1
1531162074053,1531162074048,9843445,0.11061900,8.68900000,0
1531162074060,1531162074056,9843446,0.11061800,0.51500000,1
1531162074079,1531162074073,9843447,0.11061800,4.67100000,1
1531162086165,1531162086159,9843448,0.11061800,0.37500000,1
1531162087407,1531162087402,9843449,0.11061900,3.51600000,0
1531162087426,1531162087422,9843450,0.11061800,2.29000000,1
1531162087446,1531162087441,9843451,0.11061800,0.88900000,1
1531162093332,1531162093327,9843452,0.11061700,0.17600000,0
1531162093332,1531162093327,9843453,0.11061800,0.37500000,0
1531162096427,1531162096423,9843454,0.11061800,0.80300000,1
1531162096576,1531162096573,9843455,0.11056000,1.08000000,0
1531162096730,1531162096725,9843456,0.11056000,0.06000000,0
1531162112806,1531162112803,9843457,0.11056000,0.02900000,0
1531162112982,1531162112977,9843458,0.11056000,0.16800000,0
1531162167206,1531162167202,9843459,0.11061900,0.16100000,0
1531162168046,1531162168042,9843460,0.11056600,0.01800000,0
1531162168046,1531162168042,9843461,0.11061900,0.14300000,0
1531162168935,1531162168931,9843462,0.11061900,0.16100000,0
1531162169426,1531162169421,9843463,0.11061900,0.16100000,0
1531162170982,1531162170978,9843464,0.11061900,0.16100000,0
1531162191889,1531162191885,9843465,0.11053100,0.02000000,1
1531162228393,1531162228387,9843466,0.11056100,3.36200000,1
1531162228660,1531162228655,9843467,0.11061800,0.01100000,0
1531162240411,1531162240405,9843468,0.11056200,0.33700000,1
1531162243623,1531162243619,9843469,0.11059000,0.01800000,0
1531162243623,1531162243619,9843470,0.11061800,0.06900000,0
1531162243623,1531162243619,9843471,0.11061900,0.00300000,0
1531162262871,1531162262868,9843472,0.11061900,0.01300000,0
1531162262871,1531162262868,9843473,0.11062000,0.33000000,0
1531162262871,1531162262868,9843474,0.11064500,0.01300000,0
1531162262871,1531162262868,9843475,0.11068700,0.01900000,0
1531162262871,1531162262868,9843476,0.11070000,0.07900000,0
1531162265201,1531162265197,9843477,0.11057200,0.74900000,1
1531162294218,1531162294213,9843478,0.11058000,0.51300000,1
1531162320159,1531162320154,9843479,0.11061100,0.69100000,0
1531162320174,1531162320168,9843480,0.11058300,0.63000000,1
1531162330898,1531162330894,9843481,0.11069900,0.08500000,0
1531162331194,1531162331189,9843482,0.11069900,0.08500000,0
1531162331616,1531162331612,9843483,0.11069900,0.08500000,0
1531162331910,1531162331905,9843484,0.11069900,0.08500000,0
1531162332212,1531162332207,9843485,0.11069900,0.08500000,0
1531162342801,1531162342797,9843486,0.11060000,0.45400000,0
1531162348334,1531162348330,9843487,0.11060000,1.50000000,0
1531162357917,1531162357912,9843488,0.11060000,0.04500000,0
1531162357917,1531162357912,9843489,0.11064200,0.01800000,0
1531162357917,1531162357912,9843490,0.11069900,0.35100000,0
1531162357917,1531162357912,9843491,0.11070000,0.12100000,0
1531162357917,1531162357912,9843492,0.11080400,0.21500000,0
1531162360444,1531162360436,9843493,0.11080100,0.07100000,0
1531162360453,1531162360448,9843494,0.11080100,0.04700000,0
1531162360469,1531162360465,9843495,0.11080100,0.07200000,0
1531162360497,1531162360493,9843496,0.11059600,0.04600000,1
1531162360689,1531162360684,9843497,0.11080100,0.08500000,0
1531162360949,1531162360945,9843498,0.11080100,0.02000000,0
1531162360980,1531162360978,9843499,0.11080100,0.02000000,0
1531162361015,1531162361011,9843500,0.11080100,0.02000000,0
1531162361020,1531162361017,9843501,0.11080100,0.08500000,0
1531162361032,1531162361027,9843502,0.11080100,0.02000000,0
1531162361051,1531162361047,9843503,0.11080100,0.02000000,0
1531162361072,1531162361067,9843504,0.11080100,0.02000000,0
1531162361099,1531162361094,9843505,0.11080100,0.02000000,0
1531162361131,1531162361127,9843506,0.11080100,0.06900000,0
1531162361222,1531162361217,9843507,0.11080100,0.02300000,0
1531162361222,1531162361217,9843508,0.11080200,0.06200000,0
1531162361426,1531162361421,9843509,0.11080200,0.08500000,0
1531162361460,1531162361455,9843510,0.11069800,0.01900000,0
1531162362009,1531162362004,9843511,0.11080200,0.02000000,0
1531162362949,1531162362944,9843512,0.11080200,0.02000000,0
1531162362970,1531162362966,9843513,0.11080200,0.02000000,0
1531162363000,1531162362996,9843514,0.11080200,0.02000000,0
1531162363014,1531162363010,9843515,0.11080200,0.02000000,0
1531162363035,1531162363029,9843516,0.11080200,0.02000000,0
1531162363056,1531162363052,9843517,0.11080200,0.02000000,0
1531162363077,1531162363073,9843518,0.11080200,0.02000000,0
1531162363108,1531162363104,9843519,0.11080200,0.02000000,0
1531162363129,1531162363124,9843520,0.11080200,0.06500000,0
1531162480413,1531162480409,9843521,0.11060300,3.89900000,1
1531162480435,1531162480431,9843522,0.11060300,3.31400000,1
1531162485612,1531162485608,9843523,0.11059200,3.16900000,1
1531162490205,1531162490200,9843524,0.11064400,0.01600000,0
1531162521348,1531162521341,9843525,0.11069700,3.20000000,0
1531162536214,1531162536209,9843526,0.11064500,0.02000000,0
1531162539561,1531162539555,9843527,0.11069700,0.01000000,0
1531162542573,1531162542572,9843528,0.11079700,0.05200000,0
1531162542978,1531162542973,9843529,0.11079700,0.02000000,0
1531162543011,1531162543006,9843530,0.11079700,0.03200000,0
1531162543998,1531162543995,9843531,0.11079700,0.02000000,0
1531162544025,1531162544021,9843532,0.11079700,0.03200000,0
1531162544974,1531162544971,9843533,0.11079600,0.02000000,0
1531162544993,1531162544989,9843534,0.11079600,0.03200000,0
1531162554653,1531162554647,9843535,0.11061100,0.01600000,1
1531162554962,1531162554956,9843536,0.11061200,0.01600000,1
1531162555260,1531162555255,9843537,0.11061200,0.01600000,1
1531162592207,1531162592202,9843538,0.11068200,0.13200000,0
1531162592214,1531162592210,9843539,0.11068200,0.00100000,0
1531162594477,1531162594472,9843540,0.11064500,3.34000000,0
1531162594489,1531162594485,9843541,0.11060700,3.03600000,1
1531162607095,1531162607090,9843542,0.11059700,3.21300000,1
1531162620932,1531162620928,9843543,0.11059700,2.77400000,1
1531162620956,1531162620952,9843544,0.11059700,0.84900000,1
1531162622691,1531162622686,9843545,0.11059700,0.94200000,0
1531162622715,1531162622709,9843546,0.11059700,0.13400000,0
1531162622735,1531162622730,9843547,0.11059700,0.10400000,0
1531162624901,1531162624900,9843548,0.11059600,0.02000000,1
1531162625720,1531162625712,9843549,0.11059700,0.01100000,0
1531162625720,1531162625712,9843550,0.11076900,0.03200000,0
1531162625720,1531162625712,9843551,0.11077000,0.21500000,0
1531162693406,1531162693400,9843552,0.11065700,6.39900000,0
1531162693418,1531162693415,9843553,0.11062300,2.96700000,1
1531162693435,1531162693429,9843554,0.11062300,4.84700000,1
1531162694495,1531162694490,9843555,0.11069200,0.06600000,0
1531162694630,1531162694625,9843556,0.11069200,0.15000000,0
1531162699623,1531162699618,9843557,0.11065100,0.01000000,0
1531162707556,1531162707550,9843558,0.11065200,5.63900000,0
1531162707570,1531162707565,9843559,0.11061200,2.13700000,1
1531162733369,1531162733364,9843560,0.11069200,0.11100000,0
1531162766807,1531162766803,9843561,0.11070300,2.04000000,1
1531162824566,1531162824561,9843562,0.11077000,0.05000000,0
1531162825159,1531162825154,9843563,0.11077000,0.05000000,0
1531162825252,1531162825246,9843564,0.11077000,0.01100000,0
1531162825739,1531162825737,9843565,0.11077000,0.05000000,0
1531162826363,1531162826357,9843566,0.11077000,0.05000000,0
1531162827032,1531162827025,9843567,0.11076700,0.05000000,0
1531162827744,1531162827738,9843568,0.11076700,0.05000000,0
1531162828012,1531162828009,9843569,0.11076700,0.08600000,0
1531162828017,1531162828012,9843570,0.11076700,0.04500000,0
1531162828017,1531162828012,9843571,0.11077000,0.04200000,0
1531162828324,1531162828320,9843572,0.11077000,0.05000000,0
1531162828463,1531162828459,9843573,0.11070700,1.09000000,1
1531162828483,1531162828477,9843574,0.11070700,4.59900000,1
1531162829205,1531162829200,9843575,0.11077000,0.05000000,0
1531162829961,1531162829956,9843576,0.11077000,0.05000000,0
1531162830629,1531162830625,9843577,0.11077000,0.05000000,0
1531162831259,1531162831253,9843578,0.11077000,0.05000000,0
1531162831953,1531162831948,9843579,0.11077000,0.05000000,0
1531162832578,1531162832573,9843580,0.11077000,0.05000000,0
1531162833218,1531162833213,9843581,0.11077000,0.05000000,0
1531162840465,1531162840460,9843582,0.11070400,4.04300000,1
1531162847029,1531162847024,9843583,0.11070400,1.40700000,1
1531162860617,1531162860609,9843584,0.11070400,2.00000000,1
1531162860617,1531162860609,9843585,0.11070300,0.50000000,1
1531162860617,1531162860609,9843586,0.11062200,6.91500000,1
1531162860617,1531162860609,9843587,0.11061100,0.31000000,1
1531162860617,1531162860609,9843588,0.11060200,0.09500000,1
1531162860617,1531162860609,9843589,0.11059100,0.06100000,1
1531162860617,1531162860609,9843590,0.11056000,0.03600000,1
1531162860617,1531162860609,9843591,0.11049000,7.00000000,1
1531162860617,1531162860609,9843592,0.11047400,1.65900000,1
1531162860617,1531162860609,9843593,0.11047200,0.54300000,1
1531162860617,1531162860609,9843594,0.11047000,0.00300000,1
1531162860617,1531162860609,9843595,0.11044500,8.13200000,1
1531162894250,1531162894243,9843596,0.11074600,0.09000000,0
1531162942375,1531162942369,9843597,0.11057300,0.10000000,1
1531162945873,1531162945870,9843598,0.11057300,0.01800000,1
1531162946035,1531162946029,9843599,0.11057300,0.00100000,1
1531162948374,1531162948369,9843600,0.11057400,4.60000000,1
1531162963275,1531162963269,9843601,0.11057600,0.48900000,1
1531162963285,1531162963281,9843602,0.11057600,2.36200000,1
1531162963967,1531162963962,9843603,0.11056600,0.09300000,1
1531162965887,1531162965881,9843604,0.11045200,0.04300000,1
1531162965887,1531162965881,9843605,0.11045100,0.52800000,1
1531162966183,1531162966177,9843606,0.11045100,0.57100000,1
1531162966712,1531162966710,9843607,0.11045100,0.57100000,1
1531162967010,1531162967005,9843608,0.11045100,0.57100000,1
1531162967717,1531162967711,9843609,0.11045100,0.57100000,1
1531162971838,1531162971833,9843610,0.11041300,0.00100000,1
1531162972411,1531162972406,9843611,0.11041300,0.00100000,1
1531162973607,1531162973601,9843612,0.11056600,0.04900000,0
1531162973809,1531162973805,9843613,0.11056600,0.05000000,0
1531162998677,1531162998673,9843614,0.11041200,0.02800000,1
1531163004660,1531163004655,9843615,0.11054700,0.17800000,0
1531163004660,1531163004655,9843616,0.11054800,0.22100000,0
1531163100595,1531163100592,9843617,0.11059900,0.00600000,0
1531163101047,1531163101041,9843618,0.11059800,0.00600000,0
1531163126800,1531163126795,9843619,0.11054700,1.03000000,0
1531163154057,1531163154052,9843620,0.11054700,0.93700000,0
1531163165823,1531163165817,9843621,0.11054700,0.98400000,0
1531163182115,1531163182110,9843622,0.11054700,2.83000000,0
1531163185120,1531163185115,9843623,0.11042700,0.00900000,1
1531163191581,1531163191576,9843624,0.11054700,0.01300000,0
1531163192317,1531163192312,9843625,0.11054700,4.68200000,0
1531163192333,1531163192328,9843626,0.11054700,3.98800000,0
1531163199301,1531163199297,9843627,0.11054700,0.01300000,1
1531163213848,1531163213843,9843628,0.11048300,5.00100000,0
1531163213863,1531163213858,9843629,0.11054700,2.81000000,0
1531163215292,1531163215286,9843630,0.11054700,0.27100000,0
1531163215409,1531163215404,9843631,0.11054700,1.90000000,0
1531163215999,1531163215996,9843632,0.11054700,0.04600000,0
1531163215999,1531163215996,9843633,0.11054800,0.31600000,0
1531163215999,1531163215996,9843634,0.11062600,0.13800000,0
1531163221432,1531163221428,9843635,0.11042800,0.01700000,1
1531163262645,1531163262639,9843636,0.11062300,0.09200000,0
1531163262645,1531163262639,9843637,0.11062400,0.01000000,0
1531163264673,1531163264667,9843638,0.11062300,0.04700000,0
1531163269690,1531163269684,9843639,0.11062300,0.03200000,0
1531163269690,1531163269684,9843640,0.11063100,0.25000000,0
1531163271868,1531163271862,9843641,0.11063100,0.14500000,0
1531163280411,1531163280405,9843642,0.11063000,0.16800000,0
1531163282578,1531163282575,9843643,0.11062900,0.06700000,0
1531163299712,1531163299706,9843644,0.11054700,0.09300000,0
1531163299729,1531163299724,9843645,0.11062900,3.11200000,0
1531163299746,1531163299741,9843646,0.11062900,0.03500000,0
1531163317422,1531163317416,9843647,0.11063100,3.00000000,0
1531163330205,1531163330200,9843648,0.11073700,0.15600000,0
1531163332532,1531163332525,9843649,0.11073700,0.06200000,0
1531163334632,1531163334627,9843650,0.11073700,0.06200000,0
1531163351209,1531163351204,9843651,0.11053900,0.08500000,1
1531163352818,1531163352812,9843652,0.11073300,0.09000000,0
1531163382184,1531163382179,9843653,0.11073400,0.01000000,0
1531163395477,1531163395472,9843654,0.11058100,0.05600000,1
1531163408777,1531163408773,9843655,0.11072600,0.23800000,0
1531163409014,1531163409010,9843656,0.11059000,0.01600000,1
1531163411808,1531163411803,9843657,0.11072500,0.00100000,0
1531163444378,1531163444372,9843658,0.11060100,0.00100000,1
1531163458546,1531163458541,9843659,0.11073100,0.01500000,0
1531163458546,1531163458541,9843660,0.11073400,0.00500000,0
1531163458546,1531163458541,9843661,0.11076800,0.07000000,0
1531163527671,1531163527666,9843662,0.11061500,0.02700000,1
1531163542181,1531163542175,9843663,0.11075500,0.09000000,0
1531163544672,1531163544665,9843664,0.11075400,0.09000000,0
1531163560744,1531163560739,9843665,0.11061500,0.01300000,1
1531163583405,1531163583400,9843666,0.11074900,0.00200000,0
1531163597769,1531163597763,9843667,0.11074700,0.01100000,0
1531163597769,1531163597763,9843668,0.11075000,0.98900000,0
1531163606574,1531163606570,9843669,0.11075000,0.01500000,0
1531163612616,1531163612611,9843670,0.11068800,6.52600000,0
1531163612624,1531163612618,9843671,0.11074900,4.71900000,0
1531163612635,1531163612630,9843672,0.11074900,2.67300000,0
1531163618901,1531163618895,9843673,0.11075000,0.03100000,0
1531163618901,1531163618895,9843674,0.11077000,0.00400000,0
1531163618901,1531163618895,9843675,0.11083400,0.16400000,0
1531163620558,1531163620553,9843676,0.11083200,0.00200000,0
1531163620734,1531163620731,9843677,0.11083200,0.00200000,0
1531163641257,1531163641251,9843678,0.11064200,0.04900000,1
1531163685524,1531163685519,9843679,0.11065000,0.07200000,1
1531163688739,1531163688733,9843680,0.11078800,0.46200000,0
1531163688739,1531163688733,9843681,0.11078900,0.07200000,0
1531163688739,1531163688733,9843682,0.11079000,0.72900000,0
1531163688739,1531163688733,9843683,0.11083400,3.73700000,0
1531163698959,1531163698953,9843684,0.11074300,0.02300000,0
1531163712874,1531163712868,9843685,0.11070000,0.94200000,0
1531163712894,1531163712888,9843686,0.11065700,4.32300000,1
1531163712917,1531163712912,9843687,0.11065700,0.54900000,1
1531163713391,1531163713385,9843688,0.11074300,0.01000000,0
1531163718076,1531163718071,9843689,0.11074300,0.36600000,0
1531163718076,1531163718071,9843690,0.11083200,0.35000000,0
1531163718076,1531163718071,9843691,0.11083300,1.28400000,0
1531163719727,1531163719721,9843692,0.11083300,0.43400000,0
1531163722720,1531163722715,9843693,0.11074400,0.17700000,0
1531163734532,1531163734526,9843694,0.11074500,0.14300000,0
1531163740297,1531163740293,9843695,0.11066400,0.17800000,1
1531163740330,1531163740324,9843696,0.11066400,0.31000000,0
1531163742923,1531163742918,9843697,0.11074200,0.04500000,0
1531163743877,1531163743875,9843698,0.11070400,0.01000000,0
1531163743981,1531163743978,9843699,0.11070400,0.03500000,0
1531163744141,1531163744134,9843700,0.11074200,0.01000000,0
1531163748730,1531163748725,9843701,0.11066500,0.72600000,1
1531163748757,1531163748751,9843702,0.11066500,3.36600000,1
1531163752476,1531163752470,9843703,0.11066500,0.02700000,1
1531163765525,1531163765520,9843704,0.11066800,0.19000000,1
1531163827141,1531163827139,9843705,0.11073800,0.03500000,0
1531163827487,1531163827481,9843706,0.11073800,0.26000000,0
1531163861642,1531163861635,9843707,0.11070100,6.75400000,0
1531163861659,1531163861652,9843708,0.11066900,4.06700000,1
1531163876680,1531163876674,9843709,0.11073300,0.03900000,0
1531163882396,1531163882391,9843710,0.11069500,5.72200000,0
1531163882404,1531163882398,9843711,0.11066900,4.54100000,1
1531163923007,1531163923003,9843712,0.11067100,3.00400000,1
1531163923022,1531163923018,9843713,0.11067100,3.83400000,1
1531163924989,1531163924983,9843714,0.11070300,0.01000000,0
1531163924989,1531163924983,9843715,0.11071500,0.03700000,0
1531163935944,1531163935938,9843716,0.11067000,0.58900000,1
1531163935944,1531163935938,9843717,0.11066900,0.35400000,1
1531163940865,1531163940861,9843718,0.11071000,4.92300000,0
1531163940878,1531163940874,9843719,0.11067000,3.37000000,1
1531163951014,1531163951009,9843720,0.11071000,1.24900000,0
1531163951031,1531163951027,9843721,0.11067000,0.42000000,1
1531163958229,1531163958225,9843722,0.11070900,1.01500000,0
1531163958239,1531163958232,9843723,0.11070900,9.52300000,0
1531163958256,1531163958249,9843724,0.11075000,3.77800000,0
1531163969477,1531163969471,9843725,0.11071000,0.01300000,1
1531163970041,1531163970036,9843726,0.11071000,0.93100000,1
1531163970060,1531163970054,9843727,0.11070900,1.01500000,1
1531163979869,1531163979863,9843728,0.11066800,0.01800000,1
1531163981141,1531163981135,9843729,0.11070800,1.46300000,0
1531163981163,1531163981158,9843730,0.11070800,1.71500000,0
1531163981187,1531163981181,9843731,0.11070900,9.52300000,0
1531163987504,1531163987500,9843732,0.11071000,3.52000000,1
1531163998015,1531163998013,9843733,0.11075100,0.09000000,0
1531164001601,1531164001598,9843734,0.11066900,0.17000000,1
1531164001607,1531164001602,9843735,0.11066900,2.89100000,1
1531164017252,1531164017247,9843736,0.11071000,2.09200000,0
1531164017264,1531164017259,9843737,0.11066900,2.93100000,1
1531164017277,1531164017270,9843738,0.11066900,0.74000000,1
1531164034108,1531164034105,9843739,0.11070900,10.75800000,0
1531164034117,1531164034111,9843740,0.11075000,4.55900000,0
1531164041782,1531164041776,9843741,0.11066900,3.00400000,1
1531164053742,1531164053737,9843742,0.11066900,0.90100000,1
1531164053759,1531164053752,9843743,0.11066900,1.63100000,1
1531164067538,1531164067537,9843744,0.11071000,3.39700000,0
1531164067553,1531164067546,9843745,0.11067000,0.30300000,1
1531164067610,1531164067603,9843746,0.11067000,1.28600000,1
1531164076764,1531164076759,9843747,0.11075100,0.03000000,0
1531164086829,1531164086824,9843748,0.11067000,0.01400000,1
1531164100092,1531164100087,9843749,0.11067000,3.73300000,1
1531164101006,1531164101000,9843750,0.11067000,4.81500000,1
1531164116347,1531164116341,9843751,0.11075100,0.93700000,0
1531164116347,1531164116341,9843752,0.11083300,3.28200000,0
1531164116347,1531164116341,9843753,0.11083400,3.78100000,0
1531164130153,1531164130148,9843754,0.11067400,0.23500000,1
1531164146355,1531164146350,9843755,0.11075100,3.62900000,0
1531164146367,1531164146361,9843756,0.11067000,3.62900000,1
1531164270876,1531164270870,9843757,0.11083000,0.00600000,0
1531164276921,1531164276916,9843758,0.11069000,2.01300000,1
1531164286854,1531164286847,9843759,0.11069100,4.00600000,1
1531164293222,1531164293218,9843760,0.11075800,0.10300000,0
1531164293236,1531164293233,9843761,0.11075800,0.04200000,1
1531164304389,1531164304384,9843762,0.11082600,0.17200000,0
1531164307289,1531164307284,9843763,0.11083100,0.05500000,1
1531164312171,1531164312165,9843764,0.11083500,1.28400000,0
1531164312187,1531164312182,9843765,0.11083100,4.13900000,1
1531164312212,1531164312205,9843766,0.11083100,0.80000000,1
1531164317121,1531164317117,9843767,0.11083100,0.05400000,0
1531164317578,1531164317572,9843768,0.11083100,0.70000000,1
1531164321582,1531164321578,9843769,0.11083200,1.10000000,1
1531164321628,1531164321623,9843770,0.11083900,0.01100000,0
1531164325365,1531164325362,9843771,0.11083200,0.02000000,1
1531164327662,1531164327656,9843772,0.11083200,0.06000000,1
1531164327685,1531164327680,9843773,0.11083100,0.09900000,1
1531164331246,1531164331242,9843774,0.11083000,0.04400000,1
1531164331488,1531164331482,9843775,0.11083000,0.05400000,1
1531164354996,1531164354991,9843776,0.11075900,5.87100000,0
1531164355008,1531164355003,9843777,0.11082700,3.53600000,0
1531164359037,1531164359033,9843778,0.11089800,0.00200000,0
1531164371556,1531164371550,9843779,0.11088500,0.45800000,0
1531164372409,1531164372402,9843780,0.11088500,0.00500000,0
1531164372409,1531164372402,9843781,0.11088600,0.01500000,0
1531164372435,1531164372429,9843782,0.11088600,0.02000000,0
1531164372457,1531164372450,9843783,0.11088600,0.02000000,0
1531164372477,1531164372470,9843784,0.11088600,0.02000000,0
1531164372509,1531164372504,9843785,0.11088600,0.02000000,0
1531164372517,1531164372514,9843786,0.11088600,0.02000000,0
1531164372552,1531164372547,9843787,0.11088600,0.02000000,0
1531164372570,1531164372565,9843788,0.11088600,0.02000000,0
1531164372591,1531164372586,9843789,0.11088600,0.11800000,0
1531164372591,1531164372586,9843790,0.11089900,0.16700000,0
1531164374426,1531164374423,9843791,0.11088400,0.01000000,0
1531164390692,1531164390687,9843792,0.11087600,0.11500000,0
1531164390696,1531164390693,9843793,0.11087600,0.06500000,0
1531164390721,1531164390715,9843794,0.11087600,0.11500000,0
1531164390800,1531164390795,9843795,0.11087600,0.07500000,0
1531164403300,1531164403295,9843796,0.11087000,0.02700000,0
1531164403335,1531164403330,9843797,0.11089900,0.05400000,0
1531164403381,1531164403378,9843798,0.11089900,1.23700000,0
1531164417106,1531164417100,9843799,0.11087600,0.11600000,0
1531164478300,1531164478295,9843800,0.11090000,0.01300000,0
1531164484001,1531164483994,9843801,0.11076100,0.17800000,1
1531164484001,1531164483994,9843802,0.11076000,0.67100000,1
1531164484001,1531164483994,9843803,0.11075900,0.74000000,1
1531164484001,1531164483994,9843804,0.11075700,6.70000000,1
1531164484001,1531164483994,9843805,0.11070900,0.10200000,1
1531164484001,1531164483994,9843806,0.11066800,12.76400000,1
1531164484001,1531164483994,9843807,0.11063000,0.87900000,1
1531164489504,1531164489499,9843808,0.11089300,0.50500000,0
1531164490392,1531164490387,9843809,0.11089300,0.02000000,0
1531164490418,1531164490414,9843810,0.11089300,0.02000000,0
1531164490426,1531164490425,9843811,0.11089300,0.02000000,0
1531164490428,1531164490425,9843812,0.11089300,0.11800000,0
1531164490450,1531164490445,9843813,0.11089400,0.02000000,0
1531164490478,1531164490473,9843814,0.11089400,0.02000000,0
1531164490504,1531164490497,9843815,0.11089400,0.02000000,0
1531164490509,1531164490505,9843816,0.11089400,0.02000000,0
1531164490536,1531164490528,9843817,0.11089400,0.02000000,0
1531164490574,1531164490568,9843818,0.11089400,0.34000000,0
1531164558625,1531164558618,9843819,0.11082100,0.42400000,0
1531164558637,1531164558632,9843820,0.11089300,0.22200000,0
1531164558655,1531164558649,9843821,0.11089300,0.41400000,0
1531164561686,1531164561682,9843822,0.11089400,0.10300000,0
1531164568849,1531164568844,9843823,0.11089400,0.20800000,0
1531164592647,1531164592642,9843824,0.11089300,3.08000000,0
1531164592665,1531164592660,9843825,0.11089300,4.41600000,0
1531164604522,1531164604516,9843826,0.11089300,4.40800000,0
1531164604532,1531164604525,9843827,0.11089300,2.36200000,0
1531164641105,1531164641099,9843828,0.11089300,4.50100000,0
1531164664511,1531164664508,9843829,0.11089300,0.27400000,0
1531164705426,1531164705421,9843830,0.11083400,1.36200000,0
1531164705442,1531164705438,9843831,0.11077400,0.72300000,1
1531164718037,1531164718031,9843832,0.11089300,0.00500000,0
1531164722448,1531164722443,9843833,0.11083200,4.59500000,0
1531164722467,1531164722462,9843834,0.11089300,1.89400000,0
1531164730242,1531164730235,9843835,0.11089300,0.00500000,1
1531164730499,1531164730497,9843836,0.11089300,0.51200000,0
1531164737095,1531164737092,9843837,0.11089200,0.33700000,0
1531164743497,1531164743494,9843838,0.11089200,0.23400000,0
1531164743839,1531164743833,9843839,0.11089200,0.12600000,0
1531164752723,1531164752718,9843840,0.11064900,0.39300000,1
1531164756409,1531164756404,9843841,0.11087700,0.33900000,0
1531164757337,1531164757334,9843842,0.11087600,0.02000000,0
1531164757371,1531164757366,9843843,0.11087600,0.02000000,0
1531164757387,1531164757385,9843844,0.11087600,0.02000000,0
1531164757411,1531164757405,9843845,0.11087600,0.02000000,0
1531164757422,1531164757416,9843846,0.11087600,0.02000000,0
1531164757444,1531164757439,9843847,0.11087600,0.00200000,0
1531164757444,1531164757439,9843848,0.11087700,0.01800000,0
1531164757475,1531164757467,9843849,0.11087700,0.02000000,0
1531164757490,1531164757485,9843850,0.11087700,0.02000000,0
1531164757522,1531164757518,9843851,0.11087700,0.10300000,0
1531164757522,1531164757518,9843852,0.11087900,0.07600000,0
1531164758360,1531164758354,9843853,0.11087900,0.02000000,0
1531164758386,1531164758380,9843854,0.11087900,0.02000000,0
1531164758407,1531164758403,9843855,0.11087900,0.02000000,0
1531164758422,1531164758420,9843856,0.11087900,0.02000000,0
1531164758459,1531164758452,9843857,0.11087900,0.02000000,0
1531164758464,1531164758459,9843858,0.11087900,0.02000000,0
1531164758495,1531164758489,9843859,0.11087900,0.02000000,0
1531164758525,1531164758521,9843860,0.11087900,0.02100000,0
1531164765765,1531164765760,9843861,0.11069900,0.00200000,1
1531164766329,1531164766325,9843862,0.11070000,0.00200000,1
1531164776153,1531164776148,9843863,0.11067400,0.02600000,1
1531164779547,1531164779541,9843864,0.11087400,0.00600000,0
1531164823270,1531164823268,9843865,0.11087500,0.00600000,0
1531164828850,1531164828845,9843866,0.11087500,0.09000000,0
1531164860086,1531164860079,9843867,0.11073600,0.03600000,1
1531164860720,1531164860715,9843868,0.11073600,0.03600000,1
1531164861539,1531164861536,9843869,0.11073600,0.03600000,1
1531164861854,1531164861833,9843870,0.11073600,0.03600000,1
1531164862154,1531164862150,9843871,0.11073600,0.03300000,1
1531164862154,1531164862150,9843872,0.11071000,0.00300000,1
1531164865300,1531164865294,9843873,0.11088500,0.52000000,0
1531164865300,1531164865294,9843874,0.11088600,0.02500000,0
1531164866275,1531164866271,9843875,0.11088600,0.02000000,0
1531164866287,1531164866282,9843876,0.11088600,0.02000000,0
1531164866316,1531164866313,9843877,0.11088600,0.02000000,0
1531164866337,1531164866331,9843878,0.11088600,0.02000000,0
1531164866348,1531164866345,9843879,0.11088600,0.02000000,0
1531164866408,1531164866371,9843880,0.11088600,0.02000000,0
1531164866408,1531164866385,9843881,0.11088600,0.02000000,0
1531164866420,1531164866416,9843882,0.11088500,0.02000000,0
1531164866435,1531164866434,9843883,0.11088500,0.15900000,0
1531164866435,1531164866434,9843884,0.11088600,0.18100000,0
1531164887507,1531164887501,9843885,0.11089200,0.54300000,0
1531164905041,1531164905037,9843886,0.11089300,0.01900000,0
1531164907757,1531164907752,9843887,0.11089200,3.16900000,0
1531164907782,1531164907775,9843888,0.11089200,0.94000000,0
1531164907825,1531164907819,9843889,0.11089300,3.41100000,0
1531164907841,1531164907836,9843890,0.11089300,3.89600000,0
1531164918531,1531164918523,9843891,0.11073100,0.03600000,1
1531164918842,1531164918836,9843892,0.11073100,0.03600000,1
1531164919655,1531164919650,9843893,0.11073200,0.03600000,1
1531164920483,1531164920482,9843894,0.11073200,0.03600000,1
1531164921030,1531164921025,9843895,0.11073200,0.03600000,1
1531164963530,1531164963524,9843896,0.11074500,0.01000000,1
1531164978943,1531164978937,9843897,0.11074800,0.03600000,1
1531164979251,1531164979249,9843898,0.11074800,0.03600000,1
1531164979541,1531164979536,9843899,0.11074800,0.03600000,1
1531164979838,1531164979834,9843900,0.11074800,0.03600000,1
1531164980161,1531164980156,9843901,0.11074900,0.03600000,1
1531164998012,1531164998008,9843902,0.11087500,4.98800000,0
1531165009396,1531165009390,9843903,0.11075700,0.03100000,1
1531165038758,1531165038754,9843904,0.11087500,1.91500000,0
1531165051959,1531165051955,9843905,0.11079900,0.20300000,0
1531165058182,1531165058176,9843906,0.11079800,0.20400000,0
1531165060740,1531165060733,9843907,0.11079800,4.42200000,0
1531165066224,1531165066219,9843908,0.11079900,0.09300000,0
1531165075224,1531165075219,9843909,0.11079900,0.46000000,0
1531165075228,1531165075222,9843910,0.11079900,0.06500000,0
1531165075250,1531165075244,9843911,0.11079800,0.20400000,1
1531165092779,1531165092774,9843912,0.11074800,2.63300000,1
1531165092797,1531165092792,9843913,0.11074800,1.69300000,1
1531165164797,1531165164792,9843914,0.11078600,0.14000000,0
1531165169562,1531165169556,9843915,0.11075800,0.73700000,1
1531165169615,1531165169609,9843916,0.11075700,0.04500000,0
1531165174106,1531165174103,9843917,0.11075400,0.11900000,0
1531165179244,1531165179238,9843918,0.11075600,0.66700000,0
1531165179251,1531165179247,9843919,0.11075500,1.75400000,1
1531165179267,1531165179262,9843920,0.11075500,0.22800000,1
1531165179759,1531165179753,9843921,0.11075700,0.33200000,0
1531165180312,1531165180307,9843922,0.11075700,0.47300000,0
1531165183157,1531165183150,9843923,0.11074400,0.33100000,1
1531165184207,1531165184201,9843924,0.11072700,0.10100000,1
1531165184207,1531165184201,9843925,0.11064700,0.05700000,1
1531165191953,1531165191947,9843926,0.11064900,4.13400000,1
1531165198357,1531165198351,9843927,0.11075700,2.06900000,0
1531165204532,1531165204527,9843928,0.11070500,7.06900000,0
1531165204541,1531165204535,9843929,0.11075600,1.18700000,0
1531165204556,1531165204550,9843930,0.11075600,2.63700000,0
1531165218457,1531165218453,9843931,0.11070700,1.81400000,0
1531165218472,1531165218467,9843932,0.11075600,3.43100000,0
1531165218496,1531165218490,9843933,0.11075600,0.95300000,0
1531165224777,1531165224770,9843934,0.11075600,3.80600000,0
1531165224799,1531165224794,9843935,0.11075600,3.18100000,0
1531165230629,1531165230624,9843936,0.11075700,1.80000000,0
1531165232255,1531165232252,9843937,0.11066400,1.75600000,1
1531165232271,1531165232265,9843938,0.11066400,4.05900000,1
1531165246257,1531165246251,9843939,0.11075600,4.99600000,0
1531165246272,1531165246267,9843940,0.11075600,1.50600000,0
1531165260348,1531165260345,9843941,0.11070500,2.85200000,0
1531165260359,1531165260355,9843942,0.11075600,1.02600000,0
1531165268090,1531165268085,9843943,0.11075600,3.95500000,0
1531165286688,1531165286682,9843944,0.11075600,3.18900000,0
1531165286708,1531165286702,9843945,0.11075600,0.80600000,0
1531165295890,1531165295884,9843946,0.11071300,6.89800000,0
1531165295910,1531165295905,9843947,0.11075600,2.82200000,0
1531165295920,1531165295914,9843948,0.11075600,4.34400000,0
1531165297720,1531165297718,9843949,0.11075700,0.09100000,0
1531165318403,1531165318397,9843950,0.11070300,4.18000000,0
1531165318422,1531165318417,9843951,0.11075600,3.84600000,0
1531165318436,1531165318430,9843952,0.11075600,1.40300000,0
1531165325090,1531165325084,9843953,0.11075600,0.23200000,0
1531165328226,1531165328220,9843954,0.11075700,0.01300000,0
1531165333306,1531165333303,9843955,0.11075600,2.73100000,0
1531165334369,1531165334365,9843956,0.11075700,0.11600000,0
1531165350656,1531165350650,9843957,0.11075700,0.31300000,0
1531165366733,1531165366726,9843958,0.11075700,0.01100000,0
1531165366733,1531165366726,9843959,0.11081600,0.08900000,0
1531165383505,1531165383500,9843960,0.11081500,0.09500000,0
1531165393441,1531165393440,9843961,0.11081500,0.13600000,0
1531165410276,1531165410270,9843962,0.11081500,0.00500000,0
1531165410276,1531165410270,9843963,0.11081600,0.25400000,0
1531165426740,1531165426733,9843964,0.11081600,0.01500000,0
1531165426740,1531165426733,9843965,0.11085000,0.06300000,0
1531165467365,1531165467360,9843966,0.11080000,3.36600000,1
1531165480527,1531165480521,9843967,0.11080000,3.92300000,1
1531165480549,1531165480543,9843968,0.11080000,3.59600000,1
1531165486956,1531165486950,9843969,0.11080000,0.01000000,1
1531165487436,1531165487430,9843970,0.11083300,8.21900000,0
1531165487450,1531165487448,9843971,0.11080000,3.22700000,1
1531165488342,1531165488336,9843972,0.11080000,0.01000000,0
1531165498971,1531165498964,9843973,0.11081100,2.03600000,1
1531165498995,1531165498988,9843974,0.11081100,1.09200000,1
1531165510606,1531165510601,9843975,0.11083000,0.03100000,1
1531165518899,1531165518892,9843976,0.11083500,1.20400000,0
1531165518909,1531165518903,9843977,0.11083100,1.15700000,1
1531165563496,1531165563491,9843978,0.11083100,0.09000000,0
1531165585701,1531165585698,9843979,0.11083100,0.02500000,0
1531165601078,1531165601073,9843980,0.11083600,9.34800000,0
1531165601095,1531165601090,9843981,0.11083200,4.32800000,1
1531165668618,1531165668611,9843982,0.11083400,0.01800000,1
1531165715258,1531165715251,9843983,0.11084900,0.01700000,1
1531165716078,1531165716073,9843984,0.11084900,0.01700000,1
1531165717925,1531165717919,9843985,0.11084900,0.01100000,1
1531165717925,1531165717919,9843986,0.11083300,0.00600000,1
1531165718454,1531165718448,9843987,0.11083400,0.01700000,1
1531165719391,1531165719385,9843988,0.11083400,0.01700000,1
1531165738925,1531165738918,9843989,0.11083600,0.06500000,1
1531165740807,1531165740801,9843990,0.11083400,0.64100000,1
1531165746194,1531165746189,9843991,0.11085300,5.60600000,0
1531165746203,1531165746198,9843992,0.11083400,3.68100000,1
1531165746214,1531165746208,9843993,0.11083400,3.47200000,1
1531165756097,1531165756090,9843994,0.11083400,0.05300000,0
1531165759202,1531165759196,9843995,0.11083300,0.00900000,1
1531165759216,1531165759211,9843996,0.11083300,2.69400000,0
1531165759230,1531165759225,9843997,0.11083400,0.53700000,0
1531165772778,1531165772773,9843998,0.11085500,0.17600000,0
1531165772790,1531165772786,9843999,0.11083600,0.11700000,1
1531165783596,1531165783591,9844000,0.11087500,0.06500000,0
1531165790405,1531165790402,9844001,0.11084500,0.06200000,0
1531165790405,1531165790402,9844002,0.11087500,0.20800000,0
1531165800223,1531165800218,9844003,0.11083400,0.06600000,1
1531165809440,1531165809435,9844004,0.11085500,9.51900000,0
1531165809452,1531165809446,9844005,0.11083500,4.21100000,1
1531165825974,1531165825969,9844006,0.11085500,1.10300000,0
1531165825981,1531165825974,9844007,0.11083500,0.41900000,1
1531165865571,1531165865565,9844008,0.11084200,0.66200000,1
1531165875279,1531165875275,9844009,0.11083400,0.05000000,1
1531165883978,1531165883972,9844010,0.11083400,1.00000000,1
1531165884227,1531165884224,9844011,0.11083400,0.19900000,1
1531165909146,1531165909139,9844012,0.11083500,0.81200000,0
1531165922874,1531165922873,9844013,0.11083500,0.02400000,0
1531165933550,1531165933543,9844014,0.11083500,0.06200000,0
1531165935830,1531165935829,9844015,0.11083500,0.03600000,0
1531165973150,1531165973144,9844016,0.11083500,0.02300000,0
1531166106448,1531166106446,9844017,0.11083400,0.01100000,1
1531166114343,1531166114338,9844018,0.11083500,0.45100000,0
1531166116014,1531166116008,9844019,0.11083500,0.15600000,0
1531166120976,1531166120972,9844020,0.11083500,0.07500000,0
1531166130784,1531166130778,9844021,0.11083500,0.44100000,0
1531166133481,1531166133475,9844022,0.11083500,0.07800000,0
1531166135320,1531166135314,9844023,0.11083500,0.03900000,0
1531166135320,1531166135314,9844024,0.11087500,0.15500000,0
1531166136742,1531166136735,9844025,0.11087500,0.05000000,0
1531166136742,1531166136735,9844026,0.11089400,0.01600000,0
1531166136742,1531166136735,9844027,0.11090000,0.02700000,0
1531166136742,1531166136735,9844028,0.11092300,0.03800000,0
1531166136742,1531166136735,9844029,0.11097800,0.01300000,0
1531166136742,1531166136735,9844030,0.11101200,0.00800000,0
1531166140700,1531166140693,9844031,0.11103100,0.01000000,0
1531166197291,1531166197286,9844032,0.11102500,0.01300000,0
1531166201361,1531166201356,9844033,0.11093300,7.06600000,0
1531166201377,1531166201371,9844034,0.11084200,4.65000000,1
1531166232868,1531166232863,9844035,0.11093600,4.57700000,0
1531166232882,1531166232876,9844036,0.11084700,0.68700000,1
1531166232902,1531166232897,9844037,0.11084700,4.08600000,1
1531166267681,1531166267676,9844038,0.11084800,2.05600000,1
1531166299455,1531166299453,9844039,0.11085200,0.17900000,1
1531166299455,1531166299453,9844040,0.11085000,0.05800000,1
1531166299455,1531166299453,9844041,0.11084200,0.25000000,1
1531166299455,1531166299453,9844042,0.11083400,12.26400000,1
1531166304096,1531166304091,9844043,0.11102200,0.09000000,0
1531166340992,1531166340988,9844044,0.11083600,4.19800000,1
1531166341007,1531166341006,9844045,0.11083600,4.47200000,1
1531166344221,1531166344215,9844046,0.11083500,0.01300000,1
1531166352081,1531166352075,9844047,0.11091400,3.59800000,0
1531166352089,1531166352084,9844048,0.11083600,0.59200000,1
1531166352114,1531166352107,9844049,0.11083600,1.97700000,1
1531166358499,1531166358492,9844050,0.11083600,0.48600000,1
1531166362379,1531166362373,9844051,0.11083600,4.43800000,1
1531166372485,1531166372478,9844052,0.11083500,0.09300000,1
1531166372495,1531166372490,9844053,0.11083500,9.28900000,0
1531166372512,1531166372507,9844054,0.11083600,0.26200000,0
1531166373357,1531166373351,9844055,0.11083600,0.48600000,1
1531166386903,1531166386897,9844056,0.11083700,1.52300000,1
1531166389267,1531166389260,9844057,0.11091500,4.74500000,0
1531166389281,1531166389275,9844058,0.11083700,1.83200000,1
1531166389294,1531166389289,9844059,0.11083700,0.50500000,1
1531166389315,1531166389308,9844060,0.11083600,3.95200000,1
1531166399784,1531166399779,9844061,0.11083600,0.40700000,0
1531166399989,1531166399987,9844062,0.11083400,0.49500000,1
1531166405705,1531166405699,9844063,0.11083500,4.63600000,0
1531166405719,1531166405714,9844064,0.11083500,2.87500000,0
1531166439572,1531166439566,9844065,0.11083600,0.09200000,0
1531166450507,1531166450500,9844066,0.11082300,3.61600000,0
1531166450516,1531166450512,9844067,0.11081100,3.35000000,1
1531166473382,1531166473377,9844068,0.11082200,5.77400000,0
1531166473399,1531166473394,9844069,0.11083500,3.79800000,0
1531166480310,1531166480306,9844070,0.11082200,4.94600000,0
1531166480327,1531166480320,9844071,0.11083500,1.97700000,0
1531166480343,1531166480338,9844072,0.11083500,2.49900000,0
1531166487656,1531166487650,9844073,0.11083600,0.27500000,0
1531166493907,1531166493902,9844074,0.11082300,7.19500000,0
1531166493923,1531166493917,9844075,0.11081200,3.07600000,1
1531166509828,1531166509824,9844076,0.11081100,1.65500000,1
1531166518027,1531166518024,9844077,0.11082900,0.40500000,0
1531166518896,1531166518895,9844078,0.11083500,0.24500000,0
1531166519766,1531166519760,9844079,0.11083600,1.15200000,0
1531166520780,1531166520773,9844080,0.11081100,3.65300000,1
1531166520802,1531166520795,9844081,0.11081100,4.21400000,1
1531166529082,1531166529078,9844082,0.11083500,4.98800000,0
1531166529103,1531166529096,9844083,0.11083500,0.55600000,0
1531166534795,1531166534788,9844084,0.11082500,4.20000000,1
1531166550763,1531166550757,9844085,0.11082900,4.49700000,0
1531166550779,1531166550774,9844086,0.11083500,2.34200000,0
1531166550794,1531166550788,9844087,0.11083500,3.21700000,0
1531166562781,1531166562778,9844088,0.11082900,0.70000000,1
1531166566424,1531166566418,9844089,0.11083500,3.96700000,0
1531166574335,1531166574332,9844090,0.11083200,1.11300000,0
1531166574347,1531166574341,9844091,0.11083500,0.10700000,0
1531166574367,1531166574362,9844092,0.11083500,0.52600000,0
1531166591435,1531166591430,9844093,0.11083400,2.25000000,0
1531166591454,1531166591448,9844094,0.11083400,0.88500000,0
1531166603874,1531166603868,9844095,0.11083200,1.02600000,0
1531166603896,1531166603890,9844096,0.11083500,4.52700000,0
1531166603924,1531166603919,9844097,0.11083500,4.50300000,0
1531166620665,1531166620659,9844098,0.11083100,6.35000000,0
1531166620672,1531166620666,9844099,0.11083400,3.70900000,0
1531166630654,1531166630647,9844100,0.11083100,1.24900000,0
1531166630673,1531166630670,9844101,0.11083400,1.12900000,0
1531166630685,1531166630678,9844102,0.11083400,0.82000000,0
1531166640358,1531166640352,9844103,0.11083300,4.17100000,0
1531166640366,1531166640363,9844104,0.11083300,0.33100000,0
1531166653644,1531166653639,9844105,0.11083300,4.62500000,0
1531166653663,1531166653657,9844106,0.11083300,3.96700000,0
1531166655997,1531166655995,9844107,0.11083400,0.23600000,0
1531166673088,1531166673083,9844108,0.11083100,2.83100000,0
1531166673103,1531166673097,9844109,0.11083300,1.57200000,0
1531166683711,1531166683704,9844110,0.11083300,0.04800000,0
1531166685739,1531166685731,9844111,0.11082900,0.06500000,1
1531166686579,1531166686575,9844112,0.11082900,0.03700000,1
1531166688904,1531166688898,9844113,0.11083100,1.46900000,0
1531166688922,1531166688919,9844114,0.11083300,3.79400000,0
1531166688946,1531166688941,9844115,0.11083300,0.93200000,0
1531166694860,1531166694857,9844116,0.11083300,0.04600000,1
1531166694860,1531166694857,9844117,0.11082900,0.22200000,1
1531166706824,1531166706818,9844118,0.11083100,5.36800000,0
1531166706844,1531166706837,9844119,0.11083300,4.69200000,0
1531166707383,1531166707382,9844120,0.11083400,0.01200000,0
1531166710316,1531166710310,9844121,0.11082900,0.26800000,1
1531166714016,1531166714010,9844122,0.11083400,0.09800000,0
1531166720130,1531166720124,9844123,0.11083300,2.25400000,0
1531166743026,1531166743020,9844124,0.11083400,0.00400000,0
1531166743026,1531166743020,9844125,0.11083500,0.01800000,0
1531166743026,1531166743020,9844126,0.11083600,0.05500000,0
1531166749162,1531166749156,9844127,0.11083400,0.26000000,0
1531166749172,1531166749165,9844128,0.11083500,3.66900000,0
1531166749193,1531166749186,9844129,0.11083500,0.20800000,0
1531166757917,1531166757912,9844130,0.11083500,0.04800000,0
1531166761959,1531166761954,9844131,0.11083500,4.86500000,0
1531166762009,1531166761981,9844132,0.11083500,2.67300000,0
1531166769314,1531166769313,9844133,0.11083600,2.38000000,0
1531166770532,1531166770525,9844134,0.11083600,1.88000000,0
1531166775750,1531166775745,9844135,0.11083500,0.04800000,1
1531166775830,1531166775824,9844136,0.11083500,2.36000000,0
1531166776129,1531166776123,9844137,0.11083500,0.31300000,0
1531166776129,1531166776123,9844138,0.11083600,0.20800000,0
1531166783324,1531166783318,9844139,0.11083600,1.35500000,0
1531166785111,1531166785109,9844140,0.11083600,1.35500000,0
1531166789394,1531166789393,9844141,0.11083500,2.36000000,0
1531166793360,1531166793356,9844142,0.11083500,0.37700000,0
1531166795872,1531166795866,9844143,0.11083600,2.36000000,0
1531166799286,1531166799281,9844144,0.11083600,1.86000000,0
1531166799835,1531166799834,9844145,0.11083600,0.30000000,0
1531166801573,1531166801567,9844146,0.11083500,0.92200000,1
1531166801607,1531166801602,9844147,0.11083500,2.36000000,1
1531166802958,1531166802952,9844148,0.11083500,0.36300000,0
1531166807095,1531166807089,9844149,0.11082900,0.04800000,1
1531166807095,1531166807089,9844150,0.11081000,0.04700000,1
1531166814651,1531166814646,9844151,0.11082300,5.63700000,0
1531166814667,1531166814662,9844152,0.11081100,2.40700000,1
1531166814689,1531166814685,9844153,0.11083500,0.01400000,0
1531166829079,1531166829074,9844154,0.11083500,2.72300000,1
1531166833048,1531166833040,9844155,0.11083500,0.01400000,0
1531166833048,1531166833040,9844156,0.11083600,0.01600000,0
1531166840004,1531166839999,9844157,0.11082300,1.34900000,0
1531166840020,1531166840014,9844158,0.11081100,1.32200000,1
1531166854959,1531166854958,9844159,0.11083500,0.15900000,1
1531166854975,1531166854971,9844160,0.11083500,2.88700000,1
1531166854997,1531166854992,9844161,0.11083500,0.05600000,1
1531166896175,1531166896170,9844162,0.11083500,0.03500000,1
1531166910443,1531166910436,9844163,0.11083500,0.24300000,1
1531166910443,1531166910436,9844164,0.11081000,0.16300000,1
1531166927021,1531166927015,9844165,0.11083500,2.09200000,1
1531166927034,1531166927034,9844166,0.11083500,0.71100000,0
1531166927049,1531166927043,9844167,0.11083500,2.09200000,1
1531166942824,1531166942822,9844168,0.11083400,0.01100000,1
1531166943896,1531166943890,9844169,0.11083500,0.09000000,0
1531166954007,1531166954004,9844170,0.11083500,0.13800000,0
1531166961620,1531166961613,9844171,0.11083500,0.02300000,0
1531166963199,1531166963194,9844172,0.11083400,0.01100000,1
1531166969223,1531166969217,9844173,0.11083400,0.01100000,1
1531166973114,1531166973107,9844174,0.11083400,0.14700000,1
1531166973114,1531166973107,9844175,0.11081100,1.47600000,1
1531166984892,1531166984884,9844176,0.11083600,0.01600000,0
1531166984892,1531166984884,9844177,0.11084000,0.10000000,0
1531166988224,1531166988218,9844178,0.11082600,6.89100000,0
1531166988240,1531166988235,9844179,0.11081300,2.34200000,1
1531167000599,1531167000593,9844180,0.11081100,1.28400000,1
1531167005936,1531167005929,9844181,0.11081100,0.22200000,1
1531167012846,1531167012840,9844182,0.11081300,0.01800000,0
1531167026057,1531167026052,9844183,0.11081200,5.82400000,0
1531167026067,1531167026067,9844184,0.11081100,4.01100000,1
1531167026087,1531167026081,9844185,0.11081100,2.22100000,1
1531167029864,1531167029858,9844186,0.11081300,0.00100000,0
1531167029864,1531167029858,9844187,0.11084000,0.62600000,0
1531167030740,1531167030734,9844188,0.11084000,0.02400000,0
1531167036377,1531167036371,9844189,0.11081100,0.05500000,1
1531167039586,1531167039580,9844190,0.11089700,4.50300000,0
1531167039602,1531167039597,9844191,0.11081100,2.65800000,1
1531167039693,1531167039687,9844192,0.11081100,0.01100000,0
1531167040498,1531167040493,9844193,0.11081100,0.03400000,0
1531167043062,1531167043057,9844194,0.11081100,0.01000000,0
1531167046679,1531167046675,9844195,0.11081000,0.01600000,1
1531167052821,1531167052818,9844196,0.11081000,0.30000000,1
1531167065494,1531167065489,9844197,0.11081100,0.01000000,1
1531167066309,1531167066303,9844198,0.11081100,2.66900000,1
1531167066326,1531167066321,9844199,0.11081100,3.58200000,1
1531167075783,1531167075782,9844200,0.11081000,0.02200000,1
1531167080189,1531167080184,9844201,0.11081100,0.01000000,0
1531167094314,1531167094307,9844202,0.11086600,2.45200000,0
1531167094326,1531167094321,9844203,0.11081200,4.14200000,1
1531167094346,1531167094344,9844204,0.11081200,1.15700000,1
1531167094366,1531167094361,9844205,0.11081100,3.58200000,1
1531167096319,1531167096314,9844206,0.11081100,0.01000000,0
1531167105114,1531167105107,9844207,0.11081000,0.27100000,1
1531167114591,1531167114585,9844208,0.11081100,4.20600000,1
1531167114614,1531167114610,9844209,0.11081100,3.02400000,1
1531167115960,1531167115954,9844210,0.11081000,1.43400000,1
1531167118256,1531167118252,9844211,0.11081000,0.27100000,1
1531167121639,1531167121633,9844212,0.11081000,0.57400000,1
1531167141790,1531167141784,9844213,0.11068800,1.92900000,1
1531167141809,1531167141806,9844214,0.11068800,4.62100000,1
1531167157210,1531167157210,9844215,0.11068500,0.01000000,1
1531167159695,1531167159689,9844216,0.11086200,0.01900000,0
1531167200306,1531167200300,9844217,0.11086100,0.04900000,0
1531167246519,1531167246517,9844218,0.11070600,0.01600000,1
1531167251278,1531167251271,9844219,0.11085100,0.04500000,0
1531167316295,1531167316293,9844220,0.11083600,0.10100000,0
1531167316295,1531167316293,9844221,0.11085100,0.07000000,0
1531167316295,1531167316293,9844222,0.11086200,0.56200000,0
1531167316295,1531167316293,9844223,0.11087500,0.08900000,0
1531167316365,1531167316364,9844224,0.11090000,0.69000000,1
1531167316376,1531167316369,9844225,0.11090000,0.07400000,1
1531167316436,1531167316431,9844226,0.11090000,0.18600000,1
1531167316566,1531167316560,9844227,0.11090000,0.08500000,1
1531167316964,1531167316958,9844228,0.11090000,0.01700000,1
1531167317068,1531167317066,9844229,0.11090000,0.31300000,1
1531167317097,1531167317090,9844230,0.11090000,10.00000000,1
1531167318214,1531167318209,9844231,0.11090000,0.70400000,1
1531167322195,1531167322189,9844232,0.11090000,0.34700000,1
1531167322393,1531167322390,9844233,0.11090000,0.01700000,1
1531167322485,1531167322485,9844234,0.11090000,0.03000000,1
1531167323300,1531167323295,9844235,0.11090000,0.34700000,1
1531167327370,1531167327368,9844236,0.11090000,0.21200000,1
1531167331074,1531167331069,9844237,0.11090100,0.09000000,1
1531167334959,1531167334953,9844238,0.11093000,2.14400000,0
1531167334972,1531167334966,9844239,0.11090100,1.39900000,1
1531167339944,1531167339939,9844240,0.11090000,0.09000000,1
1531167345399,1531167345399,9844241,0.11090000,0.02400000,1
1531167347726,1531167347720,9844242,0.11090100,0.12800000,0
1531167355983,1531167355976,9844243,0.11090200,0.06700000,1
1531167357119,1531167357114,9844244,0.11090200,0.60500000,1
1531167357137,1531167357134,9844245,0.11090200,4.31000000,1
1531167357163,1531167357158,9844246,0.11090100,1.36100000,1
1531167359901,1531167359895,9844247,0.11090000,0.02800000,1
1531167363887,1531167363881,9844248,0.11090000,0.11900000,1
1531167364516,1531167364511,9844249,0.11090100,0.12800000,0
1531167371160,1531167371159,9844250,0.11090200,0.06700000,1
1531167375945,1531167375938,9844251,0.11090200,1.30800000,1
1531167375972,1531167375966,9844252,0.11090200,1.68900000,1
1531167375996,1531167375990,9844253,0.11090100,1.36100000,1
1531167381839,1531167381838,9844254,0.11090000,0.06700000,1
1531167386483,1531167386478,9844255,0.11090100,0.12800000,0
1531167391691,1531167391684,9844256,0.11090200,0.01400000,1
1531167395973,1531167395966,9844257,0.11093900,3.24600000,0
1531167395995,1531167395988,9844258,0.11090200,4.72400000,1
1531167396024,1531167396018,9844259,0.11090200,2.64700000,1
1531167396042,1531167396037,9844260,0.11090100,1.36100000,1
1531167403006,1531167403001,9844261,0.11090000,0.01400000,1
1531167413432,1531167413426,9844262,0.11090000,7.81200000,1
1531167413463,1531167413459,9844263,0.11090100,0.12800000,0
1531167418878,1531167418872,9844264,0.11090200,1.81800000,1
1531167418896,1531167418894,9844265,0.11090200,2.42300000,1
1531167425225,1531167425198,9844266,0.11090000,0.03800000,1
1531167431742,1531167431738,9844267,0.11093800,1.09900000,0
1531167431761,1531167431756,9844268,0.11090100,0.81200000,1
1531167431773,1531167431767,9844269,0.11090100,0.88800000,1
1531167444282,1531167444281,9844270,0.11090100,3.44300000,1
1531167450762,1531167450757,9844271,0.11090000,0.07400000,1
1531167459344,1531167459339,9844272,0.11093100,3.21400000,0
1531167459353,1531167459352,9844273,0.11090100,2.44300000,1
1531167459377,1531167459371,9844274,0.11090100,2.29400000,1
1531167459683,1531167459678,9844275,0.11090000,0.49900000,1
1531167465572,1531167465568,9844276,0.11090100,0.28500000,1
1531167465598,1531167465596,9844277,0.11090100,2.79800000,1
1531167472095,1531167472089,9844278,0.11090000,0.13900000,1
1531167485413,1531167485406,9844279,0.11090400,0.17900000,1
1531167485413,1531167485406,9844280,0.11090300,1.65000000,1
1531167485739,1531167485738,9844281,0.11090300,0.33800000,1
1531167487024,1531167487019,9844282,0.11096400,4.03300000,0
1531167487043,1531167487042,9844283,0.11090300,1.54700000,1
1531167498733,1531167498729,9844284,0.11090100,1.90700000,1
1531167498757,1531167498754,9844285,0.11090100,2.75800000,1
1531167498774,1531167498768,9844286,0.11090300,0.45000000,0
1531167510391,1531167510386,9844287,0.11090400,3.77400000,1
1531167510415,1531167510409,9844288,0.11090400,1.68300000,1
1531167510427,1531167510422,9844289,0.11090300,1.54700000,1
1531167526404,1531167526399,9844290,0.11090100,1.76800000,1
1531167526418,1531167526412,9844291,0.11090100,3.12000000,1
1531167526444,1531167526439,9844292,0.11090300,0.45000000,0
1531167538312,1531167538306,9844293,0.11090400,0.91600000,1
1531167538339,1531167538333,9844294,0.11090300,1.54700000,1
1531167547170,1531167547164,9844295,0.11090100,0.61000000,1
1531167552677,1531167552670,9844296,0.11090200,5.85000000,0
1531167552689,1531167552684,9844297,0.11090100,2.67600000,1
1531167557165,1531167557153,9844298,0.11090000,2.30000000,1
1531167557638,1531167557635,9844299,0.11090000,1.80000000,1
1531167560631,1531167560628,9844300,0.11090000,0.08200000,1
1531167560660,1531167560654,9844301,0.11090100,0.61000000,0
1531167567436,1531167567430,9844302,0.11090200,0.59200000,1
1531167567453,1531167567447,9844303,0.11090200,2.10800000,1
1531167577994,1531167577989,9844304,0.11096000,5.79600000,0
1531167578004,1531167577998,9844305,0.11090100,4.54100000,1
1531167578028,1531167578022,9844306,0.11090100,3.76200000,1
1531167590787,1531167590780,9844307,0.11090100,0.26200000,1
1531167592559,1531167592552,9844308,0.11090100,4.21100000,1
1531167609979,1531167609973,9844309,0.11090000,0.19000000,1
1531167615650,1531167615646,9844310,0.11090000,0.01300000,1
1531167643987,1531167643980,9844311,0.11090000,0.61400000,1
1531167671110,1531167671106,9844312,0.11090000,0.26000000,1
1531167678784,1531167678778,9844313,0.11090100,1.75000000,0
1531167684101,1531167684099,9844314,0.11090000,0.05900000,1
1531167731203,1531167731198,9844315,0.11090000,0.05400000,1
1531167733526,1531167733519,9844316,0.11090000,0.02200000,1
1531167755199,1531167755193,9844317,0.11090000,0.13200000,1
1531167756563,1531167756558,9844318,0.11090000,0.02200000,1
1531167757543,1531167757536,9844319,0.11090000,0.05300000,1
1531167807831,1531167807826,9844320,0.11090100,0.77000000,0
1531167837189,1531167837184,9844321,0.11090000,0.02900000,1
1531167890793,1531167890787,9844322,0.11090100,2.28200000,1
1531167890815,1531167890808,9844323,0.11090100,2.06800000,1
1531167901850,1531167901845,9844324,0.11090100,3.36200000,1
1531167901862,1531167901856,9844325,0.11090100,2.43900000,1
1531167912620,1531167912614,9844326,0.11090100,0.17300000,1
1531167912927,1531167912922,9844327,0.11090100,0.17300000,1
1531167913626,1531167913622,9844328,0.11090100,0.17300000,1
1531167913926,1531167913922,9844329,0.11090100,0.17300000,1
1531167914264,1531167914261,9844330,0.11094700,5.73100000,0
1531167914276,1531167914270,9844331,0.11090100,3.34300000,1
1531167914638,1531167914637,9844332,0.11090000,0.17300000,1
1531167927232,1531167927227,9844333,0.11090100,0.69200000,0
1531167941174,1531167941169,9844334,0.11095700,6.07400000,0
1531167941182,1531167941175,9844335,0.11090100,3.16500000,1
1531167946841,1531167946836,9844336,0.11096300,6.74000000,0
1531167946850,1531167946845,9844337,0.11090100,2.43900000,1
1531167946865,1531167946859,9844338,0.11090100,2.83000000,1
1531167960410,1531167960408,9844339,0.11095900,4.92000000,0
1531167960425,1531167960418,9844340,0.11090100,2.58800000,1
1531167970084,1531167970078,9844341,0.11100500,0.06700000,0
1531167984932,1531167984927,9844342,0.11094800,1.51900000,0
1531167984946,1531167984940,9844343,0.11090100,0.82400000,1
1531168004595,1531168004590,9844344,0.11090100,3.44700000,1
1531168031062,1531168031061,9844345,0.11090000,0.49600000,1
1531168041018,1531168041013,9844346,0.11090000,0.09400000,1
1531168098425,1531168098420,9844347,0.11090000,0.90900000,1
1531168159677,1531168159670,9844348,0.11090000,2.32000000,1
1531168160050,1531168160048,9844349,0.11090000,1.82000000,1
1531168167586,1531168167583,9844350,0.11090000,2.31000000,1
1531168173802,1531168173797,9844351,0.11090000,2.13400000,1
1531168175094,1531168175089,9844352,0.11090000,1.81000000,1
1531168175210,1531168175204,9844353,0.11090000,0.01200000,1
1531168180044,1531168180040,9844354,0.11090000,2.25000000,1
1531168181220,1531168181220,9844355,0.11090000,0.05400000,1
1531168182350,1531168182348,9844356,0.11090000,0.05400000,1
1531168183222,1531168183217,9844357,0.11090000,0.05400000,1
1531168184235,1531168184230,9844358,0.11090000,0.05400000,1
1531168184695,1531168184689,9844359,0.11090000,0.05400000,1
1531168186144,1531168186137,9844360,0.11090000,2.25000000,1
1531168190030,1531168190026,9844361,0.11090000,1.75000000,1
1531168192406,1531168192406,9844362,0.11090000,2.25000000,1
1531168201455,1531168201454,9844363,0.11090000,0.01100000,1
1531168207280,1531168207274,9844364,0.11090000,0.17000000,1
1531168227224,1531168227217,9844365,0.11090000,0.13100000,1
1531168239772,1531168239766,9844366,0.11090000,0.17000000,1
1531168263668,1531168263661,9844367,0.11090000,1.75000000,1
1531168276667,1531168276665,9844368,0.11090000,0.47200000,1
1531168291284,1531168291282,9844369,0.11090000,1.75000000,1
1531168293773,1531168293767,9844370,0.11090000,0.01700000,1
1531168305752,1531168305747,9844371,0.11090000,1.75000000,1
1531168316229,1531168316224,9844372,0.11090000,0.09900000,1
1531168319185,1531168319180,9844373,0.11090000,1.75000000,1
1531168321329,1531168321322,9844374,0.11090000,0.45100000,1
1531168323015,1531168323013,9844375,0.11090000,0.01700000,1
1531168325401,1531168325397,9844376,0.11090000,0.13500000,1
1531168344899,1531168344894,9844377,0.11090100,0.05000000,0
1531168380645,1531168380639,9844378,0.11090000,1.75000000,1
1531168382181,1531168382175,9844379,0.11090000,0.01700000,1
1531168401361,1531168401355,9844380,0.11090000,0.07200000,1
1531168415431,1531168415431,9844381,0.11090100,0.09000000,0
1531168416450,1531168416444,9844382,0.11090000,0.01900000,1
1531168439141,1531168439139,9844383,0.11090000,0.07700000,1
1531168484041,1531168484035,9844384,0.11090000,0.09900000,1
1531168485041,1531168485037,9844385,0.11090000,0.01700000,1
1531168698049,1531168698042,9844386,0.11089600,0.01200000,0
1531168704437,1531168704432,9844387,0.11068600,0.67800000,1
1531168708814,1531168708808,9844388,0.11079000,0.01800000,0
1531168710927,1531168710922,9844389,0.11081400,0.06500000,1
1531168710946,1531168710942,9844390,0.11081400,0.06900000,1
1531168710972,1531168710967,9844391,0.11081400,0.06900000,1
1531168720273,1531168720270,9844392,0.11081500,0.01300000,1
1531168721226,1531168721220,9844393,0.11081500,3.45500000,1
1531168721244,1531168721239,9844394,0.11081500,4.20300000,1
1531168722777,1531168722773,9844395,0.11081500,0.50000000,1
1531168722985,1531168722980,9844396,0.11081500,0.05000000,1
1531168723071,1531168723066,9844397,0.11081500,0.22900000,1
1531168727444,1531168727439,9844398,0.11085000,4.48900000,0
1531168727458,1531168727452,9844399,0.11081500,2.72500000,1
1531168727476,1531168727471,9844400,0.11081500,1.19000000,1
1531168741045,1531168741040,9844401,0.11081400,0.00500000,1
1531168741054,1531168741050,9844402,0.11081400,5.40400000,0
1531168741064,1531168741058,9844403,0.11081500,0.77900000,0
1531168742190,1531168742186,9844404,0.11081500,0.01800000,1
1531168744342,1531168744337,9844405,0.11081500,0.50000000,1
1531168744611,1531168744605,9844406,0.11081500,0.67200000,1
1531168752737,1531168752732,9844407,0.11081500,1.04200000,1
1531168752762,1531168752757,9844408,0.11081400,0.00500000,1
1531168826776,1531168826772,9844409,0.11069000,0.50000000,1
1531168830599,1531168830595,9844410,0.11074900,1.84400000,0
1531168830599,1531168830595,9844411,0.11075000,0.01600000,0
1531168847594,1531168847588,9844412,0.11069000,0.50000000,1
1531168847824,1531168847819,9844413,0.11069000,0.26600000,1
1531168858371,1531168850142,9844414,0.11069100,0.02800000,1
1531168858401,1531168853224,9844415,0.11069100,0.24700000,1
1531168858407,1531168854069,9844416,0.11069100,0.99900000,1
1531168877561,1531168877556,9844417,0.11079800,2.15800000,0
1531168877561,1531168877556,9844418,0.11081400,0.11300000,0
1531168882009,1531168882002,9844419,0.11079200,1.36600000,0
1531168883018,1531168883013,9844420,0.11079200,1.91100000,0
1531168883018,1531168883013,9844421,0.11079300,0.01800000,0
1531168885400,1531168885396,9844422,0.11089700,0.30000000,0
1531168885508,1531168885504,9844423,0.11089700,0.02000000,0
1531168885519,1531168885517,9844424,0.11089700,0.02000000,0
1531168885553,1531168885547,9844425,0.11089700,0.02000000,0
1531168885564,1531168885561,9844426,0.11089700,0.02000000,0
1531168885595,1531168885590,9844427,0.11089700,0.02000000,0
1531168885607,1531168885602,9844428,0.11089700,0.02000000,0
1531168885635,1531168885631,9844429,0.11089700,0.02000000,0
1531168885642,1531168885637,9844430,0.11089700,0.02000000,0
1531168885687,1531168885680,9844431,0.11089700,0.14000000,0
1531168885694,1531168885688,9844432,0.11089700,0.30000000,0
1531168886401,1531168886394,9844433,0.11089700,0.30000000,0
1531168886508,1531168886502,9844434,0.11089700,0.02000000,0
1531168886537,1531168886531,9844435,0.11089700,0.02000000,0
1531168886549,1531168886542,9844436,0.11089700,0.02000000,0
1531168886572,1531168886564,9844437,0.11089700,0.04000000,0
1531168886690,1531168886686,9844438,0.11089700,0.10000000,0
1531168886690,1531168886686,9844439,0.11089900,0.20000000,0
1531168887417,1531168887414,9844440,0.11089900,0.30000000,0
1531168941069,1531168941063,9844441,0.11069700,1.35300000,1
1531168959733,1531168959728,9844442,0.11069900,2.79000000,1
1531168959758,1531168959751,9844443,0.11069900,2.43100000,1
1531169085015,1531169085009,9844444,0.11071000,1.30600000,1
1531169100113,1531169100109,9844445,0.11070900,2.95500000,1
1531169100133,1531169100127,9844446,0.11070900,2.91100000,1
1531169109016,1531169109010,9844447,0.11074700,1.94300000,0
1531169109031,1531169109026,9844448,0.11071000,1.35000000,1
1531169139542,1531169139535,9844449,0.11071900,0.50000000,1
1531169140183,1531169140180,9844450,0.11071800,0.11700000,1
1531169140618,1531169140614,9844451,0.11071700,0.26400000,1
1531169142138,1531169142132,9844452,0.11076100,9.46900000,0
1531169142151,1531169142146,9844453,0.11071700,3.11900000,1
1531169143108,1531169143102,9844454,0.11071700,0.20000000,0
1531169146091,1531169146086,9844455,0.11071700,0.06400000,0
1531169153124,1531169153118,9844456,0.11070900,0.34600000,1
1531169153147,1531169153141,9844457,0.11070900,3.76200000,1
1531169161160,1531169161154,9844458,0.11075600,6.86400000,0
1531169161176,1531169161171,9844459,0.11070900,4.83300000,1
1531169165164,1531169165158,9844460,0.11080500,0.03200000,0
1531169171287,1531169171281,9844461,0.11080400,1.18900000,0
1531169177100,1531169177095,9844462,0.11080500,0.02200000,1
1531169179010,1531169179005,9844463,0.11082800,0.27600000,0
1531169179024,1531169179019,9844464,0.11080500,0.10700000,1
1531169180745,1531169180742,9844465,0.11080400,0.26400000,1
1531169182119,1531169182115,9844466,0.11080400,0.01000000,1
1531169189661,1531169189659,9844467,0.11080400,0.53700000,1
1531169189678,1531169189674,9844468,0.11080400,6.20800000,0
1531169189690,1531169189686,9844469,0.11080500,0.02200000,0
1531169200794,1531169200789,9844470,0.11080600,2.50800000,1
1531169200810,1531169200807,9844471,0.11080500,0.10700000,1
1531169212328,1531169212322,9844472,0.11080500,0.02200000,0
1531169212328,1531169212322,9844473,0.11087400,0.02500000,0
1531169213274,1531169213268,9844474,0.11070900,1.74500000,1
1531169213291,1531169213286,9844475,0.11070900,0.10100000,1
1531169214797,1531169214791,9844476,0.11075700,0.01800000,0
1531169215761,1531169215758,9844477,0.11075700,0.03200000,1
1531169232959,1531169232955,9844478,0.11075800,0.20200000,1
1531169232980,1531169232975,9844479,0.11075800,4.82000000,1
1531169238018,1531169238016,9844480,0.11075800,1.76000000,1
1531169241578,1531169241573,9844481,0.11075800,0.23800000,1
1531169241873,1531169241868,9844482,0.11075800,0.23800000,1
1531169242166,1531169242161,9844483,0.11075800,0.23800000,1
1531169243003,1531169242997,9844484,0.11075800,0.23800000,1
1531169243318,1531169243313,9844485,0.11075800,0.23800000,1
1531169243837,1531169243833,9844486,0.11075800,3.78400000,1
1531169253128,1531169253124,9844487,0.11075700,0.17900000,1
1531169253144,1531169253139,9844488,0.11075800,0.26500000,0
1531169264711,1531169264705,9844489,0.11075900,2.15800000,1
1531169264711,1531169264705,9844490,0.11075800,2.10900000,1
1531169268379,1531169268374,9844491,0.11075800,1.67500000,1
1531169268408,1531169268402,9844492,0.11075700,0.17800000,1
1531169285103,1531169285098,9844493,0.11075700,1.02800000,1
1531169285147,1531169285143,9844494,0.11075700,0.56500000,1
1531169305513,1531169305508,9844495,0.11073200,5.41300000,0
1531169305521,1531169305515,9844496,0.11075600,0.23800000,0
1531169305539,1531169305533,9844497,0.11075600,4.59400000,0
1531169308921,1531169308918,9844498,0.11075700,0.47300000,0
1531169318926,1531169318921,9844499,0.11079000,0.03800000,0
1531169318943,1531169318938,9844500,0.11082400,4.25900000,0
1531169318961,1531169318956,9844501,0.11082400,0.02500000,0
1531169334725,1531169334719,9844502,0.11079200,1.99700000,0
1531169334744,1531169334739,9844503,0.11082700,1.85800000,0
1531169334769,1531169334763,9844504,0.11082700,0.68500000,0
1531169340708,1531169340706,9844505,0.11082700,0.01000000,0
1531169356936,1531169356933,9844506,0.11075700,0.01000000,1
1531169372299,1531169372294,9844507,0.11081700,4.13400000,0
1531169372319,1531169372313,9844508,0.11081700,2.32600000,0
1531169379460,1531169379455,9844509,0.11081700,1.25400000,0
1531169393037,1531169393034,9844510,0.11081700,1.62500000,0
1531169393057,1531169393052,9844511,0.11081700,0.85900000,0
1531169393306,1531169393300,9844512,0.11075700,0.96000000,1
1531169399101,1531169399098,9844513,0.11075700,0.55700000,1
1531169399163,1531169399156,9844514,0.11068500,0.27100000,1
1531169450467,1531169450462,9844515,0.11080700,0.06800000,0
1531169466569,1531169466564,9844516,0.11074500,4.13400000,0
1531169466584,1531169466578,9844517,0.11074500,2.56000000,0
1531169468048,1531169468044,9844518,0.11068500,1.12600000,1
1531169478427,1531169478421,9844519,0.11074600,0.01800000,0
1531169485492,1531169485485,9844520,0.11068500,0.75000000,1
1531169489354,1531169489348,9844521,0.11071500,0.01800000,0
1531169489401,1531169489396,9844522,0.11074600,0.06800000,1
1531169490010,1531169490004,9844523,0.11074600,0.18100000,1
1531169492145,1531169492138,9844524,0.11074600,0.20000000,1
1531169494357,1531169494351,9844525,0.11084900,0.20100000,0
1531169501355,1531169501349,9844526,0.11074600,0.37400000,1
1531169501767,1531169501760,9844527,0.11074600,0.35600000,1
1531169510257,1531169510251,9844528,0.11074600,0.10100000,1
1531169510656,1531169510652,9844529,0.11084500,0.09600000,0
1531169511840,1531169511837,9844530,0.11074600,0.80200000,1
1531169511840,1531169511837,9844531,0.11068600,0.07700000,1
1531169511919,1531169511912,9844532,0.11068600,0.16700000,1
1531169521924,1531169521919,9844533,0.11074500,0.90400000,0
1531169523581,1531169523576,9844534,0.11068500,0.01000000,1
1531169538091,1531169538086,9844535,0.11070800,4.26100000,0
1531169595390,1531169595384,9844536,0.11068800,0.34900000,1
1531169595390,1531169595384,9844537,0.11068500,6.60500000,1
1531169598010,1531169598004,9844538,0.11068500,0.01000000,1
1531169598010,1531169598004,9844539,0.11068400,0.54000000,1
1531169598083,1531169598079,9844540,0.11068400,0.35100000,1
1531169606895,1531169606889,9844541,0.11068400,13.20100000,1
1531169608507,1531169608501,9844542,0.11068400,2.53000000,1
1531169610320,1531169610315,9844543,0.11068900,0.40100000,0
1531169612965,1531169612959,9844544,0.11068600,3.97400000,0
1531169612973,1531169612970,9844545,0.11068900,4.32000000,0
1531169612998,1531169612991,9844546,0.11068900,1.73800000,0
1531169627588,1531169627583,9844547,0.11068900,4.98500000,0
1531169636147,1531169636142,9844548,0.11068500,0.31800000,0
1531169637373,1531169637367,9844549,0.11068400,2.94400000,1
1531169637395,1531169637390,9844550,0.11068500,1.99600000,0
1531169645850,1531169645845,9844551,0.11068500,4.08600000,0
1531169645871,1531169645867,9844552,0.11068500,4.82300000,0
1531169712631,1531169712625,9844553,0.11068500,1.19100000,1
1531169722103,1531169722098,9844554,0.11068500,0.54200000,1
1531169722129,1531169722123,9844555,0.11068500,2.20500000,1
1531169775059,1531169775054,9844556,0.11068700,3.00000000,0
1531169777322,1531169777314,9844557,0.11068500,0.15700000,1
1531169778368,1531169778363,9844558,0.11068500,4.84500000,1
1531169778380,1531169778375,9844559,0.11068500,6.63600000,0
1531169778399,1531169778394,9844560,0.11068500,4.84500000,1
1531169787574,1531169787568,9844561,0.11068400,0.01000000,1
1531169787574,1531169787568,9844562,0.11065700,0.02400000,1
1531169789932,1531169789928,9844563,0.11068400,0.59100000,0
1531169823100,1531169823095,9844564,0.11066000,0.61500000,0
1531169823107,1531169823102,9844565,0.11064800,0.36000000,1
1531169838917,1531169838913,9844566,0.11064800,1.20300000,1
1531169848997,1531169848992,9844567,0.11065300,1.10900000,0
1531169849009,1531169849003,9844568,0.11065900,0.45200000,0
1531169871057,1531169871051,9844569,0.11066700,0.08600000,0
1531169871057,1531169871051,9844570,0.11067100,0.71400000,0
1531169875122,1531169875117,9844571,0.11064800,3.50000000,1
1531169875150,1531169875144,9844572,0.11064800,4.93400000,1
1531169891505,1531169891499,9844573,0.11065300,5.25500000,0
1531169891525,1531169891519,9844574,0.11064800,2.72100000,1
1531169891548,1531169891542,9844575,0.11064800,4.04300000,1
1531169897628,1531169897622,9844576,0.11065300,7.27100000,0
1531169897640,1531169897634,9844577,0.11064800,0.56000000,1
1531169897658,1531169897653,9844578,0.11064800,2.59600000,1
1531169933441,1531169933435,9844579,0.11064800,1.65700000,1
1531169934682,1531169934677,9844580,0.11064800,3.13800000,1
1531169948039,1531169948033,9844581,0.11064800,1.25600000,0
1531169958676,1531169958664,9844582,0.11064900,4.80700000,1
1531169958685,1531169958679,9844583,0.11064800,3.18400000,1
1531169959330,1531169959323,9844584,0.11064800,0.02700000,0
1531169972677,1531169972672,9844585,0.11064800,1.18300000,0
1531169986617,1531169986613,9844586,0.11067200,3.52000000,0
1531169986629,1531169986625,9844587,0.11069600,1.37500000,0
1531169986642,1531169986638,9844588,0.11064800,3.21100000,1
1531169997737,1531169997731,9844589,0.11064800,1.18300000,0
1531170012449,1531170012444,9844590,0.11069600,1.20300000,0
1531170012457,1531170012451,9844591,0.11064800,3.21100000,1
1531170014800,1531170014794,9844592,0.11064700,0.01700000,1
1531170017575,1531170017570,9844593,0.11064800,0.34600000,0
1531170023114,1531170023107,9844594,0.11064700,0.31600000,1
1531170024235,1531170024232,9844595,0.11064800,0.00400000,0
1531170024266,1531170024259,9844596,0.11060100,0.32500000,1
1531170024266,1531170024259,9844597,0.11060000,0.23200000,1
1531170024266,1531170024259,9844598,0.11054900,0.01500000,1
1531170024266,1531170024259,9844599,0.11048400,0.49800000,1
1531170046002,1531170045999,9844600,0.11058200,0.06500000,0
1531170046871,1531170046868,9844601,0.11058200,0.44300000,0
1531170049182,1531170049176,9844602,0.11056900,0.13700000,0
1531170050260,1531170050256,9844603,0.11056900,0.26000000,0
1531170050867,1531170050860,9844604,0.11056900,0.86300000,0
1531170051862,1531170051855,9844605,0.11057000,0.01800000,0
1531170052936,1531170052931,9844606,0.11058200,4.49200000,0
1531170078803,1531170078797,9844607,0.11050300,0.74000000,1
1531170082241,1531170082235,9844608,0.11061200,2.85600000,0
1531170087200,1531170087195,9844609,0.11055900,7.93300000,0
1531170087218,1531170087212,9844610,0.11061200,0.17200000,0
1531170087515,1531170087511,9844611,0.11061200,0.02000000,1
1531170087537,1531170087532,9844612,0.11061200,0.02000000,1
1531170087559,1531170087552,9844613,0.11061200,0.02000000,1
1531170087590,1531170087584,9844614,0.11061200,0.02000000,1
1531170087602,1531170087594,9844615,0.11061200,0.02000000,1
1531170087635,1531170087631,9844616,0.11061200,0.02000000,1
1531170087642,1531170087636,9844617,0.11061200,0.02000000,1
1531170087678,1531170087673,9844618,0.11061200,0.02000000,1
1531170087719,1531170087716,9844619,0.11061200,0.33900000,1
1531170088231,1531170088226,9844620,0.11061300,0.02000000,0
1531170168153,1531170168148,9844621,0.11058900,1.61400000,1
1531170177518,1531170177512,9844622,0.11061200,0.04800000,1
1531170193020,1531170193016,9844623,0.11063600,10.18800000,0
1531170193035,1531170193029,9844624,0.11066000,4.76100000,0
1531170200934,1531170200928,9844625,0.11061300,1.84400000,1
1531170200950,1531170200944,9844626,0.11061300,1.46500000,1
1531170219925,1531170219919,9844627,0.11063400,4.67600000,0
1531170219939,1531170219934,9844628,0.11061300,1.58000000,1
1531170225680,1531170225675,9844629,0.11061300,4.36800000,1
1531170240224,1531170240217,9844630,0.11061300,0.04800000,1
1531170241274,1531170241269,9844631,0.11063100,1.23500000,0
1531170241290,1531170241284,9844632,0.11061300,4.78300000,1
1531170241311,1531170241307,9844633,0.11061300,0.79700000,1
1531170242867,1531170242862,9844634,0.11061200,0.01800000,1
1531170251789,1531170251784,9844635,0.11057300,6.43600000,0
1531170251799,1531170251795,9844636,0.11053400,2.35000000,1
1531170251818,1531170251812,9844637,0.11061300,0.04700000,0
1531170275129,1531170275125,9844638,0.11059100,3.71900000,0
1531170275145,1531170275141,9844639,0.11053300,1.26400000,1
1531170278199,1531170278195,9844640,0.11059200,0.01000000,0
1531170294719,1531170294713,9844641,0.11053300,3.98300000,1
1531170294742,1531170294737,9844642,0.11053300,1.31600000,1
1531170303640,1531170303635,9844643,0.11059100,0.15000000,0
1531170303711,1531170303705,9844644,0.11059100,1.66000000,0
1531170304166,1531170304161,9844645,0.11059100,0.01200000,0
1531170304927,1531170304924,9844646,0.11059100,0.11300000,0
1531170306465,1531170306458,9844647,0.11054600,6.45900000,0
1531170306481,1531170306475,9844648,0.11059100,2.70100000,0
1531170306503,1531170306497,9844649,0.11059100,0.37100000,0
1531170315634,1531170315628,9844650,0.11062000,0.01800000,0
1531170315634,1531170315628,9844651,0.11065000,0.18400000,0
1531170333631,1531170333625,9844652,0.11061400,0.97600000,1
1531170333647,1531170333642,9844653,0.11061400,4.26700000,1
1531170353206,1531170353199,9844654,0.11061400,0.07400000,1
1531170359607,1531170359602,9844655,0.11061400,4.09700000,1
1531170359632,1531170359627,9844656,0.11061400,3.28200000,1
1531170372164,1531170372160,9844657,0.11062300,4.81100000,0
1531170372177,1531170372170,9844658,0.11061400,3.53600000,1
1531170381400,1531170381394,9844659,0.11061400,0.21200000,1
1531170381416,1531170381411,9844660,0.11061400,0.82500000,1
1531170381444,1531170381438,9844661,0.11061400,0.00200000,1
1531170394599,1531170394594,9844662,0.11065000,1.86100000,0
1531170399439,1531170399434,9844663,0.11062200,2.28400000,0
1531170399449,1531170399445,9844664,0.11061400,1.01000000,1
1531170412983,1531170412978,9844665,0.11062200,2.19300000,0
1531170412997,1531170412991,9844666,0.11061400,1.61200000,1
1531170434803,1531170434798,9844667,0.11065000,0.18600000,0
1531170440325,1531170440318,9844668,0.11062300,10.61000000,0
1531170440341,1531170440336,9844669,0.11061400,4.86500000,1
1531170447244,1531170447240,9844670,0.11062300,9.79800000,0
1531170447260,1531170447256,9844671,0.11061400,4.04900000,1
1531170453261,1531170453257,9844672,0.11061400,1.17700000,1
1531170467195,1531170467190,9844673,0.11063200,5.57400000,0
1531170467207,1531170467202,9844674,0.11061400,4.88900000,1
1531170474323,1531170474319,9844675,0.11063100,0.01900000,0
1531170480437,1531170480433,9844676,0.11065000,1.92800000,0
1531170499938,1531170499931,9844677,0.11065000,0.28300000,0
1531170500086,1531170500080,9844678,0.11061400,0.28400000,1
1531170505366,1531170505360,9844679,0.11063100,0.01600000,0
1531170512494,1531170512489,9844680,0.11064100,2.27800000,0
1531170512506,1531170512501,9844681,0.11063200,0.13900000,1
1531170512521,1531170512515,9844682,0.11063200,1.07400000,1
1531170516959,1531170516953,9844683,0.11063100,0.10000000,1
1531170524930,1531170524924,9844684,0.11065000,2.80600000,0
1531170525009,1531170525006,9844685,0.11065000,2.89200000,0
1531170527751,1531170527744,9844686,0.11064100,2.36800000,0
1531170527764,1531170527758,9844687,0.11063200,1.57800000,1
1531170537105,1531170537100,9844688,0.11063200,3.00400000,1
1531170538293,1531170538288,9844689,0.11063100,0.14000000,1
1531170551975,1531170551971,9844690,0.11063200,2.50000000,1
1531170565046,1531170565041,9844691,0.11063200,3.53200000,1
1531170566892,1531170566886,9844692,0.11064000,0.01600000,0
1531170569910,1531170569905,9844693,0.11065000,0.01600000,0
1531170572444,1531170572442,9844694,0.11063200,0.03000000,1
1531170572733,1531170572728,9844695,0.11063200,0.03000000,1
1531170573022,1531170573017,9844696,0.11063200,0.03000000,1
1531170573845,1531170573841,9844697,0.11063200,0.03000000,1
1531170574248,1531170574242,9844698,0.11063200,0.77300000,1
1531170574259,1531170574254,9844699,0.11063200,2.00000000,1
1531170575335,1531170575332,9844700,0.11063100,0.03000000,1
1531170575354,1531170575349,9844701,0.11063200,0.12000000,0
1531170588145,1531170588142,9844702,0.11063700,2.25600000,0
1531170588157,1531170588152,9844703,0.11063400,1.42700000,1
1531170591230,1531170591225,9844704,0.11063300,0.02700000,1
1531170602198,1531170602191,9844705,0.11063400,0.01000000,1
1531170606502,1531170606497,9844706,0.11063800,6.41200000,0
1531170606512,1531170606507,9844707,0.11063400,4.20900000,1
1531170610746,1531170610742,9844708,0.11063400,0.01000000,0
1531170616652,1531170616646,9844709,0.11063800,6.02400000,0
1531170616667,1531170616662,9844710,0.11063400,0.16100000,1
1531170616694,1531170616687,9844711,0.11063400,2.16500000,1
1531170633162,1531170633156,9844712,0.11063400,3.68100000,1
1531170633174,1531170633167,9844713,0.11063400,2.07600000,1
1531170646802,1531170646796,9844714,0.11063800,3.04400000,0
1531170646819,1531170646813,9844715,0.11063400,2.25000000,1
1531170646829,1531170646824,9844716,0.11063400,1.50600000,1
1531170661871,1531170661866,9844717,0.11063800,4.47500000,0
1531170661885,1531170661881,9844718,0.11063400,0.73100000,1
1531170661908,1531170661902,9844719,0.11063400,1.55400000,1
1531170669957,1531170669953,9844720,0.11063400,1.59600000,1
1531170669981,1531170669976,9844721,0.11063400,4.21600000,1
1531170692108,1531170692103,9844722,0.11063400,4.24800000,0
1531170694878,1531170694874,9844723,0.11063300,0.01300000,1
1531170698832,1531170698825,9844724,0.11063300,0.01900000,1
1531170699808,1531170699802,9844725,0.11063300,0.07600000,1
1531170699808,1531170699802,9844726,0.11063200,0.01500000,1
1531170725276,1531170725269,9844727,0.11063300,0.09000000,0
1531170725824,1531170725818,9844728,0.11063300,4.81000000,1
1531170725824,1531170725818,9844729,0.11063200,56.40800000,1
1531170726470,1531170726464,9844730,0.11063200,0.02400000,1
1531170727556,1531170727552,9844731,0.11063300,0.02700000,1
1531170732326,1531170732321,9844732,0.11063300,4.64100000,1
1531170736237,1531170736231,9844733,0.11063200,4.70000000,1
1531170736760,1531170736754,9844734,0.11063200,0.01000000,1
1531170736787,1531170736781,9844735,0.11063200,0.07600000,1
1531170739362,1531170739357,9844736,0.11061200,1.39000000,0
1531170739374,1531170739369,9844737,0.11063300,0.02700000,0
1531170740246,1531170740242,9844738,0.11063300,0.20000000,1
1531170750252,1531170750245,9844739,0.11064200,4.90000000,0
1531170753951,1531170753946,9844740,0.11064100,0.45600000,0
1531170753964,1531170753959,9844741,0.11063400,4.98800000,1
1531170753992,1531170753987,9844742,0.11063400,0.22900000,1
