event_time,trade_time,trade_id,price,quantity,maker
1531160389314,1531160389310,2190715,0.00006350,171.58000000,0
1531160415000,1531160414997,2190716,0.00006350,41.87000000,0
1531160421184,1531160421180,2190717,0.00006350,207.61000000,0
1531160423650,1531160423646,2190718,0.00006350,127.49000000,0
1531160432684,1531160432680,2190719,0.00006350,251.21000000,0
1531160452829,1531160452827,2190720,0.00006350,303.96000000,0
1531160493263,1531160493259,2190721,0.00006340,1108.56000000,1
1531160493263,1531160493259,2190722,0.00006330,1369.16000000,1
1531160851303,1531160851298,2190723,0.00006340,157.72000000,1
1531160875287,1531160875281,2190724,0.00006340,22.70000000,0
1531160875287,1531160875281,2190725,0.00006350,50.84000000,0
1531161118717,1531161118713,2190726,0.00006330,62.77000000,1
1531161336142,1531161336139,2190727,0.00006350,17.45000000,0
1531161390800,1531161390796,2190728,0.00006330,49.95000000,1
1531161566397,1531161566393,2190729,0.00006330,1212.20000000,1
1531162110282,1531162110277,2190730,0.00006340,117.03000000,1
1531162405927,1531162405922,2190731,0.00006360,100.00000000,0
1531162541488,1531162541483,2190732,0.00006360,30.56000000,0
1531162541488,1531162541483,2190733,0.00006380,44.44000000,0
1531162583150,1531162583145,2190734,0.00006370,130.36000000,0
1531162643052,1531162643046,2190735,0.00006380,147.97000000,0
1531162714963,1531162714959,2190736,0.00006380,7.80000000,0
1531162743056,1531162743051,2190737,0.00006380,484.90000000,0
1531162813661,1531162813656,2190738,0.00006360,93.26000000,1
1531162819907,1531162819902,2190739,0.00006380,879.13000000,0
1531162824657,1531162824653,2190740,0.00006380,1386.38000000,0
1531162830647,1531162830641,2190741,0.00006380,94.81000000,0
1531162834841,1531162834836,2190742,0.00006380,696.06000000,1
1531162855153,1531162855148,2190743,0.00006370,130.36000000,0
1531162885847,1531162885842,2190744,0.00006370,87.27000000,1
1531163075669,1531163075664,2190745,0.00006370,157.72000000,1
1531163205858,1531163205854,2190746,0.00006370,64.82000000,1
1531163352264,1531163352257,2190747,0.00006380,16.67000000,0
1531163398856,1531163398850,2190748,0.00006380,55.92000000,0
1531163453842,1531163453836,2190749,0.00006370,119.21000000,1
1531163592338,1531163592335,2190750,0.00006390,28.67000000,0
1531163592351,1531163592346,2190751,0.00006390,28.60000000,0
1531163592351,1531163592347,2190752,0.00006390,26.63000000,0
1531163593882,1531163593876,2190753,0.00006370,143.88000000,1
1531163756837,1531163756830,2190754,0.00006390,9.15000000,0
1531163756837,1531163756830,2190755,0.00006400,161.91000000,0
1531163780438,1531163780433,2190756,0.00006400,206.99000000,0
1531163800296,1531163800289,2190757,0.00006400,250.45000000,0
1531163812609,1531163812606,2190758,0.00006400,228.42000000,0
1531163821314,1531163821309,2190759,0.00006400,303.05000000,0
1531163848159,1531163848155,2190760,0.00006400,305.62000000,0
1531163861129,1531163861125,2190761,0.00006400,249.75000000,1
1531163866924,1531163866918,2190762,0.00006420,366.68000000,0
1531163920399,1531163920393,2190763,0.00006420,32.86000000,0
1531163929575,1531163929570,2190764,0.00006420,2719.38000000,0
1531163951674,1531163951667,2190765,0.00006420,33.07000000,0
1531164016837,1531164016831,2190766,0.00006400,0.01000000,1
1531164126524,1531164126518,2190767,0.00006420,262.32000000,0
1531164137513,1531164137509,2190768,0.00006430,601.15000000,1
1531164137534,1531164137531,2190769,0.00006430,111.04000000,1
1531164208699,1531164208694,2190770,0.00006440,295.52000000,0
1531164228419,1531164228412,2190771,0.00006420,15.67000000,1
1531164263766,1531164263761,2190772,0.00006430,84.98000000,0
1531164263766,1531164263761,2190773,0.00006440,592.75000000,0
1531164268399,1531164268394,2190774,0.00006410,129.54000000,1
1531164268399,1531164268394,2190775,0.00006390,345.91000000,1
1531164274801,1531164274794,2190776,0.00006390,23.54000000,1
1531164282111,1531164282104,2190777,0.00006420,0.05000000,0
1531164282317,1531164282311,2190778,0.00006410,0.01000000,1
1531164285247,1531164285245,2190779,0.00006400,0.01000000,1
1531164310388,1531164310383,2190780,0.00006420,129.34000000,0
1531164330163,1531164330158,2190781,0.00006420,0.01000000,1
1531164333024,1531164333018,2190782,0.00006410,0.01000000,1
1531164401308,1531164401302,2190783,0.00006420,72.94000000,0
1531164408877,1531164408874,2190784,0.00006420,24.43000000,0
1531164430574,1531164430571,2190785,0.00006420,2.63000000,0
1531164434695,1531164434688,2190786,0.00006410,2.63000000,1
1531164470577,1531164470574,2190787,0.00006420,0.01000000,1
1531164471111,1531164471107,2190788,0.00006420,0.01000000,1
1531164473222,1531164473216,2190789,0.00006410,0.02000000,1
1531164528267,1531164528261,2190790,0.00006420,0.01000000,1
1531164528846,1531164528843,2190791,0.00006420,0.01000000,1
1531164529105,1531164529099,2190792,0.00006420,0.02000000,1
1531164529443,1531164529439,2190793,0.00006420,0.01000000,1
1531164531017,1531164531013,2190794,0.00006410,0.05000000,1
1531164665083,1531164665079,2190795,0.00006420,0.01000000,1
1531164667962,1531164667958,2190796,0.00006410,0.01000000,1
1531164700804,1531164700799,2190797,0.00006410,18.54000000,1
1531164742284,1531164742278,2190798,0.00006430,145.80000000,0
1531165104652,1531165104645,2190799,0.00006430,155.52000000,0
1531165449066,1531165449062,2190800,0.00006410,33.22000000,1
1531165449626,1531165449623,2190801,0.00006410,0.01000000,1
1531165511484,1531165511478,2190802,0.00006410,121.73000000,1
1531165513593,1531165513587,2190803,0.00006410,39.68000000,1
1531165513601,1531165513594,2190804,0.00006410,42.54000000,1
1531165513616,1531165513611,2190805,0.00006410,74.98000000,1
1531165545966,1531165545960,2190806,0.00006410,0.48000000,1
1531165611195,1531165611192,2190807,0.00006410,18.80000000,1
1531165733002,1531165732996,2190808,0.00006430,84.13000000,0
1531165733002,1531165732996,2190809,0.00006440,195.87000000,0
1531166402321,1531166402314,2190810,0.00006430,50.77000000,0
1531166402321,1531166402314,2190811,0.00006440,278.56000000,0
1531166498348,1531166498341,2190812,0.00006410,160.86000000,1
1531166763074,1531166763067,2190813,0.00006440,155.27000000,0
1531166821590,1531166821585,2190814,0.00006440,2608.10000000,0
1531166821618,1531166821612,2190815,0.00006440,189.16000000,0
1531166821699,1531166821693,2190816,0.00006430,77.76000000,1
1531166821715,1531166821708,2190817,0.00006420,77.76000000,1
1531166821716,1531166821712,2190818,0.00006420,77.76000000,1
1531166821735,1531166821731,2190819,0.00006420,46.51000000,1
1531166826785,1531166826777,2190820,0.00006420,1319.45000000,1
1531166851471,1531166851466,2190821,0.00006410,75.70000000,1
1531167084215,1531167084207,2190822,0.00006410,21.85000000,1
1531167452035,1531167452029,2190823,0.00006410,298.35000000,1
1531167711609,1531167711605,2190824,0.00006410,958.72000000,1
1531167914228,1531167914224,2190825,0.00006410,3.75000000,1
1531168052258,1531168052256,2190826,0.00006390,22.13000000,0
1531168052258,1531168052256,2190827,0.00006410,134.36000000,0
1531168065078,1531168065064,2190828,0.00006400,124.65000000,1
1531168084861,1531168084856,2190829,0.00006430,124.07000000,0
1531168084885,1531168084882,2190830,0.00006430,223.85000000,1
1531168292654,1531168292648,2190831,0.00006400,124.65000000,1
1531168359428,1531168359416,2190832,0.00006390,124.85000000,1
1531168359428,1531168359416,2190833,0.00006370,75.23000000,1
1531168359428,1531168359416,2190834,0.00006360,130.26000000,1
1531168359428,1531168359416,2190835,0.00006350,1084.87000000,1
1531168359428,1531168359416,2190836,0.00006340,18.89000000,1
1531168359428,1531168359416,2190837,0.00006330,4277.32000000,1
1531168359428,1531168359416,2190838,0.00006320,977.54000000,1
1531168359428,1531168359416,2190839,0.00006310,521.89000000,1
1531168359428,1531168359416,2190840,0.00006300,4422.89000000,1
1531168359428,1531168359416,2190841,0.00006290,2187.05000000,1
1531168359441,1531168359434,2190842,0.00006300,72.38000000,0
1531168359453,1531168359447,2190843,0.00006320,122.58000000,0
1531168359453,1531168359448,2190844,0.00006320,51.85000000,0
1531168359453,1531168359448,2190845,0.00006330,70.71000000,0
1531168359485,1531168359481,2190846,0.00006330,118.48000000,0
1531168359485,1531168359481,2190847,0.00006300,72.38000000,1
1531168359494,1531168359491,2190848,0.00006330,122.57000000,0
1531168359499,1531168359494,2190849,0.00006300,77.76000000,1
1531168359502,1531168359496,2190850,0.00006330,1590.91000000,0
1531168359546,1531168359540,2190851,0.00006330,662.97000000,0
1531168362003,1531168361998,2190852,0.00006340,32.73000000,0
1531168362152,1531168362145,2190853,0.00006340,217.27000000,1
1531168362848,1531168362844,2190854,0.00006330,194.55000000,1
1531168363567,1531168363562,2190855,0.00006330,122.56000000,1
1531168364599,1531168364593,2190856,0.00006330,684.92000000,1
1531168366666,1531168366660,2190857,0.00006300,59.52000000,1
1531168367171,1531168367166,2190858,0.00006300,59.61000000,1
1531168373102,1531168373096,2190859,0.00006310,194.74000000,0
1531168380236,1531168380230,2190860,0.00006310,194.43000000,0
1531168381099,1531168381093,2190861,0.00006310,725.83000000,0
1531168383581,1531168383575,2190862,0.00006330,47.54000000,0
1531168386866,1531168386864,2190863,0.00006310,195.41000000,1
1531168394239,1531168394234,2190864,0.00006310,195.47000000,1
1531168399085,1531168399080,2190865,0.00006320,50.38000000,0
1531168401922,1531168401919,2190866,0.00006310,123.05000000,1
1531168414004,1531168413998,2190867,0.00006330,15.84000000,0
1531168421204,1531168421197,2190868,0.00006330,13.61000000,0
1531168441858,1531168441853,2190869,0.00006320,62.90000000,0
1531168450321,1531168450315,2190870,0.00006330,360.00000000,0
1531168451096,1531168451089,2190871,0.00006330,476.35000000,0
1531168522861,1531168522856,2190872,0.00006330,32.88000000,1
1531168527893,1531168527887,2190873,0.00006330,72.39000000,1
1531168527893,1531168527887,2190874,0.00006320,126.23000000,1
1531168527893,1531168527887,2190875,0.00006310,70.65000000,1
1531169010886,1531169010880,2190876,0.00006310,669.12000000,1
1531169012696,1531169012689,2190877,0.00006290,59.71000000,1
1531169012858,1531169012850,2190878,0.00006290,618.71000000,1
1531169013337,1531169013333,2190879,0.00006290,82.86000000,0
1531169013430,1531169013422,2190880,0.00006280,59.71000000,1
1531169013955,1531169013949,2190881,0.00006280,93.88000000,1
1531169016952,1531169016947,2190882,0.00006310,131.84000000,0
1531169116335,1531169116329,2190883,0.00006300,49.89000000,0
1531169166033,1531169166027,2190884,0.00006310,19.00000000,0
1531169179216,1531169179211,2190885,0.00006300,59.71000000,0
1531169180209,1531169180202,2190886,0.00006300,166.20000000,0
1531169186218,1531169186212,2190887,0.00006300,214.41000000,0
1531169189208,1531169189202,2190888,0.00006300,79.41000000,0
1531169278213,1531169278207,2190889,0.00006300,47.88000000,0
1531169278527,1531169278522,2190890,0.00006290,360.00000000,1
1531169296353,1531169296347,2190891,0.00006290,1177.03000000,1
1531169318418,1531169318412,2190892,0.00006310,15.89000000,0
1531169345141,1531169345135,2190893,0.00006310,281.26000000,0
1531169430142,1531169430136,2190894,0.00006310,19.00000000,0
1531169468214,1531169468208,2190895,0.00006310,19.00000000,0
1531169706151,1531169706146,2190896,0.00006310,20.75000000,0
1531169706173,1531169706166,2190897,0.00006310,111.12000000,0
1531169718409,1531169718403,2190898,0.00006310,283.70000000,0
1531169904185,1531169904179,2190899,0.00006300,456.27000000,1
1531170027837,1531170027833,2190900,0.00006310,19.00000000,0
1531170041921,1531170041915,2190901,0.00006310,103.39000000,0
1531170041927,1531170041923,2190902,0.00006310,69.15000000,0
1531170042027,1531170042022,2190903,0.00006310,219.85000000,0
1531170042142,1531170042137,2190904,0.00006310,31.69000000,0
1531170042146,1531170042141,2190905,0.00006310,13.19000000,0
1531170042179,1531170042173,2190906,0.00006320,174.76000000,0
1531170043308,1531170043303,2190907,0.00006320,110.16000000,0
1531170312577,1531170312572,2190908,0.00006320,16.46000000,1
1531170488339,1531170488335,2190909,0.00006330,62.90000000,0
1531170645527,1531170645521,2190910,0.00006320,110.58000000,1
1531170722996,1531170722991,2190911,0.00006340,61.87000000,0
1531171228999,1531171228994,2190912,0.00006320,121.91000000,1
1531171229805,1531171229801,2190913,0.00006340,36.49000000,0
1531171499436,1531171499431,2190914,0.00006340,311.84000000,0
1531171499680,1531171499674,2190915,0.00006340,565.98000000,1
1531171499697,1531171499692,2190916,0.00006330,189.81000000,1
1531171499697,1531171499692,2190917,0.00006320,226.49000000,1
1531171772016,1531171772012,2190918,0.00006320,0.08000000,1
1531172082876,1531172082871,2190919,0.00006330,146.92000000,1
1531172743890,1531172743886,2190920,0.00006330,71.76000000,1
1531173048681,1531173048678,2190921,0.00006340,355.91000000,1
1531173048681,1531173048678,2190922,0.00006330,1222.65000000,1
1531173098968,1531173098964,2190923,0.00006330,67.34000000,1
1531173098968,1531173098964,2190924,0.00006300,434.42000000,1
1531173098968,1531173098964,2190925,0.00006290,470.59000000,1
1531173098968,1531173098964,2190926,0.00006280,967.88000000,1
1531173106045,1531173106042,2190927,0.00006330,131.79000000,0
1531173141184,1531173141180,2190928,0.00006330,152.66000000,0
1531173257790,1531173257787,2190929,0.00006310,69.48000000,1
1531173338609,1531173338605,2190930,0.00006310,99.61000000,1
1531173339821,1531173339818,2190931,0.00006310,126.82000000,0
1531173347280,1531173347277,2190932,0.00006320,100.00000000,1
1531173492854,1531173492850,2190933,0.00006340,240.69000000,0
1531173571717,1531173571713,2190934,0.00006340,33.39000000,0
1531173614768,1531173614766,2190935,0.00006340,23.25000000,0
1531173822636,1531173822634,2190936,0.00006340,249.75000000,1
1531174050709,1531174050708,2190937,0.00006340,39.57000000,1
1531174050755,1531174050752,2190938,0.00006340,275.22000000,0
1531174051803,1531174051802,2190939,0.00006340,520.02000000,0
1531174062425,1531174062423,2190940,0.00006330,5397.12000000,1
1531174294204,1531174294201,2190941,0.00006330,252.46000000,1
1531174294204,1531174294201,2190942,0.00006300,36.86000000,1
1531174304883,1531174304881,2190943,0.00006340,125.83000000,0
1531174638959,1531174638957,2190944,0.00006360,400.00000000,0
1531174735714,1531174735711,2190945,0.00006360,200.57000000,0
1531174809027,1531174809023,2190946,0.00006360,15.84000000,1
1531175375675,1531175375673,2190947,0.00006360,1301.39000000,1
1531175499564,1531175499561,2190948,0.00006350,1619.70000000,1
1531175679822,1531175679820,2190949,0.00006360,117.39000000,0
1531175681640,1531175681639,2190950,0.00006350,815.53000000,1
1531175716563,1531175716561,2190951,0.00006350,185.50000000,1
1531176021653,1531176021652,2190952,0.00006350,38.51000000,1
1531176128510,1531176128508,2190953,0.00006350,549.70000000,1
1531176147320,1531176147317,2190954,0.00006380,70.55000000,0
1531176153459,1531176153458,2190955,0.00006380,4.45000000,0
1531176162270,1531176162267,2190956,0.00006380,7.15000000,0
1531176406447,1531176406444,2190957,0.00006360,68.11000000,1
1531176406447,1531176406444,2190958,0.00006350,4790.70000000,1
1531176435907,1531176435905,2190959,0.00006350,15.79000000,1
1531176483631,1531176483630,2190960,0.00006330,123.87000000,1
1531176630982,1531176630978,2190961,0.00006330,25.73000000,1
1531176630982,1531176630978,2190962,0.00006320,34.81000000,1
1531176630982,1531176630978,2190963,0.00006310,131.30000000,1
1531176630982,1531176630978,2190964,0.00006300,3622.16000000,1
1531176735490,1531176735489,2190965,0.00006310,2.58000000,0
1531176737498,1531176737496,2190966,0.00006280,1114.00000000,1
1531176918563,1531176918562,2190967,0.00006310,19.00000000,0
1531176919687,1531176919684,2190968,0.00006310,158.47000000,0
1531177055193,1531177055190,2190969,0.00006310,378.97000000,0
1531177237101,1531177237099,2190970,0.00006310,2187.05000000,1
1531177426716,1531177426716,2190971,0.00006310,68.59000000,1
1531177430088,1531177430087,2190972,0.00006310,0.01000000,1
1531177430088,1531177430087,2190973,0.00006300,16.94000000,1
1531177736075,1531177736075,2190974,0.00006330,126.03000000,0
1531177736075,1531177736075,2190975,0.00006350,31.94000000,0
1531177856427,1531177856428,2190976,0.00006320,5.18000000,0
1531177859444,1531177859446,2190977,0.00006320,0.01000000,0
1531177906181,1531177906182,2190978,0.00006320,126.23000000,0
1531178145978,1531178145981,2190979,0.00006300,850.47000000,1
1531178381772,1531178381776,2190980,0.00006320,15.87000000,0
1531178568720,1531178568708,2190981,0.00006300,497.19000000,1
1531178695482,1531178695486,2190982,0.00006300,4002.00000000,1
1531178696228,1531178696233,2190983,0.00006300,633.40000000,1
1531178705739,1531178705739,2190984,0.00006280,365.84000000,1
1531178705739,1531178705739,2190985,0.00006270,1143.64000000,1
1531178705739,1531178705739,2190986,0.00006260,490.52000000,1
1531178705739,1531178705739,2190987,0.00006290,2508.47000000,1
1531178723820,1531178723822,2190988,0.00006290,51.10000000,1
1531178726100,1531178726105,2190989,0.00006300,19.00000000,0
1531178763870,1531178763875,2190990,0.00006290,16.06000000,1
1531178847231,1531178847236,2190991,0.00006290,424.37000000,1
1531178948090,1531178948094,2190992,0.00006280,3000.00000000,1
1531178950097,1531178950101,2190993,0.00006270,34.33000000,1
1531178951459,1531178951461,2190994,0.00006280,31.59000000,0
1531179016064,1531179016070,2190995,0.00006280,24.88000000,1
1531179061604,1531179061609,2190996,0.00006300,19.00000000,0
1531179064178,1531179064184,2190997,0.00006280,1131.13000000,1
1531179155641,1531179155643,2190998,0.00006280,1481.92000000,1
1531179155641,1531179155643,2190999,0.00006270,127.24000000,1
1531179155641,1531179155643,2191000,0.00006260,1534.66000000,1
1531179155641,1531179155643,2191001,0.00006250,692.83000000,1
1531179155641,1531179155643,2191002,0.00006240,1177.02000000,1
1531179155641,1531179155643,2191003,0.00006240,110.00000000,1
1531179155641,1531179155643,2191004,0.00006240,1200.47000000,1
1531179157905,1531179157910,2191005,0.00006300,5.74000000,0
1531179159210,1531179159215,2191006,0.00006260,32.79000000,1
1531179159210,1531179159215,2191007,0.00006240,421.41000000,1
1531179164628,1531179164634,2191008,0.00006240,80.44000000,1
1531179165446,1531179165452,2191009,0.00006240,28.15000000,1
1531179186592,1531179186598,2191010,0.00006290,126.83000000,0
1531179186592,1531179186598,2191011,0.00006300,24.58000000,0
1531179250185,1531179250191,2191012,0.00006290,126.83000000,0
1531179305250,1531179305255,2191013,0.00006300,62.95000000,0
1531179305250,1531179305255,2191014,0.00006350,12.63000000,0
1531179321890,1531179321896,2191015,0.00006260,187.53000000,1
1531179321890,1531179321896,2191016,0.00006250,159.73000000,1
1531179321890,1531179321896,2191017,0.00006240,664.92000000,1
1531179326129,1531179326134,2191018,0.00006290,98.00000000,0
1531179364942,1531179364948,2191019,0.00006250,75.58000000,1
1531179371852,1531179371858,2191020,0.00006250,52.06000000,1
1531179371852,1531179371858,2191021,0.00006240,2683.85000000,1
1531179427626,1531179427630,2191022,0.00006250,279.64000000,1
1531179427626,1531179427630,2191023,0.00006230,26.31000000,1
1531179429881,1531179429887,2191024,0.00006230,0.51000000,1
1531179439503,1531179439509,2191025,0.00006230,119.83000000,1
1531179450108,1531179450114,2191026,0.00006230,332.64000000,1
1531179450130,1531179450136,2191027,0.00006230,65.97000000,1
1531179499246,1531179499251,2191028,0.00006270,16.05000000,0
1531179625800,1531179625804,2191029,0.00006230,82.15000000,1
1531179627788,1531179627794,2191030,0.00006240,19.00000000,0
1531179654943,1531179654946,2191031,0.00006230,1850.90000000,1
1531179730841,1531179730847,2191032,0.00006230,1656.87000000,0
1531179752987,1531179752992,2191033,0.00006240,45.15000000,0
1531179826204,1531179826209,2191034,0.00006240,189.67000000,1
1531179827855,1531179827862,2191035,0.00006240,16.02000000,0
1531179905345,1531179905350,2191036,0.00006230,968.54000000,1
1531179929663,1531179929667,2191037,0.00006240,19.00000000,0
1531179948735,1531179948740,2191038,0.00006230,1000.00000000,1
1531179976813,1531179976820,2191039,0.00006230,387.43000000,1
1531179989735,1531179989740,2191040,0.00006230,612.57000000,0
1531180003886,1531180003892,2191041,0.00006230,20.00000000,1
1531180060839,1531180060846,2191042,0.00006240,900.16000000,1
1531180130825,1531180130832,2191043,0.00006250,16.02000000,0
1531180139315,1531180139322,2191044,0.00006240,279.64000000,1
1531180141096,1531180141102,2191045,0.00006250,44.80000000,0
1531180141096,1531180141102,2191046,0.00006260,31.10000000,0
1531180142165,1531180142172,2191047,0.00006260,128.20000000,0
1531180157636,1531180157640,2191048,0.00006240,1365.14000000,1
1531180157636,1531180157640,2191049,0.00006230,384.41000000,1
1531180224236,1531180224243,2191050,0.00006250,19.00000000,0
1531180260945,1531180260951,2191051,0.00006260,0.84000000,0
1531180263967,1531180263974,2191052,0.00006260,0.01000000,0
1531180336223,1531180336228,2191053,0.00006230,156.78000000,1
1531180374678,1531180374685,2191054,0.00006230,708.22000000,1
1531180441130,1531180441137,2191055,0.00006250,16.05000000,0
1531180770647,1531180770652,2191056,0.00006240,176.53000000,0
1531180797236,1531180797243,2191057,0.00006230,1518.65000000,1
1531180819150,1531180819151,2191058,0.00006230,778.30000000,1
1531180819150,1531180819151,2191059,0.00006220,1513.28000000,1
1531180819150,1531180819151,2191060,0.00006210,766.20000000,1
1531180819150,1531180819151,2191061,0.00006200,7445.68000000,1
1531180819150,1531180819151,2191062,0.00006220,246.28000000,1
1531180819150,1531180819151,2191063,0.00006220,369.42000000,1
1531180819151,1531180819151,2191064,0.00006220,420.94000000,1
1531180819151,1531180819151,2191065,0.00006220,130.11000000,1
1531180819152,1531180819151,2191066,0.00006220,420.00000000,1
1531180864171,1531180864175,2191067,0.00006220,0.07000000,1
1531180906430,1531180906433,2191068,0.00006220,16.27000000,1
1531180946204,1531180946209,2191069,0.00006220,271.73000000,1
1531181009412,1531181009416,2191070,0.00006220,650.00000000,1
1531181024516,1531181024521,2191071,0.00006220,642.23000000,1
1531181024516,1531181024521,2191072,0.00006210,872.32000000,1
1531181024516,1531181024521,2191073,0.00006200,683.96000000,1
1531181030564,1531181030570,2191074,0.00006200,60.09000000,1
1531181034721,1531181034727,2191075,0.00006210,20.63000000,1
1531181035673,1531181035677,2191076,0.00006230,128.05000000,0
1531181035673,1531181035677,2191077,0.00006240,13.28000000,0
1531181035673,1531181035677,2191078,0.00006250,692.16000000,0
1531181035673,1531181035677,2191079,0.00006300,31.77000000,0
1531181035673,1531181035677,2191080,0.00006320,15.83000000,0
1531181035673,1531181035677,2191081,0.00006340,1610.40000000,0
1531181037390,1531181037395,2191082,0.00006220,23.06000000,1
1531181039635,1531181039641,2191083,0.00006230,23.06000000,1
1531181040707,1531181040712,2191084,0.00006250,681.21000000,1
1531181050378,1531181050383,2191085,0.00006270,175.00000000,0
1531181096150,1531181096155,2191086,0.00006210,2027.29000000,1
1531181096150,1531181096155,2191087,0.00006200,4568.26000000,1
1531181099618,1531181099623,2191088,0.00006220,131.76000000,0
1531181102645,1531181102650,2191089,0.00006210,280.76000000,1
1531181102645,1531181102650,2191090,0.00006200,93.69000000,1
1531181168360,1531181168366,2191091,0.00006230,76.43000000,0
1531181182834,1531181182839,2191092,0.00006230,72.74000000,0
1531181276316,1531181276320,2191093,0.00006220,280.76000000,0
1531181295787,1531181295791,2191094,0.00006220,3284.45000000,1
1531181302583,1531181302586,2191095,0.00006220,1500.00000000,0
1531181310054,1531181310058,2191096,0.00006220,3.59000000,0
1531181326171,1531181326175,2191097,0.00006330,157.97000000,0
1531181388028,1531181388033,2191098,0.00006260,16.05000000,1
1531181405014,1531181405018,2191099,0.00006270,39.87000000,1
1531181448818,1531181448823,2191100,0.00006210,87.13000000,1
1531181448841,1531181448844,2191101,0.00006220,39.11000000,0
1531181462568,1531181462572,2191102,0.00006220,240.97000000,1
1531181469579,1531181469582,2191103,0.00006220,1.88000000,0
1531181472592,1531181472597,2191104,0.00006220,0.01000000,0
1531181483229,1531181483233,2191105,0.00006210,316.21000000,1
1531181483616,1531181483619,2191106,0.00006210,21.80000000,0
1531181515285,1531181515289,2191107,0.00006240,160.25000000,0
1531181643046,1531181643049,2191108,0.00006210,280.08000000,0
1531181658253,1531181658256,2191109,0.00006210,224.97000000,1
1531181698734,1531181698738,2191110,0.00006200,3950.04000000,1
1531181756404,1531181756407,2191111,0.00006200,100.00000000,1
1531181757490,1531181757494,2191112,0.00006210,42.81000000,0
1531181757491,1531181757495,2191113,0.00006220,134.14000000,0
1531181757515,1531181757519,2191114,0.00006220,120.57000000,0
1531181757542,1531181757545,2191115,0.00006220,133.75000000,0
1531181757564,1531181757567,2191116,0.00006220,21.74000000,0
1531181792717,1531181792720,2191117,0.00006210,111.10000000,0
1531181792750,1531181792753,2191118,0.00006210,155.65000000,0
1531181792770,1531181792772,2191119,0.00006210,156.00000000,0
1531181792783,1531181792787,2191120,0.00006210,156.00000000,0
1531182044334,1531182044337,2191121,0.00006200,24.03000000,1
1531182054453,1531182054453,2191122,0.00006200,1644.12000000,1
1531182054453,1531182054453,2191123,0.00006190,200.00000000,1
1531182054453,1531182054453,2191124,0.00006180,448.20000000,1
1531182054453,1531182054453,2191125,0.00006170,449.49000000,1
1531182054453,1531182054453,2191126,0.00006160,1839.29000000,1
1531182054453,1531182054453,2191127,0.00006150,1063.36000000,1
1531182054453,1531182054453,2191128,0.00006170,1500.00000000,0
1531182054454,1531182054453,2191129,0.00006200,184.71000000,1
1531182054455,1531182054453,2191130,0.00006200,65.29000000,1
1531182054455,1531182054453,2191131,0.00006190,119.43000000,1
1531182054478,1531182054482,2191132,0.00006230,977.79000000,0
1531182062450,1531182062453,2191133,0.00006200,68.12000000,0
1531182075756,1531182075760,2191134,0.00006200,82.60000000,1
1531182118023,1531182118023,2191135,0.00006200,16.30000000,1
1531182151991,1531182151993,2191136,0.00006210,92.14000000,0
1531182151991,1531182151993,2191137,0.00006220,68.89000000,0
1531182166975,1531182166976,2191138,0.00006220,220.88000000,0
1531182208958,1531182208959,2191139,0.00006220,596.29000000,0
1531182315744,1531182315748,2191140,0.00006220,886.37000000,0
1531182380366,1531182380369,2191141,0.00006220,52.88000000,1
1531182447579,1531182447582,2191142,0.00006220,8.30000000,1
1531182887662,1531182887664,2191143,0.00006230,1878.53000000,0
1531182921272,1531182921274,2191144,0.00006240,2244.64000000,0
1531183095956,1531183095957,2191145,0.00006240,1148.32000000,0
1531183095956,1531183095957,2191146,0.00006250,5835.30000000,0
1531183095975,1531183095976,2191147,0.00006250,28.88000000,1
1531183095983,1531183095985,2191148,0.00006250,28.89000000,1
1531183095996,1531183095996,2191149,0.00006250,59.41000000,1
1531183205358,1531183205359,2191150,0.00006250,102.97000000,1
1531183215129,1531183215129,2191151,0.00006250,27.32000000,1
1531183252198,1531183252197,2191152,0.00006280,127.03000000,0
1531183252198,1531183252197,2191153,0.00006300,15.88000000,0
1531183252198,1531183252197,2191154,0.00006310,16.32000000,0
1531183468176,1531183468176,2191155,0.00006260,40.00000000,1
1531183494882,1531183494880,2191156,0.00006290,50.00000000,0
1531183497698,1531183497697,2191157,0.00006260,87.44000000,1
1531183565566,1531183565563,2191158,0.00006250,223.39000000,1
1531183565566,1531183565563,2191159,0.00006240,176.61000000,1
1531183673284,1531183673282,2191160,0.00006240,400.99000000,1
1531183849544,1531183849541,2191161,0.00006230,240.77000000,1
1531183849544,1531183849541,2191162,0.00006220,59.23000000,1
1531183918752,1531183918750,2191163,0.00006220,891.94000000,1
1531183922522,1531183922521,2191164,0.00006200,300.00000000,1
1531183940278,1531183940277,2191165,0.00006200,121.91000000,1
1531183956039,1531183956038,2191166,0.00006200,69.03000000,0
1531183985403,1531183985402,2191167,0.00006240,0.14000000,0
1531184383281,1531184383278,2191168,0.00006240,141.00000000,0
1531184418614,1531184418611,2191169,0.00006240,62.60000000,0
1531184552404,1531184552401,2191170,0.00006240,0.54000000,0
1531184635173,1531184635171,2191171,0.00006220,99.24000000,1
1531185327665,1531185327661,2191172,0.00006210,132.61000000,0
1531185327680,1531185327675,2191173,0.00006210,59.43000000,0
1531185327690,1531185327685,2191174,0.00006210,132.61000000,0
1531185362005,1531185361999,2191175,0.00006170,722.04000000,1
1531185362398,1531185362393,2191176,0.00006170,1620.74000000,0
1531185364433,1531185364426,2191177,0.00006170,290.70000000,0
1531185373856,1531185373851,2191178,0.00006170,2218.85000000,0
1531185377081,1531185377076,2191179,0.00006180,722.04000000,0
1531185441063,1531185441058,2191180,0.00006160,251.25000000,1
1531185490251,1531185490246,2191181,0.00006170,16.40000000,1
1531185605001,1531185604997,2191182,0.00006180,330.54000000,1
1531185605001,1531185604997,2191183,0.00006170,1334.96000000,1
1531186180456,1531186180450,2191184,0.00006170,31.26000000,1
1531186581118,1531186581112,2191185,0.00006190,19.00000000,0
1531186600942,1531186600936,2191186,0.00006170,132.61000000,1
1531186620442,1531186620436,2191187,0.00006170,819.67000000,1
1531186874208,1531186874203,2191188,0.00006170,832.83000000,0
1531187077530,1531187077525,2191189,0.00006160,3000.00000000,1
1531187079266,1531187079261,2191190,0.00006150,95.75000000,1
1531187101297,1531187101293,2191191,0.00006150,462.70000000,1
1531187160271,1531187160266,2191192,0.00006160,0.74000000,0
1531187189360,1531187189356,2191193,0.00006160,100.22000000,0
1531187292874,1531187292869,2191194,0.00006150,5827.14000000,1
1531187311246,1531187311239,2191195,0.00006150,1022.12000000,1
1531187311271,1531187311266,2191196,0.00006150,125.07000000,0
1531187311308,1531187311303,2191197,0.00006150,124.96000000,0
1531187343985,1531187343981,2191198,0.00006140,34.23000000,1
1531187357167,1531187357149,2191199,0.00006150,61.52000000,0
1531187797794,1531187797788,2191200,0.00006140,1048.59000000,1
1531187801734,1531187801730,2191201,0.00006150,0.02000000,0
1531187806760,1531187806754,2191202,0.00006140,111.12000000,1
1531187848838,1531187848834,2191203,0.00006140,8.18000000,1
1531187849399,1531187849395,2191204,0.00006140,7.64000000,1
1531187927056,1531187927052,2191205,0.00006150,29.22000000,0
1531187941345,1531187941341,2191206,0.00006140,39.53000000,1
1531187977797,1531187977792,2191207,0.00006150,32.31000000,0
1531187995053,1531187995049,2191208,0.00006150,147.00000000,0
1531188025472,1531188025469,2191209,0.00006140,803.93000000,1
1531188073828,1531188073824,2191210,0.00006140,1720.71000000,1
1531188124812,1531188124809,2191211,0.00006150,1.65000000,0
1531188127826,1531188127823,2191212,0.00006150,0.01000000,0
1531188223021,1531188223017,2191213,0.00006140,1508.38000000,1
1531188238805,1531188238800,2191214,0.00006130,148.80000000,1
1531188273273,1531188273269,2191215,0.00006130,101.20000000,1
1531188276565,1531188276560,2191216,0.00006120,2.30000000,1
1531188276566,1531188276560,2191217,0.00006120,263.19000000,1
1531188276566,1531188276560,2191218,0.00006110,465.03000000,1
1531188276642,1531188276639,2191219,0.00006110,2.46000000,1
1531188281603,1531188281598,2191220,0.00006130,36.82000000,0
1531188307438,1531188307435,2191221,0.00006120,150.15000000,1
1531188309580,1531188309576,2191222,0.00006120,280.11000000,1
1531188310319,1531188310313,2191223,0.00006120,420.16000000,1
1531188310498,1531188310493,2191224,0.00006120,950.58000000,1
1531188336172,1531188336167,2191225,0.00006110,155.52000000,1
1531188340919,1531188340914,2191226,0.00006120,251.56000000,0
1531188344503,1531188344499,2191227,0.00006130,72.56000000,0
1531188362934,1531188362930,2191228,0.00006120,36.07000000,1
1531188368650,1531188368646,2191229,0.00006130,117.37000000,0
1531188434518,1531188434515,2191230,0.00006120,1487.51000000,1
1531188483089,1531188483083,2191231,0.00006130,107.03000000,0
1531188485397,1531188485392,2191232,0.00006130,16.89000000,1
1531188485415,1531188485410,2191233,0.00006130,39.21000000,1
1531188485415,1531188485410,2191234,0.00006120,38.12000000,1
1531188566910,1531188566906,2191235,0.00006120,49.55000000,1
1531188613907,1531188613903,2191236,0.00006120,31.35000000,1
1531188628265,1531188628263,2191237,0.00006150,72.19000000,0
1531188663235,1531188663231,2191238,0.00006120,409.11000000,1
1531188663568,1531188663564,2191239,0.00006120,409.10000000,1
1531188742632,1531188742627,2191240,0.00006150,16.33000000,0
1531188872190,1531188872185,2191241,0.00006150,284.88000000,0
1531188995248,1531188995246,2191242,0.00006120,65.32000000,1
1531189058907,1531189058903,2191243,0.00006150,16.33000000,0
1531189552852,1531189552850,2191244,0.00006120,141.51000000,1
1531189694165,1531189694163,2191245,0.00006120,203.84000000,1
1531189814673,1531189814670,2191246,0.00006120,38.42000000,1
1531189882348,1531189882346,2191247,0.00006150,269.23000000,0
1531189882349,1531189882346,2191248,0.00006170,89.77000000,0
1531189883565,1531189883562,2191249,0.00006120,227.98000000,1
1531189883589,1531189883588,2191250,0.00006120,16.90000000,1
1531190253927,1531190253924,2191251,0.00006160,129.51000000,0
1531190253927,1531190253924,2191252,0.00006170,288.96000000,0
1531190253927,1531190253924,2191253,0.00006180,81.53000000,0
1531190597478,1531190597475,2191254,0.00006160,34.15000000,0
1531190706012,1531190706008,2191255,0.00006160,95.36000000,0
1531190706012,1531190706008,2191256,0.00006170,404.64000000,0
1531190738259,1531190738255,2191257,0.00006170,125.20000000,0
1531190765605,1531190765600,2191258,0.00006170,162.07000000,0
1531190805416,1531190805413,2191259,0.00006130,0.81000000,1
1531190853365,1531190853363,2191260,0.00006130,27.20000000,1
1531190945201,1531190945198,2191261,0.00006160,162.33000000,0
1531191202750,1531191202746,2191262,0.00006150,732.58000000,1
1531191202750,1531191202746,2191263,0.00006140,129.93000000,1
1531191202750,1531191202746,2191264,0.00006130,2042.50000000,1
1531191313866,1531191313863,2191265,0.00006130,38.17000000,1
1531191658125,1531191658124,2191266,0.00006130,2.66000000,1
1531191945577,1531191945573,2191267,0.00006140,26.46000000,1
1531191995581,1531191995579,2191268,0.00006140,4054.30000000,1
1531191995581,1531191995579,2191269,0.00006130,1494.50000000,1
1531192068553,1531192068550,2191270,0.00006160,225.27000000,0
1531192068553,1531192068550,2191271,0.00006170,8.28000000,0
1531192069472,1531192069467,2191272,0.00006130,3284.43000000,1
1531192135930,1531192135925,2191273,0.00006170,88.31000000,0
1531192135930,1531192135925,2191274,0.00006180,73.76000000,0
1531192235523,1531192235519,2191275,0.00006140,46.87000000,1
1531192379103,1531192379098,2191276,0.00006140,83.06000000,1
1531192379103,1531192379098,2191277,0.00006130,2840.55000000,1
1531192379103,1531192379098,2191278,0.00006120,3211.60000000,1
1531192627999,1531192627995,2191279,0.00006180,1664.69000000,0
1531192629528,1531192629523,2191280,0.00006180,529.64000000,1
1531192666063,1531192666060,2191281,0.00006190,61.59000000,1
1531192667878,1531192667874,2191282,0.00006200,322.79000000,0
1531192669553,1531192669552,2191283,0.00006190,1094.75000000,1
1531192862466,1531192862462,2191284,0.00006180,219.85000000,1
1531192923065,1531192923061,2191285,0.00006190,28.40000000,0
1531192923065,1531192923061,2191286,0.00006200,46.87000000,0
1531192923065,1531192923061,2191287,0.00006210,546.04000000,0
1531193177875,1531193177872,2191288,0.00006220,61.73000000,0
1531193217673,1531193217668,2191289,0.00006220,1755.91000000,0
1531193228930,1531193228926,2191290,0.00006220,915.86000000,0
1531193414166,1531193414164,2191291,0.00006220,18.66000000,1
1531193526658,1531193526656,2191292,0.00006220,128.19000000,1
1531193730613,1531193730609,2191293,0.00006220,39.52000000,1
1531193838856,1531193838851,2191294,0.00006220,167.60000000,1
1531193972139,1531193972134,2191295,0.00006220,60.00000000,1
1531194028670,1531194028666,2191296,0.00006220,100.15000000,1
1531194029302,1531194029297,2191297,0.00006220,43.46000000,1
1531194034362,1531194034358,2191298,0.00006220,1454.14000000,1
1531194061001,1531194060996,2191299,0.00006220,1005.54000000,1
1531194082085,1531194082080,2191300,0.00006240,1665.50000000,0
1531194082085,1531194082080,2191301,0.00006250,384.50000000,0
1531194392338,1531194392331,2191302,0.00006220,2.70000000,1
1531194514887,1531194514881,2191303,0.00006220,126.00000000,1
1531194549075,1531194549070,2191304,0.00006250,800.47000000,0
1531194596131,1531194596127,2191305,0.00006220,24.20000000,1
1531194720348,1531194720342,2191306,0.00006250,994.83000000,0
1531194720368,1531194720364,2191307,0.00006250,326.32000000,1
1531194720369,1531194720366,2191308,0.00006250,326.31000000,1
1531194720713,1531194720707,2191309,0.00006250,396.35000000,1
1531194726827,1531194726824,2191310,0.00006250,7.63000000,1
1531194726843,1531194726837,2191311,0.00006250,8.17000000,1
1531194911504,1531194911500,2191312,0.00006250,229.29000000,1
1531194912194,1531194912191,2191313,0.00006250,65.91000000,1
1531194915690,1531194915687,2191314,0.00006250,480.00000000,1
1531194964135,1531194964130,2191315,0.00006260,24.60000000,0
1531195007375,1531195007370,2191316,0.00006270,47.00000000,0
1531195013594,1531195013591,2191317,0.00006270,1.26000000,0
1531195022252,1531195022246,2191318,0.00006270,140.00000000,1
1531195029840,1531195029836,2191319,0.00006270,97.74000000,1
1531195029840,1531195029836,2191320,0.00006260,64.59000000,1
1531195128782,1531195128776,2191321,0.00006290,18.43000000,0
1531195215953,1531195215949,2191322,0.00006290,28.63000000,0
1531195270031,1531195270027,2191323,0.00006260,44.94000000,1
1531195270094,1531195270089,2191324,0.00006260,17.91000000,1
1531195270094,1531195270089,2191325,0.00006250,3.32000000,1
1531195274852,1531195274845,2191326,0.00006250,6.02000000,1
1531195382399,1531195382393,2191327,0.00006250,0.01000000,1
1531195421290,1531195421284,2191328,0.00006250,167.60000000,1
1531195488689,1531195488683,2191329,0.00006250,314.07000000,1
1531195520487,1531195520481,2191330,0.00006250,235.55000000,1
1531195744947,1531195744941,2191331,0.00006250,3000.00000000,1
1531195932045,1531195932040,2191332,0.00006250,98.00000000,1
1531195964522,1531195964515,2191333,0.00006250,298.02000000,1
1531196025128,1531196025124,2191334,0.00006250,100.22000000,1
1531196487231,1531196487225,2191335,0.00006280,539.60000000,0
1531196487231,1531196487225,2191336,0.00006290,159.73000000,0
1531196487231,1531196487225,2191337,0.00006300,2139.21000000,0
1531196576653,1531196576647,2191338,0.00006300,413.02000000,0
1531196577128,1531196577123,2191339,0.00006300,528.76000000,1
1531196630082,1531196630077,2191340,0.00006310,543.59000000,0
1531196631870,1531196631865,2191341,0.00006310,180.05000000,0
1531196714587,1531196714581,2191342,0.00006250,1262.29000000,1
1531196714587,1531196714581,2191343,0.00006250,491.86000000,0
1531196714630,1531196714624,2191344,0.00006290,170.92000000,0
1531196714630,1531196714624,2191345,0.00006300,320.94000000,0
1531196716330,1531196716325,2191346,0.00006260,361.46000000,1
1531196732809,1531196732806,2191347,0.00006260,31.26000000,1
1531196776754,1531196776750,2191348,0.00006260,73.56000000,1
1531196910581,1531196910577,2191349,0.00006260,4239.97000000,1
1531196929345,1531196929339,2191350,0.00006260,126.21000000,1
1531196929345,1531196929339,2191351,0.00006240,42.35000000,1
1531196933358,1531196933355,2191352,0.00006240,75.75000000,1
1531197064345,1531197064340,2191353,0.00006240,183.48000000,1
1531197064345,1531197064340,2191354,0.00006230,828.75000000,1
1531197072516,1531197072511,2191355,0.00006250,91.06000000,0
1531197173765,1531197173759,2191356,0.00006230,210.49000000,1
1531197173765,1531197173759,2191357,0.00006220,716.98000000,1
1531197370575,1531197370570,2191358,0.00006240,737.69000000,0
1531197370575,1531197370570,2191359,0.00006250,126.91000000,0
1531197370584,1531197370579,2191360,0.00006250,0.73000000,0
1531197387468,1531197387464,2191361,0.00006220,211.01000000,1
1531197665345,1531197665343,2191362,0.00006230,128.05000000,1
1531197670441,1531197670437,2191363,0.00006230,46.95000000,0
1531197675094,1531197675089,2191364,0.00006230,81.05000000,1
1531198121991,1531198121985,2191365,0.00006230,0.60000000,0
1531198259920,1531198259917,2191366,0.00006220,645.50000000,1
1531198259937,1531198259933,2191367,0.00006220,23.00000000,0
1531198260027,1531198260022,2191368,0.00006220,23.03000000,0
1531198261170,1531198261169,2191369,0.00006220,108.47000000,0
1531198273827,1531198273824,2191370,0.00006220,46.03000000,1
1531198273827,1531198273824,2191371,0.00006210,628.47000000,1
1531198273827,1531198273824,2191372,0.00006210,89.52000000,0
1531198284682,1531198284680,2191373,0.00006210,177.00000000,0
1531198284910,1531198284905,2191374,0.00006210,468.97000000,0
1531198286091,1531198286087,2191375,0.00006230,45.38000000,0
1531198286119,1531198286115,2191376,0.00006230,39.62000000,1
1531198287552,1531198287548,2191377,0.00006210,514.34000000,1
1531198288115,1531198288110,2191378,0.00006210,290.81000000,0
1531198894606,1531198894603,2191379,0.00006230,1.92000000,0
1531198897599,1531198897596,2191380,0.00006230,0.01000000,0
1531199297572,1531199297570,2191381,0.00006220,87.10000000,0
1531199304221,1531199304217,2191382,0.00006220,369.22000000,0
1531199485603,1531199485600,2191383,0.00006200,511.00000000,1
1531200078688,1531200078683,2191384,0.00006200,33.71000000,1
1531200282691,1531200282687,2191385,0.00006210,32.83000000,1
1531200439586,1531200439583,2191386,0.00006220,135.93000000,0
1531200441960,1531200441954,2191387,0.00006210,213.87000000,1
1531200590919,1531200590913,2191388,0.00006210,526.11000000,0
1531200590919,1531200590913,2191389,0.00006220,443.62000000,0
1531200608613,1531200608610,2191390,0.00006230,128.05000000,1
1531200608613,1531200608610,2191391,0.00006220,229.22000000,1
1531200608613,1531200608610,2191392,0.00006210,612.46000000,1
1531200648326,1531200648320,2191393,0.00006230,657.00000000,0
1531200969424,1531200969418,2191394,0.00006210,369.22000000,1
1531200989760,1531200989757,2191395,0.00006210,141.00000000,1
1531201121992,1531201121987,2191396,0.00006210,1734.37000000,1
1531201491827,1531201491822,2191397,0.00006220,65.00000000,0
1531201577060,1531201577056,2191398,0.00006220,547.46000000,0
1531201577060,1531201577056,2191399,0.00006230,128.04000000,0
1531201611232,1531201611229,2191400,0.00006240,111.12000000,1
1531201658353,1531201658347,2191401,0.00006220,0.59000000,1
1531202091845,1531202091840,2191402,0.00006230,30.24000000,1
1531202091845,1531202091840,2191403,0.00006220,546.05000000,1
1531202115791,1531202115786,2191404,0.00006250,181.54000000,0
1531202118524,1531202118527,2191405,0.00006250,0.13000000,0
1531202155776,1531202155771,2191406,0.00006250,57.09000000,0
1531202155776,1531202155771,2191407,0.00006260,184.93000000,0
1531202158784,1531202158781,2191408,0.00006250,72.01000000,1
1531202246480,1531202246475,2191409,0.00006230,97.52000000,1
1531202246480,1531202246475,2191410,0.00006220,128.26000000,1
1531202246480,1531202246475,2191411,0.00006210,833.64000000,1
1531202347317,1531202347312,2191412,0.00006210,176.53000000,1
1531202455640,1531202455637,2191413,0.00006210,250.78000000,1
1531202488945,1531202488941,2191414,0.00006210,0.95000000,1
1531202495323,1531202495318,2191415,0.00006210,742.83000000,1
1531202507124,1531202507120,2191416,0.00006210,37.50000000,1
1531202560708,1531202560703,2191417,0.00006210,86.42000000,1
1531202714925,1531202714919,2191418,0.00006210,55.63000000,1
1531202774701,1531202774694,2191419,0.00006230,1077.24000000,0
1531202774701,1531202774694,2191420,0.00006240,1445.57000000,0
1531202774701,1531202774694,2191421,0.00006260,44.29000000,0
1531202774701,1531202774694,2191422,0.00006280,161.96000000,0
1531202774701,1531202774694,2191423,0.00006290,2319.09000000,0
1531202774701,1531202774694,2191424,0.00006300,1479.00000000,0
1531202774701,1531202774694,2191425,0.00006310,5602.83000000,0
1531202774701,1531202774694,2191426,0.00006320,290.11000000,0
1531202779129,1531202779123,2191427,0.00006290,459.72000000,0
1531202779129,1531202779123,2191428,0.00006320,262.69000000,0
1531202779129,1531202779123,2191429,0.00006340,217.36000000,0
1531202779129,1531202779123,2191430,0.00006350,266.84000000,0
1531202779129,1531202779123,2191431,0.00006360,29.22000000,0
1531202779129,1531202779123,2191432,0.00006380,1697.75000000,0
1531202780729,1531202780727,2191433,0.00006320,24.45000000,1
1531202780774,1531202780771,2191434,0.00006320,26.92000000,1
1531202780803,1531202780800,2191435,0.00006320,8.15000000,1
1531202780827,1531202780822,2191436,0.00006290,36.73000000,0
1531202780854,1531202780852,2191437,0.00006320,22.79000000,1
1531202781076,1531202781071,2191438,0.00006300,59.48000000,0
1531202781458,1531202781454,2191439,0.00006270,4.85000000,1
1531202783144,1531202783136,2191440,0.00006300,0.04000000,0
1531202783144,1531202783136,2191441,0.00006340,59.48000000,0
1531202783144,1531202783136,2191442,0.00006350,59.52000000,0
1531202783144,1531202783136,2191443,0.00006360,59.52000000,0
1531202783144,1531202783136,2191444,0.00006390,72.81000000,0
1531202783144,1531202783136,2191445,0.00006400,250.00000000,0
1531202783144,1531202783136,2191446,0.00006410,38.00000000,0
1531202783144,1531202783136,2191447,0.00006420,187.72000000,0
1531202785536,1531202785534,2191448,0.00006350,59.24000000,1
1531202786493,1531202786488,2191449,0.00006390,59.24000000,0
1531202786493,1531202786488,2191450,0.00006420,109.73000000,0
1531202786534,1531202786530,2191451,0.00006350,59.71000000,1
1531202786989,1531202786985,2191452,0.00006350,59.71000000,1
1531202787863,1531202787862,2191453,0.00006330,54.74000000,0
1531202794759,1531202794755,2191454,0.00006290,444.35000000,1
1531202795770,1531202795767,2191455,0.00006280,127.03000000,1
1531202796051,1531202796046,2191456,0.00006270,59.71000000,1
1531202799154,1531202799151,2191457,0.00006260,222.18000000,0
1531202800165,1531202800163,2191458,0.00006260,150.85000000,0
1531202800198,1531202800195,2191459,0.00006260,71.32000000,0
1531202801497,1531202801493,2191460,0.00006250,59.71000000,1
1531202801561,1531202801556,2191461,0.00006250,59.71000000,1
1531202804544,1531202804540,2191462,0.00006270,59.71000000,0
1531202804544,1531202804540,2191463,0.00006280,35.53000000,0
1531202807167,1531202807163,2191464,0.00006290,48.02000000,0
1531202822500,1531202822496,2191465,0.00006270,71.31000000,0
1531202827750,1531202827748,2191466,0.00006280,24.12000000,1
1531202865851,1531202865853,2191467,0.00006280,1284.90000000,1
1531202868759,1531202868755,2191468,0.00006260,296.60000000,1
1531202869916,1531202869913,2191469,0.00006260,280.86000000,1
1531202898932,1531202898926,2191470,0.00006230,234.86000000,1
1531202911593,1531202911589,2191471,0.00006230,215.25000000,1
1531202911593,1531202911589,2191472,0.00006220,74.75000000,1
1531202995586,1531202995583,2191473,0.00006250,31.79000000,0
1531203074681,1531203074677,2191474,0.00006220,298.20000000,1
1531203247812,1531203247810,2191475,0.00006220,1557.90000000,1
1531203280874,1531203280869,2191476,0.00006230,520.02000000,0
1531203300493,1531203300488,2191477,0.00006240,307.01000000,0
1531203321417,1531203321414,2191478,0.00006240,17.00000000,0
1531203321417,1531203321414,2191479,0.00006250,264.81000000,0
1531203425485,1531203425482,2191480,0.00006250,1106.57000000,0
1531203447227,1531203447222,2191481,0.00006250,781.34000000,1
1531203458766,1531203458762,2191482,0.00006240,530.39000000,1
1531203458766,1531203458762,2191483,0.00006230,1450.42000000,1
1531203478936,1531203478932,2191484,0.00006240,684.01000000,1
1531203616479,1531203616475,2191485,0.00006240,320.51000000,0
1531203631134,1531203631129,2191486,0.00006250,48.59000000,0
1531203631134,1531203631129,2191487,0.00006260,127.44000000,0
1531203631134,1531203631129,2191488,0.00006290,71.40000000,0
1531203636487,1531203636484,2191489,0.00006290,95.24000000,1
1531203689381,1531203689377,2191490,0.00006290,95.43000000,1
1531203693294,1531203693293,2191491,0.00006290,675.50000000,1
1531203697624,1531203697620,2191492,0.00006310,110.93000000,0
1531203724633,1531203724628,2191493,0.00006310,557.78000000,0
1531203744102,1531203744103,2191494,0.00006310,76.13000000,1
1531203745947,1531203745942,2191495,0.00006310,51.87000000,0
1531203745947,1531203745942,2191496,0.00006330,4.97000000,0
1531203751947,1531203751947,2191497,0.00006330,234.58000000,1
1531203752810,1531203752806,2191498,0.00006330,210.49000000,1
1531203763706,1531203763703,2191499,0.00006330,1855.17000000,1
1531203764120,1531203764116,2191500,0.00006330,65.00000000,1
1531203765846,1531203765847,2191501,0.00006330,11.88000000,1
1531203776973,1531203776969,2191502,0.00006270,162.07000000,1
1531203777379,1531203777374,2191503,0.00006250,162.07000000,1
1531203785254,1531203785252,2191504,0.00006260,28.57000000,1
1531203795912,1531203795909,2191505,0.00006270,25.61000000,0
1531203798515,1531203798510,2191506,0.00006270,27.39000000,1
1531203798515,1531203798510,2191507,0.00006240,137.73000000,1
1531203824736,1531203824731,2191508,0.00006280,72.00000000,0
1531203833083,1531203833078,2191509,0.00006280,90.07000000,0
1531204289596,1531204289592,2191510,0.00006240,72.00000000,1
1531204289596,1531204289592,2191511,0.00006230,289.46000000,1
1531204342252,1531204342248,2191512,0.00006230,96.48000000,1
1531204427578,1531204427574,2191513,0.00006240,107.93000000,1
1531204751532,1531204751527,2191514,0.00006240,125.98000000,1
1531204762067,1531204762061,2191515,0.00006240,555.77000000,1
1531204762067,1531204762061,2191516,0.00006230,513.35000000,1
1531204762067,1531204762061,2191517,0.00006220,7147.17000000,1
1531204886142,1531204886138,2191518,0.00006220,438.37000000,1
1531204888452,1531204888449,2191519,0.00006220,334.11000000,1
1531205215404,1531205215399,2191520,0.00006220,0.63000000,1
1531205236196,1531205236193,2191521,0.00006230,114.45000000,1
1531205252472,1531205252468,2191522,0.00006230,320.92000000,0
1531205547391,1531205547389,2191523,0.00006220,48.80000000,1
1531205877081,1531205877078,2191524,0.00006220,61.66000000,1
1531205887998,1531205887998,2191525,0.00006230,49.56000000,0
1531205932461,1531205932458,2191526,0.00006220,2496.69000000,1
1531205932461,1531205932458,2191527,0.00006210,1127.60000000,1
1531206165515,1531206165514,2191528,0.00006230,0.35000000,0
1531206327406,1531206327404,2191529,0.00006220,265.48000000,1
1531206327406,1531206327404,2191530,0.00006210,1734.52000000,1
1531206675524,1531206675522,2191531,0.00006210,108.00000000,1
1531206831664,1531206831657,2191532,0.00006220,258.05000000,0
1531206831664,1531206831657,2191533,0.00006230,48.18000000,0
1531206982535,1531206982533,2191534,0.00006220,20.00000000,1
1531207160582,1531207160578,2191535,0.00006210,6670.77000000,1
1531207340023,1531207340021,2191536,0.00006210,1137.56000000,1
1531207661000,1531207660996,2191537,0.00006210,658.66000000,1
1531207662265,1531207662263,2191538,0.00006210,2509.64000000,1
1531207772025,1531207772023,2191539,0.00006200,119.97000000,1
1531207772025,1531207772023,2191540,0.00006190,128.88000000,1
1531207772025,1531207772023,2191541,0.00006180,48.16000000,1
1531207772025,1531207772023,2191542,0.00006160,336.90000000,1
1531207773053,1531207773050,2191543,0.00006210,2.30000000,0
1531207787605,1531207787603,2191544,0.00006170,31.79000000,1
1531207831653,1531207831650,2191545,0.00006170,16.40000000,1
1531207940611,1531207940607,2191546,0.00006170,490.07000000,1
1531208044975,1531208044972,2191547,0.00006180,72.79000000,0
1531208169568,1531208169564,2191548,0.00006180,50.03000000,0
1531208252446,1531208252442,2191549,0.00006200,16.86000000,0
1531208284855,1531208284853,2191550,0.00006180,111.11000000,1
1531208290589,1531208290585,2191551,0.00006180,200.00000000,1
1531208301084,1531208301081,2191552,0.00006180,315.52000000,1
1531208320017,1531208320013,2191553,0.00006180,942.83000000,1
1531208320774,1531208320770,2191554,0.00006180,942.57000000,1
1531208321770,1531208321767,2191555,0.00006180,942.31000000,1
1531208321890,1531208321888,2191556,0.00006180,111.11000000,1
1531208322781,1531208322778,2191557,0.00006180,942.43000000,1
1531208323763,1531208323761,2191558,0.00006180,920.85000000,1
1531208360288,1531208360284,2191559,0.00006180,50.00000000,1
1531208379691,1531208379686,2191560,0.00006200,55.93000000,0
1531208379691,1531208379686,2191561,0.00006210,166.27000000,0
1531208379691,1531208379688,2191562,0.00006210,79.03000000,0
1531208748586,1531208748582,2191563,0.00006210,161.03000000,0
1531208774614,1531208774611,2191564,0.00006180,467.98000000,1
1531208846838,1531208846834,2191565,0.00006210,0.29000000,0
1531209130052,1531209130049,2191566,0.00006210,2.00000000,0
1531209176122,1531209176118,2191567,0.00006210,1328.08000000,0
1531209232252,1531209232248,2191568,0.00006180,174.43000000,1
1531209440875,1531209440872,2191569,0.00006180,2928.00000000,1
1531209481956,1531209481952,2191570,0.00006200,22.52000000,0
1531209599508,1531209599506,2191571,0.00006200,177.78000000,0
1531209704578,1531209704574,2191572,0.00006190,250.40000000,1
1531209752278,1531209752275,2191573,0.00006190,0.35000000,1
1531209823628,1531209823625,2191574,0.00006190,1652.43000000,1
1531209855489,1531209855486,2191575,0.00006180,2466.62000000,1
1531209857261,1531209857259,2191576,0.00006190,194.86000000,0
1531209938970,1531209938967,2191577,0.00006190,248.25000000,0
1531210039079,1531210039076,2191578,0.00006180,1010.06000000,1
1531210050726,1531210050723,2191579,0.00006190,1129.21000000,0
1531210200055,1531210200053,2191580,0.00006190,60.00000000,1
1531210260029,1531210260025,2191581,0.00006170,90.00000000,1
