event_time,trade_time,trade_id,price,quantity,maker
1531160313823,1531160313820,1944610,0.00030100,4.56000000,1
1531160313823,1531160313820,1944611,0.00030040,55.94000000,1
1531160362661,1531160362659,1944612,0.00030150,46.10000000,0
1531160366147,1531160366146,1944613,0.00030150,46.14000000,0
1531160369075,1531160369071,1944614,0.00030150,32.25000000,0
1531160377144,1531160377141,1944615,0.00030150,15.09000000,0
1531160402348,1531160402348,1944616,0.00030150,646.76000000,0
1531160403434,1531160403430,1944617,0.00030200,2.50000000,0
1531160407382,1531160407379,1944618,0.00030200,2.50000000,0
1531160446037,1531160446033,1944619,0.00030200,4.00000000,0
1531160720915,1531160720913,1944620,0.00030200,4.00000000,0
1531160749753,1531160749748,1944621,0.00030200,4.00000000,0
1531160980401,1531160980397,1944622,0.00030200,10.56000000,0
1531161024178,1531161024174,1944623,0.00030260,27.50000000,0
1531161024178,1531161024174,1944624,0.00030270,5.54000000,0
1531161028472,1531161028468,1944625,0.00030270,0.75000000,0
1531161028518,1531161028516,1944626,0.00030270,0.75000000,0
1531161036053,1531161036048,1944627,0.00030150,3.26000000,1
1531161045340,1531161045337,1944628,0.00030140,3.26000000,1
1531161079975,1531161079970,1944629,0.00030270,85.58000000,0
1531161079975,1531161079970,1944630,0.00030380,4.42000000,0
1531161079975,1531161079970,1944631,0.00030390,9.97000000,0
1531161079975,1531161079970,1944632,0.00030400,50.00000000,0
1531161079975,1531161079970,1944633,0.00030420,20.42000000,0
1531161079975,1531161079970,1944634,0.00030480,161.95000000,0
1531161079975,1531161079970,1944635,0.00030490,66.68000000,0
1531161080820,1531161080816,1944636,0.00030490,0.75000000,0
1531161080881,1531161080877,1944637,0.00030490,25.52000000,0
1531161080905,1531161080901,1944638,0.00030490,7.69000000,0
1531161080933,1531161080929,1944639,0.00030490,0.75000000,0
1531161084094,1531161084092,1944640,0.00030490,0.75000000,0
1531161087701,1531161087697,1944641,0.00030340,16.96000000,1
1531161087701,1531161087697,1944642,0.00030300,14.04000000,1
1531161119279,1531161119275,1944643,0.00030310,9.00000000,0
1531161119826,1531161119823,1944644,0.00030360,20.43000000,0
1531161119826,1531161119823,1944645,0.00030430,27.35000000,0
1531161119826,1531161119823,1944646,0.00030460,16.96000000,0
1531161119826,1531161119823,1944647,0.00030490,36.65000000,0
1531161121568,1531161121564,1944648,0.00030320,32.97000000,1
1531161121568,1531161121564,1944649,0.00030310,6.03000000,1
1531161130979,1531161130974,1944650,0.00030330,212.00000000,1
1531161132230,1531161132227,1944651,0.00030330,64.00000000,1
1531161147101,1531161147099,1944652,0.00030310,67.00000000,1
1531161171027,1531161171024,1944653,0.00030310,11.31000000,1
1531161215464,1531161215463,1944654,0.00030310,97.54000000,1
1531161379134,1531161379130,1944655,0.00030320,2.49000000,0
1531161398694,1531161398692,1944656,0.00030320,2.49000000,0
1531161455083,1531161455079,1944657,0.00030250,27.51000000,1
1531161455083,1531161455079,1944658,0.00030210,40.84000000,1
1531161455099,1531161455095,1944659,0.00030200,229.92000000,0
1531161455107,1531161455102,1944660,0.00030200,230.54000000,0
1531161455109,1531161455108,1944661,0.00030200,258.45000000,0
1531161455126,1531161455123,1944662,0.00030200,229.92000000,0
1531161455146,1531161455141,1944663,0.00030200,229.92000000,0
1531161455450,1531161455446,1944664,0.00030200,1404.45000000,0
1531161456025,1531161456020,1944665,0.00030160,46.35000000,1
1531161457291,1531161457288,1944666,0.00030160,183.57000000,0
1531161458303,1531161458298,1944667,0.00030240,9.75000000,0
1531161459623,1531161459618,1944668,0.00030200,1.05000000,1
1531161477094,1531161477090,1944669,0.00030310,160.55000000,0
1531161477106,1531161477102,1944670,0.00030310,21.27000000,0
1531161477106,1531161477104,1944671,0.00030320,27.45000000,0
1531161477129,1531161477125,1944672,0.00030380,21.27000000,0
1531161478603,1531161478599,1944673,0.00030380,17.43000000,0
1531161484205,1531161484201,1944674,0.00030370,15.61000000,0
1531161489281,1531161489276,1944675,0.00030370,4.00000000,0
1531161582610,1531161582607,1944676,0.00030360,32.93000000,0
1531161585630,1531161585625,1944677,0.00030250,6.00000000,1
1531161586560,1531161586557,1944678,0.00030250,6.00000000,1
1531161587777,1531161587773,1944679,0.00030250,6.59000000,1
1531161702232,1531161702229,1944680,0.00030250,7.46000000,1
1531161737533,1531161737527,1944681,0.00030250,7.46000000,1
1531161737533,1531161737527,1944682,0.00030170,28.54000000,1
1531161740446,1531161740441,1944683,0.00030260,16.95000000,0
1531161957018,1531161957015,1944684,0.00030250,6.00000000,0
1531161957018,1531161957015,1944685,0.00030260,0.02000000,0
1531161957018,1531161957015,1944686,0.00030290,27.03000000,0
1531162038543,1531162038538,1944687,0.00030290,0.45000000,0
1531162038543,1531162038538,1944688,0.00030330,288.80000000,0
1531162107424,1531162107420,1944689,0.00030290,24.79000000,1
1531162107437,1531162107435,1944690,0.00030290,23.75000000,1
1531162133317,1531162133312,1944691,0.00030350,8.92000000,0
1531162133318,1531162133312,1944692,0.00030360,7.91000000,0
1531162133318,1531162133312,1944693,0.00030400,65.10000000,0
1531162133318,1531162133312,1944694,0.00030420,164.54000000,0
1531162133318,1531162133312,1944695,0.00030430,220.00000000,0
1531162133318,1531162133312,1944696,0.00030500,672.00000000,0
1531162134570,1531162134564,1944697,0.00030350,16.50000000,1
1531162135989,1531162135985,1944698,0.00030510,0.75000000,0
1531162136034,1531162136030,1944699,0.00030510,0.75000000,0
1531162145577,1531162145573,1944700,0.00030360,13.19000000,1
1531162161167,1531162161163,1944701,0.00030360,49.81000000,1
1531162161178,1531162161172,1944702,0.00030360,49.81000000,1
1531162172659,1531162172653,1944703,0.00030380,5.60000000,1
1531162176678,1531162176674,1944704,0.00030380,75.60000000,1
1531162183009,1531162183005,1944705,0.00030380,49.82000000,1
1531162186278,1531162186273,1944706,0.00030380,31.58000000,1
1531162197909,1531162197905,1944707,0.00030380,14.17000000,1
1531162202952,1531162202947,1944708,0.00030380,32.66000000,1
1531162206719,1531162206716,1944709,0.00030380,18.37000000,1
1531162210331,1531162210327,1944710,0.00030380,10.33000000,1
1531162215799,1531162215795,1944711,0.00030400,26.01000000,1
1531162221175,1531162221171,1944712,0.00030400,24.91000000,1
1531162340069,1531162340063,1944713,0.00030440,13.19000000,0
1531162340069,1531162340063,1944714,0.00030450,4.18000000,0
1531162340069,1531162340063,1944715,0.00030480,15.48000000,0
1531162371520,1531162371516,1944716,0.00030480,23.75000000,0
1531162371548,1531162371544,1944717,0.00030480,4.10000000,0
1531162371568,1531162371564,1944718,0.00030480,6.70000000,0
1531162387112,1531162387108,1944719,0.00030470,4.96000000,0
1531162410754,1531162410748,1944720,0.00030470,6.71000000,0
1531162411680,1531162411674,1944721,0.00030470,6.70000000,0
1531162438335,1531162438330,1944722,0.00030400,58.05000000,1
1531162442732,1531162442727,1944723,0.00030400,6.08000000,1
1531162442732,1531162442727,1944724,0.00030380,26.58000000,1
1531162448140,1531162448138,1944725,0.00030400,18.37000000,1
1531162705520,1531162705515,1944726,0.00030450,16.42000000,0
1531163114305,1531163114299,1944727,0.00030450,2.48000000,0
1531163114772,1531163114767,1944728,0.00030450,2.48000000,0
1531163177558,1531163177551,1944729,0.00030440,9.84000000,0
1531163177558,1531163177551,1944730,0.00030450,18.16000000,0
1531163359581,1531163359575,1944731,0.00030360,4.00000000,1
1531163434629,1531163434623,1944732,0.00030360,4.00000000,1
1531163469771,1531163469766,1944733,0.00030360,4.06000000,1
1531163803679,1531163803673,1944734,0.00030360,1.77000000,1
1531163806691,1531163806685,1944735,0.00030330,5.71000000,1
1531163912555,1531163912551,1944736,0.00030340,21.24000000,1
1531163912555,1531163912551,1944737,0.00030330,4.76000000,1
1531163913816,1531163913810,1944738,0.00030330,11.07000000,1
1531164189015,1531164189009,1944739,0.00030330,5.90000000,1
1531164189015,1531164189009,1944740,0.00030280,89.02000000,1
1531164214074,1531164214067,1944741,0.00030410,2.48000000,0
1531164230868,1531164230863,1944742,0.00030410,2.48000000,0
1531164636086,1531164636080,1944743,0.00030290,0.27000000,1
1531164750277,1531164750274,1944744,0.00030290,25.39000000,1
1531164778273,1531164778269,1944745,0.00030410,16.28000000,0
1531164778273,1531164778269,1944746,0.00030440,4.00000000,0
1531164778273,1531164778269,1944747,0.00030450,7.13000000,0
1531164791819,1531164791816,1944748,0.00030300,4.95000000,1
1531164791819,1531164791816,1944749,0.00030290,23.16000000,1
1531164791819,1531164791816,1944750,0.00030280,22.58000000,1
1531164798505,1531164798503,1944751,0.00030420,2.48000000,0
1531164809676,1531164809674,1944752,0.00030420,2.47000000,0
1531164809676,1531164809674,1944753,0.00030450,0.01000000,0
1531164878295,1531164878291,1944754,0.00030310,13.39000000,1
1531164883086,1531164883082,1944755,0.00030420,6.09000000,0
1531164885038,1531164885032,1944756,0.00030280,4.69000000,1
1531165079133,1531165079131,1944757,0.00030370,3.30000000,0
1531165204089,1531165204066,1944758,0.00030280,248.57000000,1
1531165210988,1531165210982,1944759,0.00030230,27.53000000,1
1531165215845,1531165215840,1944760,0.00030190,57.48000000,1
1531165222295,1531165222290,1944761,0.00030180,33.12000000,1
1531165232177,1531165232171,1944762,0.00030180,27.58000000,1
1531165238813,1531165238806,1944763,0.00030140,16.66000000,0
1531165238839,1531165238833,1944764,0.00030140,0.42000000,0
1531165246866,1531165246859,1944765,0.00030140,17.00000000,1
1531165252145,1531165252139,1944766,0.00030130,90.42000000,1
1531165267353,1531165267347,1944767,0.00030110,26.85000000,1
1531165272399,1531165272395,1944768,0.00030100,28.19000000,1
1531165276967,1531165276960,1944769,0.00030090,18.26000000,1
1531165278994,1531165278990,1944770,0.00030190,6.28000000,0
1531165280043,1531165280036,1944771,0.00030190,3.07000000,0
1531165281811,1531165281807,1944772,0.00030190,18.22000000,0
1531165282322,1531165282321,1944773,0.00030110,13.54000000,0
1531165282357,1531165282352,1944774,0.00030110,2.96000000,0
1531165290237,1531165290230,1944775,0.00030210,4.00000000,0
1531165290237,1531165290230,1944776,0.00030240,5.00000000,0
1531165297684,1531165297680,1944777,0.00030240,3.30000000,0
1531165314958,1531165314952,1944778,0.00030090,22.57000000,1
1531165396981,1531165396976,1944779,0.00030080,12.00000000,1
1531165405730,1531165405728,1944780,0.00030070,27.68000000,1
1531165421976,1531165421970,1944781,0.00030070,46.00000000,1
1531165546167,1531165546152,1944782,0.00030070,0.36000000,1
1531165558800,1531165558797,1944783,0.00030210,3.32000000,0
1531165906379,1531165906372,1944784,0.00030140,24.87000000,0
1531165906379,1531165906372,1944785,0.00030150,3.64000000,0
1531166254581,1531166254575,1944786,0.00030170,3.31000000,0
1531166440119,1531166440113,1944787,0.00030180,4.00000000,0
1531166715427,1531166715422,1944788,0.00030170,4.00000000,0
1531166735471,1531166735465,1944789,0.00030170,4.00000000,0
1531166781457,1531166781451,1944790,0.00030050,57.82000000,1
1531166849478,1531166849474,1944791,0.00030140,0.60000000,0
1531167026529,1531167026524,1944792,0.00030140,3.34000000,0
1531167059708,1531167059707,1944793,0.00030150,4.00000000,0
1531167128148,1531167128143,1944794,0.00030150,4.33000000,0
1531167323442,1531167323440,1944795,0.00030150,4.00000000,0
1531167358714,1531167358712,1944796,0.00030150,4.00000000,0
1531167388685,1531167388680,1944797,0.00030150,48.74000000,0
1531167388698,1531167388692,1944798,0.00030150,0.01000000,0
1531167388698,1531167388692,1944799,0.00030170,111.26000000,0
1531167388710,1531167388705,1944800,0.00030170,6.77000000,0
1531167388738,1531167388730,1944801,0.00030170,4.73000000,0
1531167390635,1531167390633,1944802,0.00030180,16.86000000,0
1531167390635,1531167390633,1944803,0.00030220,23.14000000,0
1531167432742,1531167432742,1944804,0.00030220,3.71000000,0
1531167435735,1531167435735,1944805,0.00030230,6.46000000,0
1531167437920,1531167437917,1944806,0.00030150,3.42000000,1
1531167471030,1531167471028,1944807,0.00030230,3.42000000,0
1531167471030,1531167471028,1944808,0.00030240,13.47000000,0
1531167476227,1531167476221,1944809,0.00030150,22.45000000,1
1531167476227,1531167476221,1944810,0.00030140,0.66000000,1
1531167478104,1531167478098,1944811,0.00030150,8.17000000,0
1531167478691,1531167478683,1944812,0.00030190,27.57000000,0
1531167478691,1531167478683,1944813,0.00030230,11.02000000,0
1531167560037,1531167560030,1944814,0.00030120,29.31000000,1
1531167560037,1531167560030,1944815,0.00030100,157.65000000,1
1531167560037,1531167560030,1944816,0.00030060,42.23000000,1
1531167560037,1531167560030,1944817,0.00030050,195.06000000,1
1531167634605,1531167634601,1944818,0.00030060,49.04000000,1
1531167634605,1531167634601,1944819,0.00030050,109.96000000,1
1531167799556,1531167799550,1944820,0.00030180,11.43000000,0
1531167799584,1531167799578,1944821,0.00030190,27.50000000,0
1531167799591,1531167799588,1944822,0.00030190,0.07000000,0
1531167799591,1531167799588,1944823,0.00030220,23.04000000,0
1531167799661,1531167799656,1944824,0.00030050,3.25000000,1
1531167803700,1531167803699,1944825,0.00030080,15.57000000,1
1531167839065,1531167839059,1944826,0.00030210,15.57000000,0
1531167839065,1531167839059,1944827,0.00030220,6.50000000,0
1531167842100,1531167842095,1944828,0.00030220,7.23000000,0
1531167986490,1531167986484,1944829,0.00030220,55.91000000,0
1531168068221,1531168068216,1944830,0.00030220,300.00000000,0
1531168250322,1531168250318,1944831,0.00030110,15.00000000,1
1531168434395,1531168434390,1944832,0.00030170,29.00000000,1
1531168606503,1531168606497,1944833,0.00030210,4.20000000,0
1531168620199,1531168620193,1944834,0.00030210,3.15000000,0
1531168682103,1531168682098,1944835,0.00030210,6.48000000,0
1531168880985,1531168880983,1944836,0.00030210,1.75000000,0
1531168883767,1531168883761,1944837,0.00030210,1.31000000,0
1531168888165,1531168888160,1944838,0.00030210,0.98000000,0
1531168889781,1531168889777,1944839,0.00030210,1.48000000,0
1531168891528,1531168891522,1944840,0.00030210,1.49000000,0
1531168950652,1531168950646,1944841,0.00030160,34.10000000,1
1531168950652,1531168950646,1944842,0.00030140,98.72000000,1
1531168950652,1531168950646,1944843,0.00030130,11.56000000,1
1531168950652,1531168950646,1944844,0.00030090,26.51000000,1
1531168950652,1531168950646,1944845,0.00030060,629.11000000,1
1531168960965,1531168960959,1944846,0.00030060,43.81000000,1
1531168960965,1531168960959,1944847,0.00030050,961.91000000,1
1531168960965,1531168960959,1944848,0.00030030,4150.11000000,1
1531168960988,1531168960986,1944849,0.00030030,119.04000000,0
1531168960989,1531168960986,1944850,0.00030030,615.82000000,0
1531169021671,1531169021666,1944851,0.00030010,7.98000000,1
1531169021671,1531169021666,1944852,0.00030000,2.13000000,1
1531169021671,1531169021666,1944853,0.00030000,60.24000000,1
1531169021673,1531169021666,1944854,0.00030000,415.59000000,1
1531169030077,1531169030070,1944855,0.00030000,2504.04000000,1
1531169030095,1531169030090,1944856,0.00030000,25.79000000,0
1531169030109,1531169030103,1944857,0.00030000,23.75000000,0
1531169030133,1531169030128,1944858,0.00030000,25.79000000,0
1531169030137,1531169030131,1944859,0.00030000,26.04000000,0
1531169030192,1531169030185,1944860,0.00030000,26.05000000,0
1531169030225,1531169030219,1944861,0.00030000,26.08000000,0
1531169030262,1531169030257,1944862,0.00030000,21.00000000,0
1531169030645,1531169030643,1944863,0.00030000,38.29000000,0
1531169030723,1531169030719,1944864,0.00030000,39.00000000,0
1531169030845,1531169030841,1944865,0.00029980,26.06000000,1
1531169030846,1531169030841,1944866,0.00029980,90.77000000,1
1531169030846,1531169030841,1944867,0.00029960,6.72000000,1
1531169030846,1531169030841,1944868,0.00029950,110.56000000,1
1531169031259,1531169031253,1944869,0.00029950,81.19000000,0
1531169031525,1531169031520,1944870,0.00029950,2.47000000,0
1531169031660,1531169031653,1944871,0.00029950,2.47000000,0
1531169031665,1531169031659,1944872,0.00029950,38.29000000,0
1531169031719,1531169031715,1944873,0.00029950,3.37000000,0
1531169031811,1531169031807,1944874,0.00029950,2.47000000,0
1531169031834,1531169031829,1944875,0.00029950,57.00000000,0
1531169031844,1531169031840,1944876,0.00029950,2.12000000,0
1531169031876,1531169031871,1944877,0.00029950,2.47000000,0
1531169031883,1531169031877,1944878,0.00029950,2.47000000,0
1531169031912,1531169031909,1944879,0.00029950,22.16000000,0
1531169031957,1531169031952,1944880,0.00029980,2.46000000,0
1531169031988,1531169031983,1944881,0.00029980,2.46000000,0
1531169032019,1531169032017,1944882,0.00029980,2.47000000,0
1531169032075,1531169032070,1944883,0.00029980,0.20000000,0
1531169032075,1531169032070,1944884,0.00030000,2.27000000,0
1531169032232,1531169032227,1944885,0.00030000,2.48000000,0
1531169032305,1531169032299,1944886,0.00030000,1.85000000,0
1531169032344,1531169032342,1944887,0.00030000,2.06000000,0
1531169032372,1531169032367,1944888,0.00029940,0.52000000,1
1531169032985,1531169032980,1944889,0.00030000,49.99000000,0
1531169033044,1531169033038,1944890,0.00030000,67.75000000,0
1531169033507,1531169033501,1944891,0.00029950,12.45000000,1
1531169033574,1531169033569,1944892,0.00030000,63.11000000,0
1531169034017,1531169034013,1944893,0.00030060,26.54000000,0
1531169034017,1531169034013,1944894,0.00030160,11.10000000,0
1531169037386,1531169037383,1944895,0.00029980,0.48000000,1
1531169062983,1531169062978,1944896,0.00030070,2.20000000,0
1531169063213,1531169063205,1944897,0.00030070,2.46000000,0
1531169063249,1531169063243,1944898,0.00030070,2.46000000,0
1531169063329,1531169063323,1944899,0.00030070,2.25000000,0
1531169063456,1531169063449,1944900,0.00030070,2.46000000,0
1531169063466,1531169063459,1944901,0.00030070,2.25000000,0
1531169063489,1531169063482,1944902,0.00030070,2.46000000,0
1531169063504,1531169063498,1944903,0.00030070,0.63000000,0
1531169063504,1531169063498,1944904,0.00030140,1.59000000,0
1531169063543,1531169063540,1944905,0.00030140,3.36000000,0
1531169063573,1531169063569,1944906,0.00030140,4.03000000,0
1531169063737,1531169063732,1944907,0.00030140,4.03000000,0
1531169063855,1531169063849,1944908,0.00030140,3.05000000,0
1531169063897,1531169063891,1944909,0.00030140,4.01000000,0
1531169063938,1531169063932,1944910,0.00030140,4.03000000,0
1531169063951,1531169063948,1944911,0.00030140,3.03000000,0
1531169063987,1531169063981,1944912,0.00030140,2.48000000,0
1531169066036,1531169066032,1944913,0.00029980,26.13000000,1
1531169066036,1531169066032,1944914,0.00029950,5.60000000,1
1531169069302,1531169069300,1944915,0.00029960,4.98000000,1
1531169083218,1531169083213,1944916,0.00029950,6.75000000,1
1531169087273,1531169087269,1944917,0.00030110,4.55000000,0
1531169087303,1531169087298,1944918,0.00030110,0.43000000,0
1531169087304,1531169087298,1944919,0.00030130,2.03000000,0
1531169090930,1531169090924,1944920,0.00029940,12.90000000,1
1531169102523,1531169102518,1944921,0.00030060,2.47000000,0
1531169102588,1531169102586,1944922,0.00030060,2.47000000,0
1531169105197,1531169105195,1944923,0.00029960,4.05000000,0
1531169108082,1531169108076,1944924,0.00030050,6.12000000,0
1531169121734,1531169121726,1944925,0.00029930,26.65000000,1
1531169121734,1531169121726,1944926,0.00029920,5.05000000,1
1531169123965,1531169123958,1944927,0.00030050,1.53000000,0
1531169127819,1531169127814,1944928,0.00030050,5.54000000,0
1531169129886,1531169129880,1944929,0.00030050,4.00000000,0
1531169132308,1531169132304,1944930,0.00029930,0.01000000,1
1531169146590,1531169146586,1944931,0.00030050,0.58000000,0
1531169148810,1531169148805,1944932,0.00029930,5.16000000,1
1531169171528,1531169171521,1944933,0.00030050,4.00000000,0
1531169184713,1531169184708,1944934,0.00029950,3.38000000,1
1531169193142,1531169193113,1944935,0.00030050,10.94000000,0
1531169203492,1531169203487,1944936,0.00030050,10.37000000,0
1531169240751,1531169240745,1944937,0.00030050,117.73000000,0
1531169241369,1531169241366,1944938,0.00030080,26.52000000,0
1531169241369,1531169241366,1944939,0.00030100,6.75000000,0
1531169263241,1531169263235,1944940,0.00030110,1157.00000000,0
1531169263271,1531169263267,1944941,0.00030110,38.40000000,1
1531169264436,1531169264430,1944942,0.00030100,160.00000000,0
1531169354981,1531169354976,1944943,0.00030120,781.66000000,0
1531169714192,1531169714187,1944944,0.00030030,27.38000000,1
1531169714413,1531169714407,1944945,0.00030030,76.12000000,0
1531169715419,1531169715387,1944946,0.00030030,2.47000000,0
1531169715437,1531169715430,1944947,0.00030030,1.91000000,0
1531169717536,1531169717530,1944948,0.00030030,76.13000000,0
1531169719545,1531169719539,1944949,0.00030030,64.10000000,0
1531169797928,1531169797920,1944950,0.00030100,26.50000000,0
1531169797949,1531169797944,1944951,0.00030120,8.14000000,0
1531169797950,1531169797944,1944952,0.00030120,334.51000000,0
1531169797970,1531169797966,1944953,0.00030120,460.07000000,0
1531169798219,1531169798213,1944954,0.00030120,110.00000000,0
1531169806534,1531169806530,1944955,0.00030030,8.15000000,1
1531170013727,1531170013721,1944956,0.00030080,2.95000000,0
1531170018221,1531170018216,1944957,0.00030080,51.00000000,0
1531170018386,1531170018380,1944958,0.00030080,22.22000000,0
1531170018386,1531170018380,1944959,0.00030100,46.78000000,0
1531170018936,1531170018930,1944960,0.00030100,32.00000000,0
1531170020268,1531170020265,1944961,0.00030100,25.04000000,0
1531170021064,1531170021058,1944962,0.00030100,21.00000000,0
1531170026176,1531170026170,1944963,0.00030120,25.00000000,0
1531170055046,1531170055040,1944964,0.00030130,2.31000000,0
1531170129381,1531170129375,1944965,0.00030130,6.30000000,0
1531170206312,1531170206308,1944966,0.00030090,91.63000000,1
1531170207065,1531170207060,1944967,0.00030130,992.58000000,0
1531170380568,1531170380563,1944968,0.00030120,4.14000000,0
1531170380579,1531170380571,1944969,0.00030120,4.14000000,0
1531170595428,1531170595422,1944970,0.00030030,47.89000000,1
1531170595428,1531170595422,1944971,0.00030010,35.00000000,1
1531170595650,1531170595646,1944972,0.00030010,107.11000000,0
1531170652927,1531170652922,1944973,0.00030120,22.66000000,0
1531170653111,1531170653105,1944974,0.00030120,18.09000000,0
1531170658174,1531170658169,1944975,0.00030120,13.35000000,0
1531170659303,1531170659299,1944976,0.00030120,16.72000000,0
1531170659925,1531170659919,1944977,0.00030120,7.34000000,0
1531170662543,1531170662540,1944978,0.00030120,12.44000000,0
1531170662972,1531170662969,1944979,0.00030120,9.95000000,0
1531170664086,1531170664079,1944980,0.00030120,4.49000000,0
1531170664156,1531170664150,1944981,0.00030120,5.62000000,0
1531170686329,1531170686324,1944982,0.00030120,6.16000000,0
1531170716046,1531170716038,1944983,0.00030120,250.12000000,0
1531170724751,1531170724748,1944984,0.00030120,4.62000000,0
1531170729426,1531170729421,1944985,0.00030120,3.46000000,0
1531170743765,1531170743759,1944986,0.00030120,325.17000000,0
1531171055269,1531171055264,1944987,0.00030120,24.00000000,0
1531171115282,1531171115280,1944988,0.00030130,20.00000000,0
1531171130295,1531171130289,1944989,0.00030130,37.00000000,0
1531171130769,1531171130766,1944990,0.00030130,12.31000000,0
1531171206371,1531171206367,1944991,0.00030130,14.00000000,0
1531171208363,1531171208361,1944992,0.00030130,7.10000000,0
1531171213438,1531171213432,1944993,0.00030130,26.00000000,0
1531171323066,1531171323061,1944994,0.00030130,18.29000000,0
1531171395476,1531171395471,1944995,0.00030130,50.00000000,0
1531171636074,1531171636069,1944996,0.00030020,15.00000000,1
1531171774124,1531171774120,1944997,0.00030020,2.47000000,0
1531171774158,1531171774153,1944998,0.00030020,2.47000000,0
1531171774221,1531171774216,1944999,0.00030020,2.57000000,0
1531171806594,1531171806590,1945000,0.00030020,7.49000000,0
1531171806594,1531171806590,1945001,0.00030090,15.00000000,0
1531171806594,1531171806590,1945002,0.00030100,17.51000000,0
1531172073592,1531172073588,1945003,0.00029990,53.08000000,1
1531172073605,1531172073602,1945004,0.00029990,166.92000000,0
1531172208593,1531172208587,1945005,0.00030070,22.12000000,0
1531172315201,1531172315197,1945006,0.00030070,0.05000000,0
1531172315201,1531172315197,1945007,0.00030080,5.95000000,0
1531172420042,1531172420038,1945008,0.00030080,4.00000000,0
1531172665694,1531172665689,1945009,0.00030080,20.05000000,0
1531172666675,1531172666672,1945010,0.00030080,11.85000000,1
1531172878540,1531172878535,1945011,0.00030130,50.00000000,0
1531172886497,1531172886492,1945012,0.00030130,51.32000000,0
1531172961346,1531172961338,1945013,0.00030020,21.76000000,1
1531172961346,1531172961338,1945014,0.00030010,26.58000000,1
1531172961346,1531172961338,1945015,0.00029980,5.00000000,1
1531172961346,1531172961338,1945016,0.00029960,185.88000000,1
1531172961346,1531172961338,1945017,0.00029940,16.70000000,1
1531172961346,1531172961338,1945018,0.00029920,8.99000000,1
1531172961346,1531172961338,1945019,0.00029910,220.00000000,1
1531172961346,1531172961338,1945020,0.00029900,334.44000000,1
1531172961346,1531172961338,1945021,0.00029860,152.03000000,1
1531172961346,1531172961338,1945022,0.00029850,17.24000000,1
1531172961346,1531172961338,1945023,0.00029830,85.32000000,1
1531172961346,1531172961338,1945024,0.00029820,12.72000000,1
1531172961346,1531172961338,1945025,0.00029800,179.42000000,1
1531172961346,1531172961338,1945026,0.00029790,191.33000000,1
1531172961346,1531172961338,1945027,0.00029770,60.92000000,1
1531172961346,1531172961338,1945028,0.00029750,1322.67000000,1
1531172961361,1531172961358,1945029,0.00029900,399.36000000,0
1531172961445,1531172961443,1945030,0.00030020,21.76000000,1
1531172962258,1531172962255,1945031,0.00029930,6.06000000,1
1531172962293,1531172962290,1945032,0.00029930,110.96000000,1
1531172962293,1531172962290,1945033,0.00029910,220.00000000,1
1531172962293,1531172962290,1945034,0.00029860,95.04000000,1
1531172962346,1531172962341,1945035,0.00029860,306.81000000,1
1531172962346,1531172962341,1945036,0.00029850,102.19000000,1
1531172962767,1531172962764,1945037,0.00029780,16.78000000,1
1531172962767,1531172962764,1945038,0.00029770,14.16000000,1
1531172964235,1531172964232,1945039,0.00029970,16.91000000,0
1531172964385,1531172964382,1945040,0.00029970,2.22000000,0
1531172964447,1531172964445,1945041,0.00029970,7.49000000,0
1531172964447,1531172964445,1945042,0.00029980,6.69000000,0
1531172964483,1531172964481,1945043,0.00029980,3.72000000,0
1531172964502,1531172964499,1945044,0.00029820,5.00000000,1
1531172964568,1531172964565,1945045,0.00029980,2.25000000,0
1531172964629,1531172964627,1945046,0.00029980,2.88000000,0
1531172964694,1531172964691,1945047,0.00029980,3.50000000,0
1531172964759,1531172964757,1945048,0.00029840,0.52000000,1
1531172964983,1531172964980,1945049,0.00029840,30.91000000,1
1531172964983,1531172964980,1945050,0.00029820,21.75000000,1
1531172964983,1531172964980,1945051,0.00029770,47.34000000,1
1531172965247,1531172965244,1945052,0.00029960,21.76000000,0
1531172965247,1531172965244,1945053,0.00029970,5.22000000,0
1531172966265,1531172966262,1945054,0.00029950,19.79000000,0
1531172966265,1531172966262,1945055,0.00029970,168.86000000,0
1531172977290,1531172977287,1945056,0.00029860,21.15000000,1
1531172977290,1531172977287,1945057,0.00029850,8.29000000,1
1531172977290,1531172977287,1945058,0.00029790,2.10000000,1
1531172977569,1531172977566,1945059,0.00029940,8.29000000,0
1531172977569,1531172977566,1945060,0.00029970,17.25000000,0
1531172977569,1531172977566,1945061,0.00029980,0.39000000,0
1531172977569,1531172977566,1945062,0.00030020,5.42000000,0
1531172978261,1531172978257,1945063,0.00030010,3.33000000,0
1531172978329,1531172978326,1945064,0.00030000,9.32000000,1
1531172978715,1531172978712,1945065,0.00030000,0.68000000,1
1531172978715,1531172978712,1945066,0.00029930,19.31000000,1
1531172979429,1531172979426,1945067,0.00030010,17.82000000,0
1531172979429,1531172979426,1945068,0.00030020,8.29000000,0
1531172979429,1531172979426,1945069,0.00030030,29.96000000,0
1531172979429,1531172979426,1945070,0.00030040,12.72000000,0
1531172979429,1531172979426,1945071,0.00030060,11.44000000,0
1531172980384,1531172980381,1945072,0.00030060,59.40000000,0
1531172984065,1531172984061,1945073,0.00029940,10.83000000,1
1531172990703,1531172990699,1945074,0.00030060,3.32000000,0
1531173004581,1531173004577,1945075,0.00029940,6.75000000,1
1531173009112,1531173009107,1945076,0.00029950,2.38000000,0
1531173013228,1531173013224,1945077,0.00029870,0.42000000,1
1531173013355,1531173013352,1945078,0.00029870,0.48000000,1
1531173024695,1531173024692,1945079,0.00029870,7.44000000,1
1531173025097,1531173025094,1945080,0.00029870,4.06000000,1
1531173040457,1531173040452,1945081,0.00029940,6.75000000,0
1531173040457,1531173040452,1945082,0.00029950,27.83000000,0
1531173041460,1531173041457,1945083,0.00029950,9.87000000,0
1531173042220,1531173042216,1945084,0.00029950,24.71000000,1
1531173042220,1531173042216,1945085,0.00029870,0.59000000,1
1531173042984,1531173042981,1945086,0.00030010,68.88000000,0
1531173154344,1531173154343,1945087,0.00030000,31.34000000,0
1531173156864,1531173156860,1945088,0.00030000,17.81000000,0
1531173190866,1531173190863,1945089,0.00029990,17.22000000,0
1531173190866,1531173190863,1945090,0.00030020,16.12000000,0
1531173324385,1531173324383,1945091,0.00029870,1.42000000,1
1531173344056,1531173344052,1945092,0.00029870,0.49000000,1
1531173407615,1531173407611,1945093,0.00029870,6.10000000,1
1531173443126,1531173443122,1945094,0.00029900,132.15000000,0
1531173443306,1531173443304,1945095,0.00029900,17.85000000,0
1531173449495,1531173449491,1945096,0.00030020,3.34000000,0
1531173541979,1531173541975,1945097,0.00030020,7.11000000,0
1531173541979,1531173541975,1945098,0.00030070,4.41000000,0
1531173556210,1531173556207,1945099,0.00029950,3.10000000,1
1531173569188,1531173569185,1945100,0.00030060,3.33000000,0
1531173633261,1531173633260,1945101,0.00029980,0.11000000,1
1531173634184,1531173634180,1945102,0.00030090,8.30000000,0
1531173843966,1531173843964,1945103,0.00030080,31.07000000,0
1531173903658,1531173903655,1945104,0.00030080,2.96000000,0
1531174156843,1531174156841,1945105,0.00029980,21.61000000,1
1531174156843,1531174156841,1945106,0.00029930,10.75000000,1
1531174332255,1531174332253,1945107,0.00030060,4.84000000,0
1531174360228,1531174360225,1945108,0.00030060,3.66000000,0
1531174408422,1531174408420,1945109,0.00030060,13.11000000,0
1531174534107,1531174534104,1945110,0.00030080,0.01000000,0
1531174568458,1531174568454,1945111,0.00030080,60.09000000,0
1531174577524,1531174577520,1945112,0.00030080,24.60000000,0
1531174583442,1531174583440,1945113,0.00030080,10.38000000,0
1531174615886,1531174615883,1945114,0.00030080,32.80000000,0
1531174619562,1531174619559,1945115,0.00030080,13.84000000,0
1531174623236,1531174623235,1945116,0.00030080,7.78000000,0
1531174636754,1531174636751,1945117,0.00030080,5.17000000,0
1531174636754,1531174636751,1945118,0.00030090,5.22000000,0
1531174657386,1531174657384,1945119,0.00030090,11.26000000,0
1531174727386,1531174727383,1945120,0.00030090,1.73000000,0
1531174727386,1531174727383,1945121,0.00030110,49.67000000,0
1531174755989,1531174755985,1945122,0.00030110,6.49000000,0
1531174806003,1531174806002,1945123,0.00030110,24.97000000,0
1531174856468,1531174856466,1945124,0.00030100,10.38000000,0
1531174886110,1531174886108,1945125,0.00030100,76.23000000,0
1531174896609,1531174896606,1945126,0.00030100,245.93000000,0
1531174900920,1531174900916,1945127,0.00030100,114.41000000,0
1531174900920,1531174900916,1945128,0.00030110,70.03000000,0
1531174904617,1531174904615,1945129,0.00030110,138.33000000,0
1531174908899,1531174908897,1945130,0.00030110,51.93000000,0
1531174918472,1531174918471,1945131,0.00030110,77.81000000,0
1531174922652,1531174922650,1945132,0.00030110,77.81000000,0
1531174939784,1531174939783,1945133,0.00030110,23.77000000,0
1531175130486,1531175130485,1945134,0.00030110,871.29000000,0
1531175133232,1531175133231,1945135,0.00030130,216.28000000,0
1531175151750,1531175151749,1945136,0.00030130,76.10000000,0
1531175156834,1531175156831,1945137,0.00030130,130.83000000,0
1531175163727,1531175163725,1945138,0.00030130,130.83000000,0
1531175165540,1531175165539,1945139,0.00030130,76.10000000,0
1531175167565,1531175167564,1945140,0.00030130,275.62000000,0
1531175170662,1531175170660,1945141,0.00030130,58.64000000,0
1531175173955,1531175173954,1945142,0.00030130,275.62000000,0
1531175176798,1531175176796,1945143,0.00030130,173.81000000,0
1531175180083,1531175180082,1945144,0.00030130,173.81000000,0
1531175183128,1531175183125,1945145,0.00030130,70.50000000,0
1531175183128,1531175183125,1945146,0.00030140,26.47000000,0
1531175183128,1531175183125,1945147,0.00030150,76.84000000,0
1531175186012,1531175186009,1945148,0.00030150,122.65000000,0
1531175186012,1531175186009,1945149,0.00030170,18.90000000,0
1531175186012,1531175186009,1945150,0.00030180,16.67000000,0
1531175188851,1531175188847,1945151,0.00030180,0.01000000,0
1531175188851,1531175188847,1945152,0.00030190,794.57000000,0
1531175188851,1531175188847,1945153,0.00030210,220.00000000,0
1531175198086,1531175198084,1945154,0.00030200,26.42000000,0
1531175198086,1531175198084,1945155,0.00030210,366.29000000,0
1531175205463,1531175205462,1945156,0.00030210,31.82000000,0
1531175269543,1531175269542,1945157,0.00030210,107.32000000,0
1531175279383,1531175279380,1945158,0.00030210,24.57000000,0
1531175279768,1531175279766,1945159,0.00030210,613.47000000,1
1531175281345,1531175281343,1945160,0.00030240,16.61000000,0
1531175281345,1531175281343,1945161,0.00030250,28.19000000,0
1531175281345,1531175281343,1945162,0.00030270,4.00000000,0
1531175281345,1531175281343,1945163,0.00030330,10.88000000,0
1531175287358,1531175287356,1945164,0.00030280,16.21000000,0
1531175826571,1531175826570,1945165,0.00030160,6.70000000,1
1531175846861,1531175846859,1945166,0.00030180,29.05000000,1
1531175997116,1531175997115,1945167,0.00030200,0.06000000,1
1531176195222,1531176195219,1945168,0.00030250,6.70000000,0
1531176195222,1531176195219,1945169,0.00030260,32.82000000,0
1531176195222,1531176195219,1945170,0.00030270,46.36000000,0
1531176645653,1531176645650,1945171,0.00030200,7.06000000,1
1531177022968,1531177022966,1945172,0.00030280,4.02000000,0
1531177177048,1531177177046,1945173,0.00030280,2.30000000,0
1531177180030,1531177180029,1945174,0.00030280,0.01000000,0
1531177397622,1531177397621,1945175,0.00030200,10.02000000,1
1531177592786,1531177592785,1945176,0.00030280,2.29000000,0
1531177592786,1531177592785,1945177,0.00030330,0.48000000,0
1531177595812,1531177595813,1945178,0.00030330,0.01000000,0
1531177881343,1531177881345,1945179,0.00030330,1.93000000,0
1531177943831,1531177943832,1945180,0.00030210,22.15000000,1
1531177943831,1531177943832,1945181,0.00030200,38.77000000,1
1531177944346,1531177944349,1945182,0.00030200,19.75000000,1
1531177944346,1531177944349,1945183,0.00030190,0.22000000,1
1531177945001,1531177945003,1945184,0.00030190,19.97000000,1
1531177948749,1531177948751,1945185,0.00030190,19.97000000,1
1531177949035,1531177949036,1945186,0.00030190,2.83000000,1
1531177949035,1531177949036,1945187,0.00030160,17.14000000,1
1531177949510,1531177949512,1945188,0.00030160,19.97000000,1
1531177950231,1531177950234,1945189,0.00030160,19.97000000,1
1531177950937,1531177950940,1945190,0.00030160,19.97000000,1
1531177951899,1531177951901,1945191,0.00030160,19.97000000,1
1531177952835,1531177952837,1945192,0.00030160,19.97000000,1
1531177953623,1531177953623,1945193,0.00030170,3.67000000,1
1531177953623,1531177953623,1945194,0.00030160,16.30000000,1
1531177954274,1531177954275,1945195,0.00030160,30.96000000,1
1531177956904,1531177956907,1945196,0.00030160,1.52000000,0
1531177957924,1531177957924,1945197,0.00030150,3.67000000,0
1531178005340,1531178005341,1945198,0.00030160,1.03000000,0
1531178013307,1531178013310,1945199,0.00030160,13.75000000,0
1531178137236,1531178137238,1945200,0.00030060,0.26000000,1
1531178138849,1531178138852,1945201,0.00030120,0.40000000,0
1531178157761,1531178157762,1945202,0.00030120,11.12000000,0
1531178212558,1531178212561,1945203,0.00030060,3.95000000,1
1531178292588,1531178292592,1945204,0.00030060,0.79000000,1
1531178292588,1531178292592,1945205,0.00030050,0.92000000,1
1531178442209,1531178442212,1945206,0.00030060,5.00000000,1
1531178457072,1531178457077,1945207,0.00030060,5.00000000,1
1531178578693,1531178578698,1945208,0.00030050,13.86000000,1
1531178606814,1531178606817,1945209,0.00030050,11.77000000,1
1531178609802,1531178609807,1945210,0.00030050,75.75000000,0
1531178633819,1531178633824,1945211,0.00030050,20.00000000,0
1531178635659,1531178635664,1945212,0.00030050,20.00000000,0
1531178644442,1531178644447,1945213,0.00030050,2.48000000,0
1531178644442,1531178644447,1945214,0.00030110,26.50000000,0
1531178648498,1531178648502,1945215,0.00030060,26.54000000,1
1531178667668,1531178667672,1945216,0.00030160,33.65000000,0
1531178672444,1531178672449,1945217,0.00030160,0.56000000,0
1531178845765,1531178845770,1945218,0.00030030,20.68000000,1
1531178847324,1531178847328,1945219,0.00030010,41.14000000,1
1531178867829,1531178867832,1945220,0.00030100,26.50000000,0
1531178867829,1531178867832,1945221,0.00030150,20.68000000,0
1531178867829,1531178867832,1945222,0.00030170,164.31000000,0
1531178867829,1531178867832,1945223,0.00030180,220.00000000,0
1531178867829,1531178867832,1945224,0.00030200,780.87000000,0
1531178873548,1531178873552,1945225,0.00030310,220.00000000,0
1531178873548,1531178873552,1945226,0.00030320,19.46000000,0
1531178873548,1531178873552,1945227,0.00030330,23.17000000,0
1531178873548,1531178873552,1945228,0.00030340,655.62000000,0
1531178883344,1531178883350,1945229,0.00030180,57.00000000,1
1531178886153,1531178886158,1945230,0.00030190,70.00000000,1
1531178887091,1531178887093,1945231,0.00030350,3.31000000,0
1531178899111,1531178899116,1945232,0.00030200,5.00000000,1
1531178899111,1531178899116,1945233,0.00030170,36.14000000,1
1531178899863,1531178899868,1945234,0.00030180,12.31000000,1
1531178902371,1531178902376,1945235,0.00030180,35.55000000,1
1531178905535,1531178905541,1945236,0.00030280,3.33000000,1
1531178915607,1531178915612,1945237,0.00030280,0.01000000,1
1531178916102,1531178916108,1945238,0.00030240,26.38000000,1
1531178922204,1531178922209,1945239,0.00030190,5.00000000,1
1531178924187,1531178924193,1945240,0.00030180,26.43000000,1
1531178938957,1531178938963,1945241,0.00030130,116.28000000,1
1531178947105,1531178947111,1945242,0.00030140,4.67000000,1
1531178947620,1531178947623,1945243,0.00030130,16.28000000,1
1531179000081,1531179000086,1945244,0.00030100,26.50000000,1
1531179002102,1531179002108,1945245,0.00030100,43.30000000,1
1531179021087,1531179021092,1945246,0.00030080,1322.93000000,1
1531179031837,1531179031842,1945247,0.00030080,0.02000000,1
1531179045242,1531179045246,1945248,0.00030080,49.96000000,1
1531179045814,1531179045819,1945249,0.00030080,262.57000000,1
1531179045928,1531179045933,1945250,0.00030080,117.40000000,1
1531179046254,1531179046260,1945251,0.00030080,5.24000000,1
1531179047430,1531179047436,1945252,0.00030080,224.44000000,1
1531179047719,1531179047725,1945253,0.00030080,4.78000000,1
1531179048464,1531179048470,1945254,0.00030080,117.40000000,1
1531179048894,1531179048899,1945255,0.00030080,183.82000000,1
1531179049023,1531179049030,1945256,0.00030080,18.29000000,1
1531179051635,1531179051640,1945257,0.00030080,2.31000000,1
1531179061292,1531179061298,1945258,0.00030080,100.36000000,1
1531179065196,1531179065202,1945259,0.00030080,19.97000000,1
1531179065829,1531179065835,1945260,0.00030080,19.97000000,1
1531179066924,1531179066928,1945261,0.00030080,10.08000000,1
1531179068883,1531179068886,1945262,0.00030080,19.97000000,1
1531179071426,1531179071432,1945263,0.00030090,4.67000000,0
1531179076829,1531179076833,1945264,0.00030100,4.99000000,0
1531179080096,1531179080102,1945265,0.00030090,49.73000000,1
1531179081866,1531179081870,1945266,0.00030090,4.99000000,1
1531179090174,1531179090180,1945267,0.00030090,33.03000000,1
1531179090174,1531179090180,1945268,0.00030070,162.26000000,1
1531179091368,1531179091374,1945269,0.00030100,0.11000000,0
1531179095609,1531179095614,1945270,0.00030070,134.61000000,1
1531179105688,1531179105693,1945271,0.00030070,7.51000000,1
1531179110084,1531179110091,1945272,0.00030100,194.90000000,0
1531179113186,1531179113191,1945273,0.00030080,31.94000000,1
1531179113415,1531179113420,1945274,0.00030080,9.94000000,1
1531179119874,1531179119879,1945275,0.00030080,194.90000000,1
1531179123612,1531179123618,1945276,0.00030080,6.00000000,1
1531179123913,1531179123919,1945277,0.00030080,4.80000000,1
1531179124828,1531179124833,1945278,0.00030080,5.97000000,1
1531179129731,1531179129735,1945279,0.00030080,19.97000000,1
1531179130463,1531179130469,1945280,0.00030080,19.97000000,1
1531179133351,1531179133356,1945281,0.00030080,19.97000000,1
1531179134235,1531179134239,1945282,0.00030080,19.97000000,1
1531179135000,1531179135006,1945283,0.00030080,19.97000000,1
1531179136044,1531179136048,1945284,0.00030080,19.97000000,1
1531179138810,1531179138816,1945285,0.00030080,50.03000000,1
1531179142334,1531179142337,1945286,0.00030080,50.03000000,1
1531179143571,1531179143577,1945287,0.00030080,19.97000000,1
1531179144974,1531179144979,1945288,0.00030080,50.03000000,1
1531179147174,1531179147180,1945289,0.00030090,29.88000000,1
1531179148611,1531179148616,1945290,0.00030090,1037.84000000,1
1531179148611,1531179148616,1945291,0.00030070,477.31000000,1
1531179149636,1531179149640,1945292,0.00030070,75.07000000,1
1531179150260,1531179150266,1945293,0.00030070,62.52000000,1
1531179151021,1531179151028,1945294,0.00030070,181.82000000,1
1531179151235,1531179151241,1945295,0.00030070,1251.19000000,1
1531179152388,1531179152394,1945296,0.00030070,122.47000000,1
1531179153667,1531179153673,1945297,0.00030070,19.97000000,1
1531179154393,1531179154400,1945298,0.00030070,19.97000000,1
1531179155715,1531179155720,1945299,0.00030070,19.97000000,1
1531179156353,1531179156357,1945300,0.00030070,64.20000000,1
1531179156911,1531179156916,1945301,0.00030080,4.54000000,0
1531179157285,1531179157290,1945302,0.00030070,3485.30000000,1
1531179160680,1531179160683,1945303,0.00030010,19.97000000,1
1531179161412,1531179161418,1945304,0.00030010,19.97000000,1
1531179162428,1531179162433,1945305,0.00030040,135.60000000,0
1531179162490,1531179162496,1945306,0.00030010,19.97000000,1
1531179163226,1531179163232,1945307,0.00030010,19.97000000,1
1531179165060,1531179165063,1945308,0.00030010,40.12000000,1
1531179165060,1531179165063,1945309,0.00029980,3.34000000,1
1531179165060,1531179165063,1945310,0.00029950,26.64000000,1
1531179165060,1531179165063,1945311,0.00029930,5.01000000,1
1531179165060,1531179165063,1945312,0.00029910,5.26000000,1
1531179165060,1531179165063,1945313,0.00029880,17.22000000,1
1531179165060,1531179165063,1945314,0.00029830,179.73000000,1
1531179165060,1531179165063,1945315,0.00029820,6.75000000,1
1531179165060,1531179165063,1945316,0.00029800,66.44000000,1
1531179165060,1531179165063,1945317,0.00029790,431.06000000,1
1531179165060,1531179165063,1945318,0.00029780,21.60000000,1
1531179165889,1531179165894,1945319,0.00029930,19.61000000,0
1531179169484,1531179169485,1945320,0.00029850,1.59000000,1
1531179181596,1531179181602,1945321,0.00029840,26.74000000,1
1531179182404,1531179182409,1945322,0.00029840,4.42000000,0
1531179182404,1531179182409,1945323,0.00029900,26.68000000,0
1531179187486,1531179187493,1945324,0.00029950,12.16000000,0
1531179188492,1531179188496,1945325,0.00029940,24.20000000,0
1531179191840,1531179191844,1945326,0.00029940,4.31000000,0
1531179194165,1531179194170,1945327,0.00029830,16.95000000,1
1531179194198,1531179194204,1945328,0.00029940,141.34000000,0
1531179196171,1531179196174,1945329,0.00029930,80.26000000,0
1531179196171,1531179196174,1945330,0.00029970,26.62000000,0
1531179196171,1531179196174,1945331,0.00030000,17.22000000,0
1531179196171,1531179196174,1945332,0.00030010,122.01000000,0
1531179196171,1531179196174,1945333,0.00030020,56.68000000,0
1531179196171,1531179196174,1945334,0.00030030,34.26000000,0
1531179196739,1531179196745,1945335,0.00029840,80.00000000,1
1531179212379,1531179212385,1945336,0.00029910,21.44000000,0
1531179214329,1531179214334,1945337,0.00029900,79.89000000,0
1531179215148,1531179215153,1945338,0.00029900,0.11000000,0
1531179215148,1531179215153,1945339,0.00029910,0.04000000,0
1531179215148,1531179215153,1945340,0.00029920,2.33000000,0
1531179215239,1531179215244,1945341,0.00029920,3.18000000,0
1531179215328,1531179215333,1945342,0.00029920,2.48000000,0
1531179215342,1531179215347,1945343,0.00029920,3.18000000,0
1531179215351,1531179215356,1945344,0.00029920,3.55000000,0
1531179215393,1531179215398,1945345,0.00029920,3.18000000,0
1531179215598,1531179215601,1945346,0.00029920,0.64000000,0
1531179215598,1531179215601,1945347,0.00030020,2.54000000,0
1531179215634,1531179215640,1945348,0.00030020,3.18000000,0
1531179218454,1531179218460,1945349,0.00029850,32.13000000,1
1531179218454,1531179218460,1945350,0.00029840,32.14000000,1
1531179218503,1531179218508,1945351,0.00029830,12.74000000,0
1531179237250,1531179237256,1945352,0.00029890,4.51000000,1
1531179237250,1531179237256,1945353,0.00029880,15.47000000,1
1531179251783,1531179251788,1945354,0.00029930,64.16000000,0
1531179254075,1531179254081,1945355,0.00029920,29.75000000,0
1531179254303,1531179254308,1945356,0.00029920,0.05000000,0
1531179254303,1531179254308,1945357,0.00029930,0.06000000,0
1531179255858,1531179255862,1945358,0.00029930,0.05000000,0
1531179264243,1531179264246,1945359,0.00029860,117.33000000,1
1531179264504,1531179264509,1945360,0.00029860,19.97000000,1
1531179264580,1531179264585,1945361,0.00029860,49.94000000,1
1531179265732,1531179265735,1945362,0.00029860,19.97000000,1
1531179266460,1531179266467,1945363,0.00029860,94.54000000,0
1531179266464,1531179266470,1945364,0.00029860,0.01000000,0
1531179266485,1531179266490,1945365,0.00029950,26.64000000,0
1531179266485,1531179266490,1945366,0.00030000,67.89000000,0
1531179266844,1531179266850,1945367,0.00029860,84.42000000,0
1531179268498,1531179268504,1945368,0.00029860,19.11000000,1
1531179271614,1531179271620,1945369,0.00029860,117.33000000,1
1531179276687,1531179276692,1945370,0.00029990,1.84000000,0
1531179283869,1531179283874,1945371,0.00029870,11.42000000,1
1531179286404,1531179286408,1945372,0.00029990,76.70000000,0
1531179292530,1531179292535,1945373,0.00029870,23.32000000,1
1531179328697,1531179328701,1945374,0.00029870,21.90000000,1
1531179328697,1531179328701,1945375,0.00029860,62.03000000,1
1531179341647,1531179341653,1945376,0.00029860,19.97000000,1
1531179342456,1531179342463,1945377,0.00029860,19.97000000,1
1531179344474,1531179344479,1945378,0.00029860,19.97000000,1
1531179344840,1531179344845,1945379,0.00029930,42.48000000,0
1531179360217,1531179360223,1945380,0.00029860,49.64000000,1
1531179360979,1531179360985,1945381,0.00029860,12.40000000,1
1531179361409,1531179361415,1945382,0.00029930,3.34000000,0
1531179362393,1531179362399,1945383,0.00029860,7.37000000,1
1531179362718,1531179362723,1945384,0.00029930,2.59000000,0
1531179363786,1531179363791,1945385,0.00029920,21.87000000,0
1531179364802,1531179364808,1945386,0.00029860,46.44000000,1
1531179364802,1531179364808,1945387,0.00029830,3.56000000,1
1531179365810,1531179365816,1945388,0.00029920,31.43000000,0
1531179366418,1531179366424,1945389,0.00029830,0.03000000,1
1531179368383,1531179368388,1945390,0.00029890,32.14000000,0
1531179368388,1531179368393,1945391,0.00029890,0.04000000,0
1531179387060,1531179387066,1945392,0.00029920,0.05000000,0
1531179387060,1531179387066,1945393,0.00029940,90.60000000,0
1531179400146,1531179400152,1945394,0.00029860,6.61000000,1
1531179400146,1531179400152,1945395,0.00029850,13.36000000,1
1531179407192,1531179407198,1945396,0.00029850,167.78000000,1
1531179410735,1531179410740,1945397,0.00029860,22.41000000,1
1531179410757,1531179410761,1945398,0.00029850,72.81000000,0
1531179410758,1531179410764,1945399,0.00029850,0.01000000,0
1531179423719,1531179423725,1945400,0.00029910,2.56000000,0
1531179426741,1531179426746,1945401,0.00029910,0.01000000,0
1531179460916,1531179460923,1945402,0.00029890,1.79000000,0
1531179460950,1531179460955,1945403,0.00029890,2.25000000,0
1531179460950,1531179460955,1945404,0.00029900,0.93000000,0
1531179460995,1531179461000,1945405,0.00029900,2.70000000,0
1531179461019,1531179461026,1945406,0.00029900,3.16000000,0
1531179464580,1531179464586,1945407,0.00029870,4.15000000,1
1531179465517,1531179465523,1945408,0.00029890,22.41000000,0
1531179485767,1531179485773,1945409,0.00029900,0.88000000,0
1531179488771,1531179488778,1945410,0.00029900,0.01000000,0
1531179493068,1531179493075,1945411,0.00029870,0.20000000,1
1531179493068,1531179493075,1945412,0.00029830,1.31000000,1
1531179493666,1531179493673,1945413,0.00029830,1.71000000,1
1531179494137,1531179494142,1945414,0.00029830,19.81000000,1
1531179508382,1531179508389,1945415,0.00029830,7.38000000,1
1531179512498,1531179512503,1945416,0.00029830,109.77000000,1
1531179513676,1531179513684,1945417,0.00029880,3.16000000,0
1531179513709,1531179513716,1945418,0.00029880,3.16000000,0
1531179513764,1531179513771,1945419,0.00029880,3.18000000,0
1531179514842,1531179514848,1945420,0.00029870,167.78000000,0
1531179515826,1531179515831,1945421,0.00029880,124.27000000,0
1531179517769,1531179517775,1945422,0.00029870,23.66000000,0
1531179517838,1531179517844,1945423,0.00029870,19.90000000,0
1531179519075,1531179519082,1945424,0.00029890,54.68000000,0
1531179519445,1531179519452,1945425,0.00029790,0.43000000,1
1531179527234,1531179527239,1945426,0.00029790,97.00000000,1
1531179557083,1531179557090,1945427,0.00029890,3.35000000,0
1531179566392,1531179566397,1945428,0.00029790,29.00000000,1
1531179576903,1531179576906,1945429,0.00029870,26.77000000,0
1531179580428,1531179580434,1945430,0.00029870,0.04000000,0
1531179580428,1531179580434,1945431,0.00029900,2.28000000,0
1531179580573,1531179580579,1945432,0.00029900,3.19000000,0
1531179610507,1531179610513,1945433,0.00029900,3.34000000,0
1531179626037,1531179626045,1945434,0.00029900,0.04000000,0
1531179631821,1531179631826,1945435,0.00029800,0.45000000,1
1531179631955,1531179631962,1945436,0.00029800,117.54000000,1
1531179635645,1531179635651,1945437,0.00029900,4.00000000,0
1531179648634,1531179648641,1945438,0.00029800,23.16000000,1
1531179648634,1531179648641,1945439,0.00029790,16.88000000,1
1531179653274,1531179653280,1945440,0.00029790,0.20000000,1
1531179653274,1531179653280,1945441,0.00029770,25.80000000,1
1531179658656,1531179658662,1945442,0.00029770,0.52000000,1
1531179658757,1531179658761,1945443,0.00029770,0.46000000,1
1531179692669,1531179692675,1945444,0.00029890,538.57000000,0
1531179692697,1531179692704,1945445,0.00029890,538.43000000,0
1531179693703,1531179693710,1945446,0.00029880,208.23000000,0
1531179712809,1531179712815,1945447,0.00029890,2.39000000,0
1531179715836,1531179715842,1945448,0.00029890,0.01000000,0
1531179734531,1531179734538,1945449,0.00029830,2.48000000,0
1531179734547,1531179734553,1945450,0.00029830,0.96000000,0
1531179734547,1531179734553,1945451,0.00029890,0.90000000,0
1531179734602,1531179734609,1945452,0.00029890,4.06000000,0
1531179734670,1531179734677,1945453,0.00029890,4.06000000,0
1531179734679,1531179734686,1945454,0.00029890,4.05000000,0
1531179734756,1531179734762,1945455,0.00029890,4.03000000,0
1531179734863,1531179734866,1945456,0.00029890,3.00000000,0
1531179734869,1531179734876,1945457,0.00029890,4.03000000,0
1531179734903,1531179734908,1945458,0.00029890,3.54000000,0
1531179734923,1531179734929,1945459,0.00029890,2.36000000,0
1531179735003,1531179735008,1945460,0.00029890,3.07000000,0
1531179735156,1531179735161,1945461,0.00029890,4.05000000,0
1531179735166,1531179735173,1945462,0.00029890,3.03000000,0
1531179735186,1531179735191,1945463,0.00029890,4.03000000,0
1531179735232,1531179735236,1945464,0.00029890,3.03000000,0
1531179735321,1531179735325,1945465,0.00029890,3.52000000,0
1531179735388,1531179735393,1945466,0.00029890,3.35000000,0
1531179820329,1531179820335,1945467,0.00029780,20.20000000,1
1531179820329,1531179820335,1945468,0.00029770,0.02000000,1
1531179820329,1531179820335,1945469,0.00029750,10.19000000,1
1531179820329,1531179820335,1945470,0.00029730,1476.15000000,1
1531179820352,1531179820357,1945471,0.00029730,1504.19000000,0
1531179820358,1531179820363,1945472,0.00029730,554.78000000,0
1531179820763,1531179820766,1945473,0.00029720,5.66000000,1
1531179820763,1531179820766,1945474,0.00029680,3.37000000,1
1531179820763,1531179820766,1945475,0.00029660,4.08000000,1
1531179820763,1531179820766,1945476,0.00029650,17.36000000,1
1531179820763,1531179820766,1945477,0.00029600,39.52000000,1
1531179820763,1531179820766,1945478,0.00029590,7.42000000,1
1531179820763,1531179820766,1945479,0.00029570,155.46000000,1
1531179820763,1531179820766,1945480,0.00029560,252.80000000,1
1531179820763,1531179820766,1945481,0.00029540,213.36000000,1
1531179820763,1531179820766,1945482,0.00029530,80.00000000,1
1531179820763,1531179820766,1945483,0.00029510,27.78000000,1
1531179820763,1531179820766,1945484,0.00029500,42.84000000,1
1531179820763,1531179820766,1945485,0.00029500,77.19000000,1
1531179820776,1531179820784,1945486,0.00029500,217.90000000,0
1531179821049,1531179821053,1945487,0.00029600,91.98000000,1
1531179821740,1531179821745,1945488,0.00029660,11.00000000,0
1531179821774,1531179821780,1945489,0.00029660,11.00000000,0
1531179822123,1531179822130,1945490,0.00029600,0.25000000,1
1531179822355,1531179822361,1945491,0.00029660,5.75000000,0
1531179823518,1531179823522,1945492,0.00029570,39.18000000,1
1531179823518,1531179823522,1945493,0.00029490,40.71000000,1
1531179823518,1531179823522,1945494,0.00029470,19.93000000,1
1531179823655,1531179823662,1945495,0.00029460,0.01000000,1
1531179826286,1531179826291,1945496,0.00029540,3.64000000,0
1531179827463,1531179827468,1945497,0.00029620,3.15000000,0
1531179827486,1531179827493,1945498,0.00029620,3.20000000,0
1531179827573,1531179827579,1945499,0.00029620,2.89000000,0
1531179827632,1531179827638,1945500,0.00029620,2.49000000,0
1531179827670,1531179827675,1945501,0.00029620,2.26000000,0
1531179827685,1531179827692,1945502,0.00029620,5.92000000,0
1531179827738,1531179827744,1945503,0.00029620,2.49000000,0
1531179827756,1531179827762,1945504,0.00029620,4.10000000,0
1531179827792,1531179827798,1945505,0.00029620,3.30000000,0
1531179827833,1531179827839,1945506,0.00029620,4.10000000,0
1531179827858,1531179827866,1945507,0.00029560,20.35000000,0
1531179827885,1531179827893,1945508,0.00029620,2.34000000,0
1531179827962,1531179827969,1945509,0.00029620,2.37000000,0
1531179828005,1531179828012,1945510,0.00029620,3.78000000,0
1531179828029,1531179828035,1945511,0.00029620,4.03000000,0
1531179828140,1531179828147,1945512,0.00029620,3.20000000,0
1531179828170,1531179828178,1945513,0.00029620,4.08000000,0
1531179828194,1531179828198,1945514,0.00029620,3.84000000,0
1531179828230,1531179828236,1945515,0.00029620,4.00000000,0
1531179828272,1531179828279,1945516,0.00029620,4.08000000,0
1531179828307,1531179828313,1945517,0.00029620,3.96000000,0
1531179828374,1531179828379,1945518,0.00029620,3.46000000,0
1531179828472,1531179828478,1945519,0.00029620,4.03000000,0
1531179828542,1531179828548,1945520,0.00029560,3.79000000,0
1531179828566,1531179828573,1945521,0.00029560,2.96000000,0
1531179828600,1531179828606,1945522,0.00029560,2.26000000,0
1531179828643,1531179828649,1945523,0.00029560,4.03000000,0
1531179828721,1531179828727,1945524,0.00029560,3.05000000,0
1531179828757,1531179828764,1945525,0.00029560,4.27000000,0
1531179828763,1531179828770,1945526,0.00029620,4.05000000,0
1531179828810,1531179828816,1945527,0.00029620,2.76000000,0
1531179828824,1531179828832,1945528,0.00029620,4.05000000,0
1531179828835,1531179828840,1945529,0.00029620,3.66000000,0
1531179828896,1531179828903,1945530,0.00029620,2.61000000,0
1531179829006,1531179829013,1945531,0.00029620,57.90000000,0
1531179829116,1531179829122,1945532,0.00029630,80.92000000,0
1531179829125,1531179829131,1945533,0.00029630,0.10000000,0
1531179829125,1531179829131,1945534,0.00029650,3.95000000,0
1531179829154,1531179829161,1945535,0.00029650,3.49000000,0
1531179829205,1531179829210,1945536,0.00029650,4.05000000,0
1531179829227,1531179829233,1945537,0.00029650,3.05000000,0
1531179829227,1531179829234,1945538,0.00029650,2.66000000,0
1531179829263,1531179829271,1945539,0.00029650,4.05000000,0
1531179829297,1531179829304,1945540,0.00029560,4.05000000,0
1531179829314,1531179829321,1945541,0.00029560,16.33000000,0
1531179829416,1531179829423,1945542,0.00029640,3.95000000,0
1531179829441,1531179829447,1945543,0.00029640,3.81000000,0
1531179829472,1531179829478,1945544,0.00029640,4.05000000,0
1531179829508,1531179829514,1945545,0.00029640,3.05000000,0
1531179829612,1531179829618,1945546,0.00029550,0.46000000,1
1531179829635,1531179829641,1945547,0.00029550,0.52000000,1
1531179829850,1531179829855,1945548,0.00029550,0.43000000,1
1531179831568,1531179831572,1945549,0.00029640,40.28000000,0
1531179831657,1531179831662,1945550,0.00029640,137.68000000,0
1531179831814,1531179831820,1945551,0.00029640,3.20000000,0
1531179831899,1531179831906,1945552,0.00029630,4.06000000,0
1531179831913,1531179831920,1945553,0.00029630,4.06000000,0
1531179832063,1531179832069,1945554,0.00029630,3.56000000,0
1531179832089,1531179832096,1945555,0.00029630,4.06000000,0
1531179832099,1531179832105,1945556,0.00029630,4.06000000,0
1531179832138,1531179832146,1945557,0.00029630,3.61000000,0
1531179832169,1531179832177,1945558,0.00029630,4.06000000,0
1531179832212,1531179832219,1945559,0.00029630,6.16000000,0
1531179832264,1531179832270,1945560,0.00029630,3.78000000,0
1531179832273,1531179832279,1945561,0.00029630,3.57000000,0
1531179832273,1531179832279,1945562,0.00029640,0.49000000,0
1531179832316,1531179832323,1945563,0.00029640,2.98000000,0
1531179832330,1531179832337,1945564,0.00029640,4.05000000,0
1531179832411,1531179832416,1945565,0.00029640,3.73000000,0
1531179832467,1531179832473,1945566,0.00029640,4.06000000,0
1531179832486,1531179832492,1945567,0.00029640,3.05000000,0
1531179832532,1531179832537,1945568,0.00029640,4.06000000,0
1531179832554,1531179832559,1945569,0.00029640,3.07000000,0
1531179832559,1531179832566,1945570,0.00029640,31.00000000,0
1531179832599,1531179832605,1945571,0.00029640,3.05000000,0
1531179832640,1531179832647,1945572,0.00029640,5.94000000,0
1531179832670,1531179832678,1945573,0.00029640,3.16000000,0
1531179832694,1531179832699,1945574,0.00029640,3.20000000,0
1531179832822,1531179832827,1945575,0.00029640,3.33000000,0
1531179832867,1531179832874,1945576,0.00029640,1.69000000,0
1531179833139,1531179833144,1945577,0.00029550,6.07000000,1
1531179834198,1531179834205,1945578,0.00029640,19.67000000,0
1531179836216,1531179836223,1945579,0.00029650,5.66000000,0
1531179847872,1531179847878,1945580,0.00029550,29.57000000,1
1531179848584,1531179848591,1945581,0.00029550,14.00000000,1
1531179848584,1531179848591,1945582,0.00029530,16.58000000,1
1531179855087,1531179855093,1945583,0.00029530,3.43000000,1
1531179855633,1531179855640,1945584,0.00029530,7.01000000,1
1531179855633,1531179855640,1945585,0.00029490,16.95000000,1
1531179855633,1531179855640,1945586,0.00029440,9.48000000,1
1531179855633,1531179855640,1945587,0.00029410,25.54000000,1
1531179855633,1531179855640,1945588,0.00029390,17.01000000,1
1531179855633,1531179855640,1945589,0.00029380,3.41000000,1
1531179855633,1531179855640,1945590,0.00029350,0.60000000,1
1531179856226,1531179856233,1945591,0.00029410,6.29000000,1
1531179857145,1531179857153,1945592,0.00029410,0.43000000,1
1531179857182,1531179857190,1945593,0.00029410,0.52000000,1
1531179857218,1531179857224,1945594,0.00029410,0.46000000,1
1531179858169,1531179858175,1945595,0.00029540,40.61000000,0
1531179858203,1531179858210,1945596,0.00029540,0.02000000,0
1531179858315,1531179858323,1945597,0.00029440,31.95000000,1
1531179858865,1531179858871,1945598,0.00029460,32.02000000,1
1531179859798,1531179859804,1945599,0.00029540,20.61000000,1
1531179859798,1531179859804,1945600,0.00029420,11.55000000,1
1531179859829,1531179859835,1945601,0.00029600,4.10000000,0
1531179860180,1531179860186,1945602,0.00029530,65.06000000,0
1531179861207,1531179861213,1945603,0.00029540,7.70000000,0
1531179861881,1531179861887,1945604,0.00029540,20.41000000,0
1531179862218,1531179862224,1945605,0.00029490,9.48000000,0
1531179865674,1531179865681,1945606,0.00029530,41.12000000,0
1531179867934,1531179867941,1945607,0.00029540,67.95000000,0
1531179868157,1531179868163,1945608,0.00029540,26.09000000,0
1531179869206,1531179869212,1945609,0.00029550,36.00000000,0
1531179875748,1531179875753,1945610,0.00029510,10.28000000,1
1531179875833,1531179875840,1945611,0.00029510,7.54000000,1
1531179876291,1531179876298,1945612,0.00029510,4.12000000,1
1531179880306,1531179880313,1945613,0.00029510,29.78000000,1
1531179880502,1531179880475,1945614,0.00029640,33.73000000,0
1531179887945,1531179887951,1945615,0.00029570,3.22000000,0
1531179887953,1531179887958,1945616,0.00029570,3.22000000,0
1531179887994,1531179888001,1945617,0.00029570,2.93000000,0
1531179888055,1531179888062,1945618,0.00029570,3.20000000,0
1531179888094,1531179888100,1945619,0.00029570,3.20000000,0
1531179888165,1531179888173,1945620,0.00029570,2.93000000,0
1531179888194,1531179888198,1945621,0.00029570,1.64000000,0
1531179888270,1531179888276,1945622,0.00029630,3.20000000,0
1531179888374,1531179888381,1945623,0.00029630,3.20000000,0
1531179891204,1531179891211,1945624,0.00029560,20.37000000,0
1531179893197,1531179893202,1945625,0.00029560,40.70000000,0
1531179897206,1531179897213,1945626,0.00029590,11.00000000,0
1531179900354,1531179900362,1945627,0.00029590,21.94000000,0
1531179902398,1531179902404,1945628,0.00029600,3.37000000,0
1531179904195,1531179904202,1945629,0.00029570,13.05000000,0
1531179905211,1531179905219,1945630,0.00029560,26.41000000,0
1531179906580,1531179906585,1945631,0.00029570,2.87000000,0
1531179906670,1531179906675,1945632,0.00029570,2.88000000,0
1531179914368,1531179914376,1945633,0.00029610,12.69000000,0
1531179917941,1531179917948,1945634,0.00029500,7.01000000,1
1531179955376,1531179955384,1945635,0.00029570,103.03000000,0
1531179955463,1531179955471,1945636,0.00029570,1.16000000,0
1531179957213,1531179957221,1945637,0.00029550,52.15000000,0
1531179968175,1531179968181,1945638,0.00029500,59.94000000,1
1531179972762,1531179972768,1945639,0.00029500,12.69000000,1
1531180206331,1531180206338,1945640,0.00029630,3.38000000,0
1531180232798,1531180232806,1945641,0.00029590,4.39000000,1
1531180286458,1531180286464,1945642,0.00029630,3.61000000,0
1531180420691,1531180420699,1945643,0.00029530,6.85000000,1
1531180426238,1531180426246,1945644,0.00029530,17.36000000,0
1531180432353,1531180432360,1945645,0.00029500,289.00000000,1
1531180433230,1531180433238,1945646,0.00029500,36.24000000,0
1531180452317,1531180452325,1945647,0.00029450,8.49000000,1
1531180452317,1531180452325,1945648,0.00029410,21.36000000,1
1531180459542,1531180459549,1945649,0.00029440,181.82000000,1
1531180459560,1531180459568,1945650,0.00029440,205.63000000,0
1531180462936,1531180462944,1945651,0.00029400,28.90000000,1
1531180523369,1531180523377,1945652,0.00029570,3.40000000,0
1531180558867,1531180558873,1945653,0.00029570,3.45000000,0
1531180559255,1531180559264,1945654,0.00029570,13.44000000,1
1531180600470,1531180600477,1945655,0.00029400,133.00000000,1
1531180612380,1531180612387,1945656,0.00029540,3.22000000,0
1531180612420,1531180612426,1945657,0.00029540,3.35000000,0
1531180612469,1531180612477,1945658,0.00029540,3.22000000,0
1531180612548,1531180612553,1945659,0.00029540,2.49000000,0
1531180612582,1531180612588,1945660,0.00029540,3.22000000,0
1531180612613,1531180612620,1945661,0.00029540,3.76000000,0
1531180629596,1531180629601,1945662,0.00029540,3.38000000,0
1531180632034,1531180632041,1945663,0.00029380,20.39000000,1
1531180632034,1531180632041,1945664,0.00029360,9.55000000,1
1531180637865,1531180637872,1945665,0.00029470,2.93000000,0
1531180637908,1531180637914,1945666,0.00029470,8.43000000,0
1531180637908,1531180637914,1945667,0.00029480,10.01000000,0
1531180637921,1531180637929,1945668,0.00029480,2.89000000,0
1531180637971,1531180637979,1945669,0.00029480,3.22000000,0
1531180638173,1531180638179,1945670,0.00029480,4.25000000,0
1531180638173,1531180638179,1945671,0.00029490,0.99000000,0
1531180638229,1531180638235,1945672,0.00029490,3.95000000,0
1531180638275,1531180638282,1945673,0.00029490,3.97000000,0
1531180638306,1531180638311,1945674,0.00029490,5.24000000,0
1531180638355,1531180638361,1945675,0.00029490,5.22000000,0
1531180638372,1531180638380,1945676,0.00029490,2.68000000,0
1531180638416,1531180638422,1945677,0.00029490,2.41000000,0
1531180638493,1531180638500,1945678,0.00029490,2.59000000,0
1531180638493,1531180638500,1945679,0.00029610,2.65000000,0
1531180638604,1531180638610,1945680,0.00029610,3.23000000,0
1531180638670,1531180638678,1945681,0.00029610,3.22000000,0
1531180638728,1531180638735,1945682,0.00029610,3.22000000,0
1531180638814,1531180638818,1945683,0.00029610,3.20000000,0
1531180638841,1531180638847,1945684,0.00029610,5.22000000,0
1531180638979,1531180638984,1945685,0.00029610,3.20000000,0
1531180652632,1531180652637,1945686,0.00029570,26.98000000,0
1531180653675,1531180653682,1945687,0.00029580,3.76000000,0
1531180655721,1531180655727,1945688,0.00029450,4.48000000,1
1531180655721,1531180655727,1945689,0.00029440,21.91000000,1
1531180655721,1531180655727,1945690,0.00029420,5.61000000,1
1531180750658,1531180750664,1945691,0.00029420,1.93000000,1
1531180838788,1531180838794,1945692,0.00029420,19.58000000,1
1531180839618,1531180839623,1945693,0.00029420,64.61000000,0
1531180848013,1531180848018,1945694,0.00029510,3.60000000,0
1531180848081,1531180848088,1945695,0.00029510,0.88000000,0
1531180848081,1531180848088,1945696,0.00029530,2.05000000,0
1531180848120,1531180848126,1945697,0.00029530,1.69000000,0
1531180850875,1531180850881,1945698,0.00029400,3.30000000,1
1531180933638,1531180933641,1945699,0.00029520,18.13000000,0
1531181004034,1531181004040,1945700,0.00029520,1.20000000,0
1531181048563,1531181048569,1945701,0.00029400,7.00000000,1
1531181137264,1531181137269,1945702,0.00029400,2.58000000,1
1531181187068,1531181187072,1945703,0.00029400,58.43000000,1
1531181187068,1531181187072,1945704,0.00029390,27.14000000,1
1531181187068,1531181187072,1945705,0.00029360,95.43000000,1
1531181187085,1531181187090,1945706,0.00029360,41.06000000,1
1531181189407,1531181189413,1945707,0.00029490,9.00000000,0
1531181189648,1531181189653,1945708,0.00029350,0.58000000,1
1531181189720,1531181189724,1945709,0.00029350,0.46000000,1
1531181189753,1531181189758,1945710,0.00029350,0.52000000,1
1531181189783,1531181189786,1945711,0.00029350,0.43000000,1
1531181242359,1531181242365,1945712,0.00029360,13.16000000,1
1531181249749,1531181249754,1945713,0.00029350,12.83000000,1
1531181257126,1531181257131,1945714,0.00029460,4.13000000,0
1531181257150,1531181257154,1945715,0.00029460,3.10000000,0
1531181257187,1531181257192,1945716,0.00029450,3.22000000,0
1531181257223,1531181257228,1945717,0.00029450,2.76000000,0
1531181257338,1531181257343,1945718,0.00029450,3.22000000,0
1531181257383,1531181257387,1945719,0.00029450,3.22000000,0
1531181258302,1531181258305,1945720,0.00029450,3.22000000,0
1531181262124,1531181262128,1945721,0.00029440,3.38000000,0
1531181262148,1531181262153,1945722,0.00029440,2.55000000,0
1531181262148,1531181262153,1945723,0.00029480,1.58000000,0
1531181262205,1531181262209,1945724,0.00029480,3.23000000,0
1531181262242,1531181262247,1945725,0.00029480,3.23000000,0
1531181262325,1531181262329,1945726,0.00029480,3.22000000,0
1531181262385,1531181262388,1945727,0.00029480,2.41000000,0
1531181277221,1531181277226,1945728,0.00029360,21.19000000,1
1531181287487,1531181287492,1945729,0.00029440,0.17000000,0
1531181292979,1531181292984,1945730,0.00029440,20.38000000,0
1531181293017,1531181293021,1945731,0.00029440,0.64000000,0
1531181293020,1531181293024,1945732,0.00029470,33.96000000,0
1531181293042,1531181293046,1945733,0.00029450,92.20000000,1
1531181293322,1531181293326,1945734,0.00029470,16.04000000,0
1531181293328,1531181293332,1945735,0.00029450,9.02000000,1
1531181293384,1531181293389,1945736,0.00029470,6.77000000,0
1531181294339,1531181294343,1945737,0.00029440,31.28000000,1
1531181345662,1531181345666,1945738,0.00029380,27.14000000,1
1531181355803,1531181355807,1945739,0.00029430,19.97000000,0
1531181361265,1531181361268,1945740,0.00029350,29.19000000,1
1531181363284,1531181363288,1945741,0.00029430,14.63000000,0
1531181383272,1531181383277,1945742,0.00029430,20.00000000,0
1531181419408,1531181419412,1945743,0.00029360,595.70000000,1
1531181472020,1531181472024,1945744,0.00029430,0.87000000,0
1531181508753,1531181508758,1945745,0.00029360,215.00000000,1
1531181555019,1531181555022,1945746,0.00029430,0.47000000,0
1531181685179,1531181685182,1945747,0.00029430,0.33000000,0
1531181721047,1531181721051,1945748,0.00029360,3.75000000,1
1531181723353,1531181723356,1945749,0.00029360,16.04000000,1
1531181735930,1531181735933,1945750,0.00029430,197.08000000,0
1531181738802,1531181738804,1945751,0.00029470,47.00000000,0
1531181772418,1531181772422,1945752,0.00029500,6.77000000,1
1531181778541,1531181778544,1945753,0.00029400,20.45000000,1
1531181783183,1531181783185,1945754,0.00029380,49.78000000,1
1531181783276,1531181783279,1945755,0.00029380,119.34000000,1
1531181785312,1531181785317,1945756,0.00029390,16.02000000,1
1531181786817,1531181786821,1945757,0.00029500,17.00000000,0
1531181791245,1531181791247,1945758,0.00029480,0.72000000,0
1531181792168,1531181792170,1945759,0.00029380,45.69000000,1
1531181792811,1531181792815,1945760,0.00029380,2.73000000,1
1531181793649,1531181793651,1945761,0.00029380,11.24000000,1
1531181846309,1531181846313,1945762,0.00029470,0.78000000,0
1531181849269,1531181849272,1945763,0.00029470,0.01000000,0
1531181906680,1531181906683,1945764,0.00029390,51.27000000,1
1531181956069,1531181956072,1945765,0.00029390,35.48000000,1
1531181991232,1531181991203,1945766,0.00029400,151.30000000,0
1531181992154,1531181992155,1945767,0.00029400,0.03000000,0
1531181992154,1531181992155,1945768,0.00029470,1.77000000,0
1531181992185,1531181992187,1945769,0.00029470,3.02000000,0
1531181992237,1531181992241,1945770,0.00029470,2.33000000,0
1531181997020,1531181997023,1945771,0.00029470,3.14000000,0
1531181998966,1531181998968,1945772,0.00029470,9.29000000,0
1531182001986,1531182001989,1945773,0.00029470,0.02000000,0
1531182049167,1531182049169,1945774,0.00029400,1.93000000,1
1531182069777,1531182069780,1945775,0.00029470,39.00000000,0
1531182071778,1531182071781,1945776,0.00029470,10.87000000,1
1531182080260,1531182080262,1945777,0.00029480,23.81000000,1
1531182080279,1531182080283,1945778,0.00029470,0.13000000,1
1531182080279,1531182080283,1945779,0.00029400,23.68000000,1
1531182186293,1531182186296,1945780,0.00029540,19.97000000,0
1531182189834,1531182189836,1945781,0.00029600,0.26000000,0
1531182202249,1531182202253,1945782,0.00029600,0.41000000,0
1531182309821,1531182309825,1945783,0.00029430,75.98000000,1
1531182438477,1531182438479,1945784,0.00029480,101.59000000,0
1531182441592,1531182441596,1945785,0.00029490,59.61000000,0
1531182498626,1531182498627,1945786,0.00029560,23.14000000,0
1531182498626,1531182498627,1945787,0.00029570,29.94000000,0
1531182498626,1531182498627,1945788,0.00029590,113.14000000,0
1531182499561,1531182499562,1945789,0.00029590,56.85000000,0
1531182499561,1531182499562,1945790,0.00029600,44.78000000,0
1531182499561,1531182499562,1945791,0.00029610,8.49000000,0
1531182499561,1531182499562,1945792,0.00029630,16.93000000,0
1531182499561,1531182499562,1945793,0.00029660,8.46000000,0
1531182499561,1531182499562,1945794,0.00029670,19.22000000,0
1531182499561,1531182499562,1945795,0.00029770,27.09000000,0
1531182500661,1531182500664,1945796,0.00029770,6.19000000,0
1531182517567,1531182517570,1945797,0.00029760,0.09000000,0
1531182522611,1531182522614,1945798,0.00029620,57.43000000,1
1531182536473,1531182536475,1945799,0.00029610,20.30000000,0
1531182539827,1531182539829,1945800,0.00029590,9.00000000,1
1531182578101,1531182578102,1945801,0.00029600,40.57000000,1
1531182578606,1531182578607,1945802,0.00029600,275.79000000,1
1531182578606,1531182578607,1945803,0.00029590,8.52000000,1
1531182580145,1531182580147,1945804,0.00029610,0.01000000,0
1531182580145,1531182580147,1945805,0.00029620,0.02000000,0
1531182585652,1531182585653,1945806,0.00029620,1.17000000,0
1531182622206,1531182622209,1945807,0.00029590,286.20000000,1
1531182636495,1531182636497,1945808,0.00029550,0.29000000,0
1531182636581,1531182636582,1945809,0.00029540,5.92000000,1
1531182675115,1531182675116,1945810,0.00029550,20.00000000,0
1531182678092,1531182678095,1945811,0.00029550,46.46000000,0
1531182679341,1531182679344,1945812,0.00029550,23.44000000,0
1531182741901,1531182741902,1945813,0.00029530,20.00000000,0
1531182742094,1531182742096,1945814,0.00029530,50.00000000,0
1531182742640,1531182742640,1945815,0.00029530,20.00000000,0
1531182743501,1531182743504,1945816,0.00029530,20.00000000,0
1531182745271,1531182745274,1945817,0.00029530,20.00000000,0
1531182746210,1531182746214,1945818,0.00029530,20.00000000,0
1531182749903,1531182749905,1945819,0.00029530,9.00000000,0
1531182751179,1531182751182,1945820,0.00029530,20.00000000,0
1531182751933,1531182751935,1945821,0.00029530,20.00000000,0
1531182788059,1531182788062,1945822,0.00029470,5.01000000,1
1531182802459,1531182802461,1945823,0.00029530,0.09000000,0
1531182819106,1531182819108,1945824,0.00029530,0.11000000,0
1531182828638,1531182828641,1945825,0.00029490,50.66000000,0
1531182843357,1531182843357,1945826,0.00029480,0.01000000,1
1531182866242,1531182866244,1945827,0.00029480,60.29000000,1
1531182883968,1531182883968,1945828,0.00029480,3.13000000,0
1531182883968,1531182883968,1945829,0.00029500,94.77000000,0
1531182884262,1531182884237,1945830,0.00029500,52.70000000,0
1531182884838,1531182884840,1945831,0.00029500,94.80000000,0
1531182887686,1531182887688,1945832,0.00029500,309.98000000,0
1531182892577,1531182892577,1945833,0.00029470,8.00000000,1
1531182892577,1531182892577,1945834,0.00029460,59.86000000,1
1531182892577,1531182892577,1945835,0.00029450,26.94000000,1
1531182915554,1531182915555,1945836,0.00029570,0.04000000,0
1531182982228,1531182982230,1945837,0.00029570,100.00000000,0
1531182984607,1531182984609,1945838,0.00029570,0.58000000,0
1531183117681,1531183117680,1945839,0.00029560,0.37000000,0
1531183185025,1531183185026,1945840,0.00029550,33.75000000,0
1531183187794,1531183187795,1945841,0.00029550,67.55000000,1
1531183206354,1531183206355,1945842,0.00029570,1.86000000,0
1531183264654,1531183264654,1945843,0.00029570,21.75000000,0
1531183264654,1531183264654,1945844,0.00029580,438.60000000,0
1531183299972,1531183299971,1945845,0.00029570,739.00000000,0
1531183299972,1531183299971,1945846,0.00029590,477.09000000,0
1531183299972,1531183299971,1945847,0.00029600,995.24000000,0
1531183308362,1531183308361,1945848,0.00029650,26.91000000,0
1531183406323,1531183406324,1945849,0.00029570,14.19000000,1
1531183410349,1531183410349,1945850,0.00029560,7.98000000,1
1531183410568,1531183410569,1945851,0.00029590,9.00000000,0
1531183491405,1531183491405,1945852,0.00029680,14.19000000,0
1531183491405,1531183491405,1945853,0.00029690,5.81000000,0
1531183506213,1531183506213,1945854,0.00029690,11.15000000,0
1531183506213,1531183506213,1945855,0.00029700,8.85000000,0
1531183508296,1531183508296,1945856,0.00029690,20.00000000,0
1531183511118,1531183511117,1945857,0.00029690,20.00000000,0
1531183533250,1531183533248,1945858,0.00029690,0.01000000,0
1531183541722,1531183541721,1945859,0.00029690,16.03000000,0
1531183541722,1531183541721,1945860,0.00029700,3.97000000,0
1531183542437,1531183542436,1945861,0.00029700,20.00000000,0
1531183548799,1531183548799,1945862,0.00029750,20.00000000,0
1531183553510,1531183553508,1945863,0.00029750,6.82000000,0
1531183553510,1531183553508,1945864,0.00029760,13.18000000,0
1531183558506,1531183558505,1945865,0.00029770,78.85000000,0
1531183558506,1531183558505,1945866,0.00029780,4.39000000,0
1531183558506,1531183558505,1945867,0.00029810,49.97000000,0
1531183584575,1531183584575,1945868,0.00029720,16.63000000,0
1531183609625,1531183609624,1945869,0.00029780,33.56000000,0
1531183611357,1531183611357,1945870,0.00029660,6.27000000,1
1531183615395,1531183615395,1945871,0.00029660,5.01000000,1
1531183619170,1531183619169,1945872,0.00029670,4.01000000,1
1531183622640,1531183622640,1945873,0.00029660,10.43000000,1
1531183628844,1531183628841,1945874,0.00029770,4.01000000,0
1531183628844,1531183628841,1945875,0.00029780,15.99000000,0
1531183630295,1531183630295,1945876,0.00029660,39.34000000,1
1531183634114,1531183634111,1945877,0.00029660,29.49000000,1
1531183636639,1531183636637,1945878,0.00029670,22.91000000,1
1531183644595,1531183644592,1945879,0.00029660,12.76000000,1
1531183649928,1531183649928,1945880,0.00029660,10.21000000,1
1531183653346,1531183653343,1945881,0.00029660,14.42000000,1
1531183654282,1531183654281,1945882,0.00029680,20.00000000,0
1531183663810,1531183663808,1945883,0.00029660,34.33000000,1
1531183671633,1531183671633,1945884,0.00029660,4.48000000,1
1531183700081,1531183700081,1945885,0.00029680,33.69000000,0
1531183756849,1531183756848,1945886,0.00029680,6.55000000,0
1531183758254,1531183758254,1945887,0.00029680,8.19000000,0
1531183785881,1531183785880,1945888,0.00029680,8.73000000,0
1531183787833,1531183787831,1945889,0.00029680,7.41000000,0
1531183863486,1531183863483,1945890,0.00029680,7.41000000,0
1531183863486,1531183863483,1945891,0.00029740,0.14000000,0
1531183911511,1531183911508,1945892,0.00029610,17.11000000,1
1531183932368,1531183932366,1945893,0.00029740,10.95000000,0
1531183932368,1531183932366,1945894,0.00029820,13.05000000,0
1531183933756,1531183933755,1945895,0.00029790,10.34000000,0
1531183935294,1531183935292,1945896,0.00029610,9.83000000,1
1531183952159,1531183952159,1945897,0.00029610,0.41000000,0
1531183954790,1531183954790,1945898,0.00029670,8.30000000,0
1531183956479,1531183956477,1945899,0.00029630,6.77000000,1
1531183970265,1531183970264,1945900,0.00029760,12.01000000,0
1531183971266,1531183971265,1945901,0.00029760,9.21000000,0
1531183979640,1531183979639,1945902,0.00029750,9.60000000,0
1531184002886,1531184002883,1945903,0.00029750,0.26000000,0
1531184002886,1531184002883,1945904,0.00029770,49.74000000,0
1531184034714,1531184034713,1945905,0.00029770,10.01000000,0
1531184036364,1531184036360,1945906,0.00029770,10.01000000,0
1531184036958,1531184036957,1945907,0.00029770,50.00000000,0
1531184049787,1531184049785,1945908,0.00029770,8.34000000,0
1531184091297,1531184091294,1945909,0.00029740,4.70000000,0
1531184178538,1531184178536,1945910,0.00029700,12.80000000,1
1531184179398,1531184179395,1945911,0.00029700,6.54000000,0
1531184180636,1531184180635,1945912,0.00029700,6.54000000,0
1531184188295,1531184188291,1945913,0.00029700,10.00000000,0
1531184199787,1531184199785,1945914,0.00029630,15.28000000,1
1531184222882,1531184222879,1945915,0.00029630,11.12000000,1
1531184249071,1531184249068,1945916,0.00029640,0.67000000,1
1531184250276,1531184250272,1945917,0.00029630,0.52000000,1
1531184250276,1531184250272,1945918,0.00029590,0.15000000,1
1531184286793,1531184286792,1945919,0.00029640,0.49000000,1
1531184290528,1531184290527,1945920,0.00029590,0.49000000,1
1531184385644,1531184385642,1945921,0.00029770,16.56000000,0
1531184386831,1531184386829,1945922,0.00029770,16.56000000,0
1531184421475,1531184421472,1945923,0.00029760,46.00000000,0
1531184423164,1531184423161,1945924,0.00029760,8.39000000,0
1531184482195,1531184482192,1945925,0.00029760,5.52000000,0
1531184482195,1531184482192,1945926,0.00029770,25.48000000,0
1531184483869,1531184483866,1945927,0.00029770,12.98000000,0
1531184484472,1531184484470,1945928,0.00029760,24.00000000,0
1531184498726,1531184498724,1945929,0.00029760,31.00000000,0
1531184524301,1531184524297,1945930,0.00029760,24.00000000,0
1531184526038,1531184526034,1945931,0.00029760,9.34000000,0
1531184566134,1531184566131,1945932,0.00029770,335.90000000,0
1531184572261,1531184572259,1945933,0.00029770,46.00000000,0
1531184579711,1531184579707,1945934,0.00029660,0.01000000,1
1531184581909,1531184581908,1945935,0.00029650,0.01000000,1
1531184606606,1531184606603,1945936,0.00029770,37.00000000,0
1531184644709,1531184644704,1945937,0.00029770,46.00000000,0
1531184644818,1531184644814,1945938,0.00029770,15.08000000,0
1531184659530,1531184659527,1945939,0.00029770,37.00000000,0
1531184662255,1531184662252,1945940,0.00029650,118.31000000,1
1531184663819,1531184663816,1945941,0.00029660,160.11000000,1
1531184664335,1531184664332,1945942,0.00029660,2.22000000,1
1531184666963,1531184666959,1945943,0.00029660,0.27000000,1
1531184666963,1531184666959,1945944,0.00029630,45.96000000,1
1531184668500,1531184668494,1945945,0.00029630,52.44000000,1
1531184670366,1531184670362,1945946,0.00029630,91.25000000,1
1531184678346,1531184678343,1945947,0.00029630,91.31000000,1
1531184697733,1531184697730,1945948,0.00029760,33.00000000,0
1531184734484,1531184734481,1945949,0.00029740,15.02000000,0
1531184743101,1531184743097,1945950,0.00029730,36.00000000,0
1531184744077,1531184744074,1945951,0.00029730,36.00000000,0
1531184787748,1531184787744,1945952,0.00029630,0.69000000,1
1531184795825,1531184795820,1945953,0.00029600,0.34000000,1
1531184801811,1531184801808,1945954,0.00029740,11.99000000,0
1531184803844,1531184803839,1945955,0.00029740,8.70000000,0
1531184805545,1531184805541,1945956,0.00029740,8.70000000,0
1531184822584,1531184822580,1945957,0.00029730,14.79000000,0
1531184824620,1531184824618,1945958,0.00029730,7.40000000,0
1531184826627,1531184826623,1945959,0.00029730,7.40000000,0
1531184838053,1531184838050,1945960,0.00029610,0.23000000,1
1531184845837,1531184845833,1945961,0.00029740,15.47000000,0
1531184847823,1531184847817,1945962,0.00029740,15.47000000,0
1531184879280,1531184879277,1945963,0.00029750,33.00000000,0
1531184879777,1531184879773,1945964,0.00029750,7.34000000,0
1531184904192,1531184904188,1945965,0.00029750,16.66000000,0
1531184905424,1531184905419,1945966,0.00029750,16.66000000,0
1531184910955,1531184910950,1945967,0.00029640,20.94000000,1
1531184921799,1531184921795,1945968,0.00029610,0.33000000,1
1531184924841,1531184924838,1945969,0.00029690,16.66000000,0
1531184927302,1531184927299,1945970,0.00029690,4.28000000,0
1531184927302,1531184927299,1945971,0.00029720,4.05000000,0
1531184927780,1531184927776,1945972,0.00029720,8.33000000,0
1531184948830,1531184948825,1945973,0.00029720,16.70000000,0
1531184950526,1531184950522,1945974,0.00029720,16.70000000,0
1531184970858,1531184970855,1945975,0.00029710,15.46000000,0
1531184972864,1531184972859,1945976,0.00029710,7.98000000,0
1531185004313,1531185004310,1945977,0.00029730,26.83000000,0
1531185004313,1531185004310,1945978,0.00029750,3.17000000,0
1531185004806,1531185004802,1945979,0.00029750,9.81000000,0
1531185051709,1531185051703,1945980,0.00029650,3.38000000,1
1531185051709,1531185051703,1945981,0.00029630,2.68000000,1
1531185053661,1531185053656,1945982,0.00029740,17.39000000,0
1531185053661,1531185053656,1945983,0.00029750,28.61000000,0
1531185091287,1531185091282,1945984,0.00029760,32.41000000,0
1531185091287,1531185091282,1945985,0.00029770,13.59000000,0
1531185115169,1531185115165,1945986,0.00029770,37.00000000,0
1531185159786,1531185159782,1945987,0.00029640,1.44000000,1
1531185161978,1531185161974,1945988,0.00029630,1.44000000,1
1531185162438,1531185162434,1945989,0.00029770,6.69000000,0
1531185163442,1531185163439,1945990,0.00029770,10.02000000,0
1531185164678,1531185164673,1945991,0.00029770,13.36000000,0
1531185233746,1531185233740,1945992,0.00029770,0.62000000,0
1531185271588,1531185271583,1945993,0.00029660,23.62000000,1
1531185271856,1531185271852,1945994,0.00029660,26.38000000,0
1531185313152,1531185313148,1945995,0.00029630,12.70000000,1
1531185493681,1531185493676,1945996,0.00029630,3.94000000,1
1531185497500,1531185497490,1945997,0.00029630,0.33000000,1
1531185608328,1531185608322,1945998,0.00029730,23.62000000,0
1531185608328,1531185608322,1945999,0.00029770,10.01000000,0
1531185645547,1531185645540,1946000,0.00029650,0.56000000,1
1531185647521,1531185647514,1946001,0.00029630,0.09000000,1
1531185647729,1531185647724,1946002,0.00029630,0.56000000,1
1531185778282,1531185778275,1946003,0.00029650,23.87000000,1
1531185799917,1531185799911,1946004,0.00029640,0.04000000,1
1531185856982,1531185856977,1946005,0.00029630,0.06000000,1
1531185982856,1531185982849,1946006,0.00029760,8.36000000,0
1531186029594,1531186029586,1946007,0.00029760,6.40000000,0
1531186056614,1531186056609,1946008,0.00029760,0.04000000,0
1531186069835,1531186069828,1946009,0.00029760,6.23000000,0
1531186125141,1531186125135,1946010,0.00029760,2.84000000,0
1531186125141,1531186125135,1946011,0.00029770,805.17000000,0
1531186126185,1531186126180,1946012,0.00029770,7.81000000,0
1531186127874,1531186127867,1946013,0.00029770,6.17000000,0
1531186129397,1531186129391,1946014,0.00029770,6.17000000,0
1531186135724,1531186135719,1946015,0.00029650,19.97000000,1
1531186142812,1531186142806,1946016,0.00029630,19.97000000,1
1531186144023,1531186144018,1946017,0.00029630,19.97000000,1
1531186146823,1531186146817,1946018,0.00029760,8.36000000,0
1531186148160,1531186148154,1946019,0.00029760,6.39000000,0
1531186149037,1531186149030,1946020,0.00029630,19.97000000,1
1531186149840,1531186149834,1946021,0.00029630,19.97000000,1
1531186150539,1531186150533,1946022,0.00029630,19.97000000,1
1531186170693,1531186170687,1946023,0.00029760,5.22000000,0
1531186170693,1531186170687,1946024,0.00029770,1.19000000,0
1531186171558,1531186171553,1946025,0.00029770,6.33000000,0
1531186172399,1531186172393,1946026,0.00029770,6.41000000,0
1531186183787,1531186183782,1946027,0.00029650,19.97000000,1
1531186186034,1531186186028,1946028,0.00029650,146.88000000,1
1531186188782,1531186188777,1946029,0.00029650,0.20000000,1
1531186188782,1531186188777,1946030,0.00029630,19.77000000,1
1531186196249,1531186196244,1946031,0.00029630,0.44000000,1
1531186216812,1531186216807,1946032,0.00029760,13.81000000,0
1531186218430,1531186218423,1946033,0.00029760,13.78000000,0
1531186231384,1531186231379,1946034,0.00029760,27.00000000,0
1531186232746,1531186232740,1946035,0.00029760,12.58000000,0
1531186249245,1531186249238,1946036,0.00029650,19.97000000,1
1531186296611,1531186296606,1946037,0.00029740,19.97000000,0
1531186296611,1531186296606,1946038,0.00029750,26.03000000,0
1531186297459,1531186297454,1946039,0.00029750,12.73000000,0
1531186297995,1531186297989,1946040,0.00029650,19.97000000,1
1531186298545,1531186298539,1946041,0.00029750,8.13000000,0
1531186336345,1531186336340,1946042,0.00029640,3.38000000,1
1531186336345,1531186336340,1946043,0.00029630,16.59000000,1
1531186345881,1531186345877,1946044,0.00029720,7.69000000,0
1531186347663,1531186347658,1946045,0.00029710,6.11000000,0
1531186348968,1531186348963,1946046,0.00029710,6.11000000,0
1531186381764,1531186381757,1946047,0.00029630,0.11000000,1
1531186404226,1531186404221,1946048,0.00029710,7.75000000,0
1531186404226,1531186404221,1946049,0.00029720,3.38000000,0
1531186404226,1531186404221,1946050,0.00029740,15.87000000,0
1531186481707,1531186481702,1946051,0.00029640,19.97000000,1
1531186482501,1531186482495,1946052,0.00029740,6.09000000,0
1531186483725,1531186483718,1946053,0.00029630,2.91000000,1
1531186483725,1531186483718,1946054,0.00029600,16.55000000,1
1531186483725,1531186483718,1946055,0.00029530,15.76000000,1
1531186483725,1531186483718,1946056,0.00029530,4.40000000,1
1531186485714,1531186485709,1946057,0.00029700,7.41000000,0
1531186486732,1531186486727,1946058,0.00029690,9.78000000,0
1531186488004,1531186487999,1946059,0.00029690,7.32000000,0
1531186519430,1531186519426,1946060,0.00029690,8.35000000,0
1531186540333,1531186540326,1946061,0.00029700,7.28000000,0
1531186589556,1531186589552,1946062,0.00029690,6.97000000,0
1531186590982,1531186590977,1946063,0.00029690,6.97000000,0
1531186591884,1531186591877,1946064,0.00029690,0.74000000,0
1531186591884,1531186591877,1946065,0.00029700,6.29000000,0
1531186647139,1531186647134,1946066,0.00029700,3.26000000,0
1531186647139,1531186647134,1946067,0.00029740,23.74000000,0
1531186648741,1531186648734,1946068,0.00029740,12.07000000,0
1531186792128,1531186792123,1946069,0.00029740,28.00000000,0
1531186792852,1531186792845,1946070,0.00029740,28.00000000,0
1531186877594,1531186877588,1946071,0.00029740,28.00000000,0
1531186928344,1531186928338,1946072,0.00029740,17.63000000,0
1531186928344,1531186928338,1946073,0.00029750,10.37000000,0
1531186996870,1531186996865,1946074,0.00029660,21.70000000,1
1531187001142,1531187001138,1946075,0.00029650,4.20000000,1
1531187001142,1531187001138,1946076,0.00029600,15.77000000,1
1531187011288,1531187011282,1946077,0.00029740,21.70000000,0
1531187011288,1531187011282,1946078,0.00029750,2.30000000,0
1531187011914,1531187011909,1946079,0.00029750,24.00000000,0
1531187012272,1531187012266,1946080,0.00029750,6.77000000,0
1531187012294,1531187012288,1946081,0.00029750,86.17000000,0
1531187012299,1531187012295,1946082,0.00029750,86.38000000,0
1531187012364,1531187012358,1946083,0.00029620,7.07000000,1
1531187015397,1531187015391,1946084,0.00029630,7.07000000,1
1531187015414,1531187015409,1946085,0.00029630,14.03000000,1
1531187015414,1531187015409,1946086,0.00029620,72.13000000,1
1531187015536,1531187015530,1946087,0.00029630,0.01000000,1
1531187138234,1531187138229,1946088,0.00029720,21.10000000,0
1531187138234,1531187138229,1946089,0.00029730,4.20000000,0
1531187138234,1531187138229,1946090,0.00029750,33.73000000,0
1531187266199,1531187266195,1946091,0.00029750,26.00000000,0
1531187318820,1531187318814,1946092,0.00029750,7.12000000,0
1531187320221,1531187320216,1946093,0.00029750,7.17000000,0
1531187321765,1531187321761,1946094,0.00029750,9.71000000,0
1531187322592,1531187322586,1946095,0.00029750,7.45000000,0
1531187490530,1531187490525,1946096,0.00029740,10.52000000,0
1531187492577,1531187492572,1946097,0.00029740,10.06000000,0
1531187568772,1531187568766,1946098,0.00029740,6.46000000,0
1531187570091,1531187570087,1946099,0.00029740,6.46000000,0
1531187685349,1531187685345,1946100,0.00029610,30.04000000,1
1531187718151,1531187718145,1946101,0.00029740,33.62000000,0
1531187725160,1531187725157,1946102,0.00029650,0.04000000,1
1531187795339,1531187795335,1946103,0.00029650,134.42000000,0
1531187873191,1531187873185,1946104,0.00029640,0.09000000,1
1531187874653,1531187874648,1946105,0.00029600,0.09000000,1
1531187958762,1531187958757,1946106,0.00029620,119.01000000,1
1531187958762,1531187958757,1946107,0.00029610,177.14000000,1
1531187959305,1531187959301,1946108,0.00029610,4.14000000,1
1531187960807,1531187960803,1946109,0.00029610,0.54000000,1
1531187960807,1531187960803,1946110,0.00029600,11.09000000,1
1531187960807,1531187960803,1946111,0.00029550,30.28000000,1
1531187961054,1531187961049,1946112,0.00029550,120.20000000,1
1531188002711,1531188002707,1946113,0.00029570,23.75000000,1
1531188005202,1531188005198,1946114,0.00029600,46.00000000,0
1531188005658,1531188005654,1946115,0.00029590,33.19000000,0
1531188037316,1531188037313,1946116,0.00029570,144.68000000,1
1531188042922,1531188042919,1946117,0.00029510,0.49000000,1
1531188052389,1531188052384,1946118,0.00029570,4.60000000,0
1531188368845,1531188368839,1946119,0.00029510,41.27000000,1
1531188368845,1531188368839,1946120,0.00029500,27.04000000,1
1531188368845,1531188368839,1946121,0.00029420,22.10000000,1
1531188368845,1531188368839,1946122,0.00029410,17.50000000,1
1531188368845,1531188368839,1946123,0.00029390,47.40000000,1
1531188368845,1531188368839,1946124,0.00029380,280.76000000,1
1531188373143,1531188373139,1946125,0.00029400,0.17000000,1
1531188376038,1531188376035,1946126,0.00029540,0.11000000,0
1531188394950,1531188394948,1946127,0.00029520,9.00000000,0
1531188423850,1531188423846,1946128,0.00029470,0.02000000,0
1531188433822,1531188433818,1946129,0.00029470,6.42000000,0
1531188557718,1531188557714,1946130,0.00029400,26.97000000,1
1531188558052,1531188558047,1946131,0.00029400,54.00000000,0
1531188559113,1531188559109,1946132,0.00029400,54.00000000,0
1531188560254,1531188560251,1946133,0.00029400,34.00000000,0
1531188565561,1531188565557,1946134,0.00029400,53.00000000,0
1531188566441,1531188566436,1946135,0.00029400,27.00000000,0
1531188576645,1531188576641,1946136,0.00029400,19.98000000,0
1531188610696,1531188610691,1946137,0.00029400,49.95000000,0
1531188612545,1531188612542,1946138,0.00029380,6.42000000,1
1531188616835,1531188616831,1946139,0.00029400,39.79000000,0
1531188616908,1531188616904,1946140,0.00029400,36.69000000,0
1531188616997,1531188616994,1946141,0.00029400,45.31000000,0
1531188620629,1531188620624,1946142,0.00029460,3.79000000,0
1531188620719,1531188620714,1946143,0.00029460,3.35000000,0
1531188625976,1531188625972,1946144,0.00029460,0.07000000,0
1531188629980,1531188629975,1946145,0.00029460,19.87000000,0
1531188629980,1531188629975,1946146,0.00029470,0.05000000,0
1531188751866,1531188751863,1946147,0.00029470,2.17000000,0
1531188819203,1531188819199,1946148,0.00029390,0.59000000,1
1531188829821,1531188829818,1946149,0.00029470,8.84000000,0
1531188829821,1531188829818,1946150,0.00029540,5.10000000,0
1531188829821,1531188829818,1946151,0.00029560,19.99000000,0
1531188907711,1531188907708,1946152,0.00029410,21.05000000,1
1531188907711,1531188907708,1946153,0.00029400,27.14000000,1
1531188908351,1531188908348,1946154,0.00029400,551.81000000,0
1531188909013,1531188909010,1946155,0.00029400,7.78000000,1
1531188909013,1531188909010,1946156,0.00029380,1495.82000000,1
1531188909013,1531188909010,1946157,0.00029360,6394.62000000,1
1531188909048,1531188909044,1946158,0.00029360,138.93000000,0
1531188909061,1531188909057,1946159,0.00029360,23.75000000,0
1531188909673,1531188909670,1946160,0.00029360,95.26000000,0
1531188914556,1531188914553,1946161,0.00029360,1.80000000,0
1531188914612,1531188914608,1946162,0.00029360,3.55000000,0
1531188914637,1531188914635,1946163,0.00029360,2.42000000,0
1531188914685,1531188914681,1946164,0.00029360,4.13000000,0
1531188914726,1531188914721,1946165,0.00029360,4.62000000,0
1531188914738,1531188914735,1946166,0.00029360,4.13000000,0
1531188914794,1531188914789,1946167,0.00029360,4.13000000,0
1531188914913,1531188914909,1946168,0.00029360,5.44000000,0
1531188918788,1531188918785,1946169,0.00029360,5.84000000,0
1531188930124,1531188930120,1946170,0.00029360,4.38000000,0
1531188948081,1531188948077,1946171,0.00029360,47.33000000,0
1531188949005,1531188949002,1946172,0.00029360,431.74000000,0
1531188970002,1531188969998,1946173,0.00029360,381.42000000,0
1531188971107,1531188971102,1946174,0.00029360,28.55000000,1
1531188974430,1531188974427,1946175,0.00029370,24.60000000,1
1531188982906,1531188982902,1946176,0.00029370,19.49000000,1
1531188983196,1531188983191,1946177,0.00029430,7.85000000,0
1531189063751,1531189063749,1946178,0.00029370,184.70000000,1
1531189064182,1531189064180,1946179,0.00029370,2.86000000,1
1531189065691,1531189065687,1946180,0.00029370,7.85000000,1
1531189068698,1531189068698,1946181,0.00029370,33.65000000,1
1531189071678,1531189071676,1946182,0.00029370,15.02000000,1
1531189071709,1531189071705,1946183,0.00029370,23.75000000,1
1531189104168,1531189104165,1946184,0.00029370,7.07000000,1
1531189104168,1531189104165,1946185,0.00029360,560.54000000,1
1531189132101,1531189132098,1946186,0.00029360,3.40000000,0
1531189150096,1531189150094,1946187,0.00029360,4.88000000,0
1531189153110,1531189153107,1946188,0.00029360,0.01000000,0
1531189155710,1531189155707,1946189,0.00029350,0.01000000,1
1531189155710,1531189155707,1946190,0.00029330,58.05000000,1
1531189157913,1531189157910,1946191,0.00029330,1.01000000,1
1531189162145,1531189162142,1946192,0.00029330,3.23000000,0
1531189162153,1531189162149,1946193,0.00029330,4.15000000,0
1531189162266,1531189162265,1946194,0.00029330,4.13000000,0
1531189162296,1531189162292,1946195,0.00029330,4.11000000,0
1531189162415,1531189162413,1946196,0.00029330,3.35000000,0
1531189162415,1531189162413,1946197,0.00029360,0.76000000,0
1531189162445,1531189162441,1946198,0.00029360,3.51000000,0
1531189162500,1531189162498,1946199,0.00029360,3.07000000,0
1531189162553,1531189162550,1946200,0.00029300,0.58000000,1
1531189163284,1531189163281,1946201,0.00029360,0.32000000,0
1531189172907,1531189172902,1946202,0.00029300,0.06000000,1
1531189177867,1531189177864,1946203,0.00029300,3.50000000,1
1531189177867,1531189177864,1946204,0.00029290,10.35000000,1
1531189177867,1531189177864,1946205,0.00029280,35.84000000,1
1531189177867,1531189177864,1946206,0.00029240,926.31000000,1
1531189181867,1531189181863,1946207,0.00029300,4.11000000,0
1531189181921,1531189181918,1946208,0.00029300,12.78000000,0
1531189181921,1531189181918,1946209,0.00029360,17.87000000,0
1531189181938,1531189181936,1946210,0.00029360,4.13000000,0
1531189182022,1531189182018,1946211,0.00029360,4.74000000,0
1531189182039,1531189182034,1946212,0.00029240,0.58000000,1
1531189182091,1531189182088,1946213,0.00029240,0.58000000,1
1531189191227,1531189191223,1946214,0.00029360,7.56000000,0
1531189213510,1531189213508,1946215,0.00029240,303.04000000,1
1531189227284,1531189227279,1946216,0.00029240,10.37000000,1
1531189227870,1531189227868,1946217,0.00029240,4.15000000,1
1531189236115,1531189236112,1946218,0.00029360,358.14000000,0
1531189282924,1531189282921,1946219,0.00029370,0.08000000,0
1531189335609,1531189335607,1946220,0.00029260,391.73000000,1
1531189336073,1531189336069,1946221,0.00029260,5.93000000,1
1531189336484,1531189336481,1946222,0.00029260,85.80000000,1
1531189336963,1531189336959,1946223,0.00029260,181.82000000,1
1531189337261,1531189337259,1946224,0.00029260,391.81000000,1
1531189337731,1531189337728,1946225,0.00029260,6.11000000,1
1531189342242,1531189342238,1946226,0.00029360,5.94000000,0
1531189347087,1531189347084,1946227,0.00029260,39.33000000,1
1531189350057,1531189350053,1946228,0.00029260,54.00000000,1
1531189350375,1531189350373,1946229,0.00029260,67.10000000,1
1531189360688,1531189360685,1946230,0.00029260,79.54000000,1
1531189374904,1531189374901,1946231,0.00029360,15.11000000,0
1531189374904,1531189374901,1946232,0.00029370,18.94000000,0
1531189398125,1531189398123,1946233,0.00029270,5.30000000,1
1531189405590,1531189405588,1946234,0.00029260,6.47000000,1
1531189411940,1531189411940,1946235,0.00029260,69.64000000,1
1531189438991,1531189438991,1946236,0.00029360,0.02000000,0
1531189450822,1531189450818,1946237,0.00029360,387.89000000,0
1531189451252,1531189451249,1946238,0.00029360,98.75000000,1
1531189552504,1531189552500,1946239,0.00029340,3.40000000,0
1531189558403,1531189558401,1946240,0.00029340,0.02000000,0
1531189587131,1531189587128,1946241,0.00029340,24.42000000,0
1531189589830,1531189589828,1946242,0.00029340,26.32000000,0
1531189608197,1531189608194,1946243,0.00029360,6.17000000,0
1531189639037,1531189639035,1946244,0.00029240,156.69000000,1
1531189641457,1531189641455,1946245,0.00029240,749.24000000,1
1531189694194,1531189694191,1946246,0.00029240,20.35000000,1
1531189756048,1531189756044,1946247,0.00029340,0.04000000,0
1531189822635,1531189822632,1946248,0.00029240,686.81000000,1
1531189872390,1531189872387,1946249,0.00029240,670.81000000,1
1531189873435,1531189873431,1946250,0.00029240,443.21000000,1
1531189875269,1531189875266,1946251,0.00029230,23.95000000,1
1531189896371,1531189896368,1946252,0.00029240,612.49000000,1
1531189907315,1531189907316,1946253,0.00029290,0.25000000,0
1531189908331,1531189908329,1946254,0.00029240,4.17000000,0
1531189908440,1531189908438,1946255,0.00029200,5.50000000,1
1531189910423,1531189910419,1946256,0.00029180,3.43000000,1
1531189912770,1531189912767,1946257,0.00029210,1.91000000,0
