event_time,trade_time,trade_id,price,quantity,maker
1531160497851,1531160497848,3530517,0.00090600,26.18000000,1
1531160589738,1531160589734,3530518,0.00090600,30.95000000,1
1531160631381,1531160631378,3530519,0.00090600,17.71000000,1
1531160690401,1531160690398,3530520,0.00090600,4.74000000,1
1531160832297,1531160832293,3530521,0.00091100,9.12000000,0
1531160836118,1531160836113,3530522,0.00091100,35.14000000,1
1531160836290,1531160836286,3530523,0.00091300,43.10000000,0
1531160836459,1531160836454,3530524,0.00091300,60.00000000,1
1531160836869,1531160836865,3530525,0.00091300,33.81000000,1
1531160839253,1531160839248,3530526,0.00091100,11.72000000,1
1531160840910,1531160840907,3530527,0.00091100,13.16000000,1
1531160842732,1531160842730,3530528,0.00091100,13.16000000,1
1531160844901,1531160844899,3530529,0.00091100,35.16000000,1
1531160886014,1531160886010,3530530,0.00091400,1.11000000,0
1531160889610,1531160889607,3530531,0.00091400,0.05000000,0
1531160894657,1531160894652,3530532,0.00091200,5.49000000,1
1531160904004,1531160904000,3530533,0.00091000,2.00000000,1
1531160906610,1531160906605,3530534,0.00091200,34.90000000,0
1531160996176,1531160996173,3530535,0.00091000,7.13000000,1
1531161000103,1531161000098,3530536,0.00091000,1.18000000,0
1531161004983,1531161004979,3530537,0.00090800,7.16000000,1
1531161004983,1531161004979,3530538,0.00090700,27.16000000,1
1531161005752,1531161005752,3530539,0.00090700,9.10000000,0
1531161008301,1531161008296,3530540,0.00090700,9.90000000,0
1531161009766,1531161009763,3530541,0.00090700,8.00000000,0
1531161010281,1531161010278,3530542,0.00090700,3.70000000,0
1531161010497,1531161010492,3530543,0.00090700,10.00000000,0
1531161011145,1531161011141,3530544,0.00090700,9.00000000,0
1531161011348,1531161011348,3530545,0.00090700,3.40000000,0
1531161011659,1531161011656,3530546,0.00090700,6.30000000,0
1531161011868,1531161011864,3530547,0.00090700,2.80000000,0
1531161012738,1531161012733,3530548,0.00090800,9.00000000,0
1531161031391,1531161031386,3530549,0.00090800,0.15000000,0
1531161205307,1531161205301,3530550,0.00091000,10.00000000,0
1531161207608,1531161207604,3530551,0.00091000,9.90000000,0
1531161208336,1531161208332,3530552,0.00091000,5.00000000,0
1531161208577,1531161208573,3530553,0.00091000,8.00000000,0
1531161209803,1531161209799,3530554,0.00091000,8.00000000,0
1531161210632,1531161210628,3530555,0.00091000,9.00000000,0
1531161212026,1531161212021,3530556,0.00091000,7.90000000,0
1531161213646,1531161213642,3530557,0.00091000,9.00000000,0
1531161279908,1531161279901,3530558,0.00090700,10.27000000,1
1531161279908,1531161279901,3530559,0.00090500,42.17000000,1
1531161279908,1531161279901,3530560,0.00090400,9.35000000,1
1531161279908,1531161279901,3530561,0.00090300,15.61000000,1
1531161279908,1531161279901,3530562,0.00090200,198.25000000,1
1531161279908,1531161279901,3530563,0.00090100,724.35000000,1
1531161279908,1531161279901,3530564,0.00090100,193.23000000,1
1531161325951,1531161325950,3530565,0.00090100,4.76000000,1
1531161327739,1531161327735,3530566,0.00090600,9.10000000,0
1531161330102,1531161330097,3530567,0.00090600,0.07000000,0
1531161330102,1531161330097,3530568,0.00090700,9.93000000,0
1531161350232,1531161350228,3530569,0.00090200,34.87000000,1
1531161369516,1531161369512,3530570,0.00090700,8.82000000,0
1531161387156,1531161387118,3530571,0.00090200,2.95000000,1
1531161447268,1531161447265,3530572,0.00090600,15.15000000,0
1531161489698,1531161489695,3530573,0.00090600,27.74000000,0
1531161571875,1531161571870,3530574,0.00090600,75.56000000,0
1531161584101,1531161584097,3530575,0.00090600,19.73000000,0
1531161586066,1531161586062,3530576,0.00090700,11.03000000,0
1531161605209,1531161605205,3530577,0.00090700,19.43000000,0
1531161608906,1531161608901,3530578,0.00090700,10.94000000,0
1531161621964,1531161621959,3530579,0.00090700,1.12000000,0
1531161717100,1531161717081,3530580,0.00090700,4.61000000,0
1531161744951,1531161744947,3530581,0.00090700,226.43000000,0
1531161868060,1531161868059,3530582,0.00090500,118.89000000,0
1531161875883,1531161875881,3530583,0.00090300,1.05000000,1
1531162288144,1531162288140,3530584,0.00090300,31.66000000,1
1531162288144,1531162288140,3530585,0.00090200,28.80000000,1
1531162311472,1531162311468,3530586,0.00090200,52.14000000,1
1531162311568,1531162311564,3530587,0.00090200,5.00000000,0
1531162311958,1531162311954,3530588,0.00090200,8.13000000,0
1531162447901,1531162447898,3530589,0.00090200,3.36000000,1
1531162496007,1531162496001,3530590,0.00090200,25.44000000,1
1531162496007,1531162496001,3530591,0.00090100,150.98000000,1
1531162496007,1531162496001,3530592,0.00090000,134.34000000,1
1531162496007,1531162496001,3530593,0.00090000,30.18000000,1
1531162496007,1531162496001,3530594,0.00090000,32.21000000,1
1531162498725,1531162498721,3530595,0.00090000,0.03000000,1
1531162513003,1531162512998,3530596,0.00090000,407.26000000,1
1531162513660,1531162513656,3530597,0.00090000,9.10000000,0
1531162513701,1531162513695,3530598,0.00090000,10.00000000,0
1531162513788,1531162513783,3530599,0.00090000,4.98000000,0
1531162513829,1531162513824,3530600,0.00090000,9.00000000,0
1531162513831,1531162513826,3530601,0.00090000,2.09000000,0
1531162513833,1531162513828,3530602,0.00090000,6.46000000,0
1531162513839,1531162513834,3530603,0.00090000,31.20000000,0
1531162513845,1531162513840,3530604,0.00090000,11.09000000,0
1531162513863,1531162513858,3530605,0.00090000,5.07000000,0
1531162513946,1531162513940,3530606,0.00090000,20.00000000,0
1531162514003,1531162514000,3530607,0.00090000,12.19000000,0
1531162514145,1531162514141,3530608,0.00090100,9.22000000,0
1531162535149,1531162535145,3530609,0.00090600,25.38000000,0
1531162741437,1531162741407,3530610,0.00090600,5.86000000,0
1531162780334,1531162780328,3530611,0.00090200,4.32000000,1
1531162950145,1531162950140,3530612,0.00090200,4.89000000,1
1531162950242,1531162950239,3530613,0.00090200,1.20000000,0
1531162950421,1531162950417,3530614,0.00090200,2.00000000,0
1531162951022,1531162951016,3530615,0.00090200,3.28000000,0
1531163053664,1531163053661,3530616,0.00090500,7.90000000,0
1531163055842,1531163055839,3530617,0.00090500,9.90000000,0
1531163058470,1531163058465,3530618,0.00090500,8.00000000,0
1531163060784,1531163060779,3530619,0.00090500,70.70000000,0
1531163060891,1531163060886,3530620,0.00090600,8.00000000,0
1531163066575,1531163066569,3530621,0.00090600,1.17000000,0
1531163066575,1531163066569,3530622,0.00090700,7.93000000,0
1531163071477,1531163071471,3530623,0.00090700,1.35000000,0
1531163097554,1531163097549,3530624,0.00090700,32.20000000,0
1531163099308,1531163099301,3530625,0.00090800,5.00000000,0
1531163267167,1531163267163,3530626,0.00090700,1.20000000,1
1531163418404,1531163418398,3530627,0.00090800,5.50000000,0
1531163453178,1531163453171,3530628,0.00090700,11.81000000,1
1531163542828,1531163542822,3530629,0.00090800,2.00000000,0
1531163575922,1531163575917,3530630,0.00090700,3.99000000,1
1531163583874,1531163583868,3530631,0.00090600,3.77000000,1
1531163713704,1531163713699,3530632,0.00090700,1.12000000,0
1531163788952,1531163788947,3530633,0.00090600,7.40000000,1
1531163788952,1531163788947,3530634,0.00090500,5.80000000,1
1531163794734,1531163794728,3530635,0.00090500,13.20000000,1
1531163916955,1531163916950,3530636,0.00090600,11.45000000,1
1531163916955,1531163916950,3530637,0.00090500,3.25000000,1
1531164024636,1531164024631,3530638,0.00090500,3.17000000,1
1531164256739,1531164256734,3530639,0.00090500,9.00000000,1
1531164356518,1531164356514,3530640,0.00090500,24.30000000,1
1531164417013,1531164417006,3530641,0.00090600,1.21000000,0
1531164445681,1531164445676,3530642,0.00090600,136.77000000,0
1531164463250,1531164463247,3530643,0.00090600,0.22000000,0
1531164463250,1531164463247,3530644,0.00090800,1.78000000,0
1531164551921,1531164551916,3530645,0.00090600,9.00000000,1
1531164622617,1531164622610,3530646,0.00090600,41.00000000,1
1531164623067,1531164623063,3530647,0.00090600,9.00000000,1
1531164702063,1531164702039,3530648,0.00090600,2.35000000,1
1531164702063,1531164702039,3530649,0.00090500,8.72000000,1
1531164703451,1531164703444,3530650,0.00090500,7.46000000,1
1531164741511,1531164741505,3530651,0.00090500,25.41000000,1
1531164760159,1531164760155,3530652,0.00090500,17.25000000,1
1531164880596,1531164880590,3530653,0.00090800,67.23000000,0
1531164888866,1531164888861,3530654,0.00090800,16.81000000,0
1531164994314,1531164994307,3530655,0.00090600,111.00000000,1
1531165001899,1531165001893,3530656,0.00090600,27.89000000,1
1531165068459,1531165068453,3530657,0.00090500,2.00000000,1
1531165068497,1531165068492,3530658,0.00090500,1.20000000,1
1531165072778,1531165072775,3530659,0.00090500,5.39000000,1
1531165080482,1531165080475,3530660,0.00090500,1.98000000,1
1531165082426,1531165082421,3530661,0.00090500,4.24000000,1
1531165083437,1531165083431,3530662,0.00090500,2.62000000,1
1531165107045,1531165107040,3530663,0.00090600,4.00000000,0
1531165219239,1531165219234,3530664,0.00090500,1.64000000,1
1531165324026,1531165324021,3530665,0.00090500,5.13000000,1
1531165362935,1531165362928,3530666,0.00090500,6.22000000,0
1531165362935,1531165362928,3530667,0.00090600,153.78000000,0
1531165384440,1531165384435,3530668,0.00090600,51.99000000,1
1531165410821,1531165410816,3530669,0.00090700,2.04000000,0
1531165410821,1531165410816,3530670,0.00090800,223.74000000,0
1531165508602,1531165508595,3530671,0.00090800,78.47000000,0
1531165508602,1531165508595,3530672,0.00090900,146.07000000,0
1531165546829,1531165546824,3530673,0.00090900,1.11000000,0
1531165705991,1531165705987,3530674,0.00090500,9.57000000,1
1531165707444,1531165707439,3530675,0.00090500,11.20000000,1
1531165710365,1531165710361,3530676,0.00090500,11.20000000,0
1531165762627,1531165762621,3530677,0.00090400,100.00000000,1
1531165764083,1531165764077,3530678,0.00090500,9.18000000,1
1531165764083,1531165764077,3530679,0.00090400,43.38000000,1
1531165828159,1531165828153,3530680,0.00090400,1.20000000,1
1531166214238,1531166214233,3530681,0.00090800,11.01000000,0
1531166259154,1531166259149,3530682,0.00090400,1.20000000,1
1531166540187,1531166540180,3530683,0.00090500,1.20000000,1
1531166868165,1531166868162,3530684,0.00090500,3.45000000,1
1531166868207,1531166868207,3530685,0.00090500,19.19000000,1
1531166868242,1531166868238,3530686,0.00090500,13.00000000,1
1531166868444,1531166868441,3530687,0.00090500,19.00000000,1
1531166868446,1531166868441,3530688,0.00090500,5.90000000,1
1531167009691,1531167009685,3530689,0.00090500,81.91000000,1
1531167023189,1531167023189,3530690,0.00090500,1.20000000,1
1531167077628,1531167077622,3530691,0.00090500,3.55000000,1
1531167080354,1531167080347,3530692,0.00090400,5.22000000,1
1531167490454,1531167490450,3530693,0.00090500,2.02000000,1
1531167890966,1531167890959,3530694,0.00090900,3.74000000,0
1531167893433,1531167893428,3530695,0.00090900,4.19000000,0
1531167895880,1531167895874,3530696,0.00090900,8.00000000,0
1531167901176,1531167901171,3530697,0.00090900,61.20000000,0
1531167901184,1531167901179,3530698,0.00090900,2.75000000,0
1531167943220,1531167943215,3530699,0.00090900,45.94000000,0
1531167947088,1531167947083,3530700,0.00090900,34.47000000,0
1531167959400,1531167959397,3530701,0.00090900,11.00000000,0
1531168027992,1531168027988,3530702,0.00090900,70.95000000,0
1531168158837,1531168158831,3530703,0.00090900,8.78000000,0
1531168158837,1531168158831,3530704,0.00091000,9.29000000,0
1531168158837,1531168158831,3530705,0.00091100,60.93000000,0
1531168158837,1531168158831,3530706,0.00091100,56.86000000,0
1531168179374,1531168179367,3530707,0.00091100,20.99000000,0
1531168194975,1531168194968,3530708,0.00091000,1.11000000,0
1531168207506,1531168207500,3530709,0.00091000,10.00000000,0
1531168350057,1531168350054,3530710,0.00090800,5.51000000,1
1531168350057,1531168350054,3530711,0.00090700,8.80000000,1
1531168350078,1531168350073,3530712,0.00090700,6.21000000,0
1531168350089,1531168350084,3530713,0.00090700,6.19000000,0
1531168350292,1531168350285,3530714,0.00090700,5.00000000,0
1531168362536,1531168362533,3530715,0.00090700,46.00000000,0
1531168366507,1531168366503,3530716,0.00090700,19.41000000,0
1531168371875,1531168371869,3530717,0.00090700,14.56000000,0
1531168387010,1531168387007,3530718,0.00090700,7.06000000,0
1531168541949,1531168541945,3530719,0.00090700,11.01000000,0
1531168606827,1531168606821,3530720,0.00090600,1.20000000,1
1531168668846,1531168668841,3530721,0.00090600,5.49000000,1
1531168696189,1531168696188,3530722,0.00090600,1.20000000,1
1531168698672,1531168698666,3530723,0.00090600,0.92000000,1
1531168735110,1531168735107,3530724,0.00090400,7.00000000,1
1531168819288,1531168819281,3530725,0.00090400,13.25000000,1
1531169401438,1531169401431,3530726,0.00090400,160.69000000,1
1531169401438,1531169401431,3530727,0.00090300,328.57000000,1
1531169401438,1531169401431,3530728,0.00090200,172.39000000,1
1531169405748,1531169405740,3530729,0.00090700,1.65000000,0
1531169423454,1531169423449,3530730,0.00090700,0.10000000,0
1531169432478,1531169432472,3530731,0.00090200,44.02000000,1
1531169432478,1531169432472,3530732,0.00090100,23.52000000,1
1531169690455,1531169690449,3530733,0.00090100,0.01000000,1
1531169812828,1531169812823,3530734,0.00090100,5.00000000,1
1531169861810,1531169861804,3530735,0.00090700,3.45000000,0
1531169865812,1531169865806,3530736,0.00090700,2.59000000,0
1531170031086,1531170031080,3530737,0.00090700,0.34000000,0
1531170102764,1531170102759,3530738,0.00090700,2.42000000,0
1531170102764,1531170102759,3530739,0.00090800,43.60000000,0
1531170106685,1531170106678,3530740,0.00090800,25.89000000,0
1531170110614,1531170110610,3530741,0.00090800,14.57000000,0
1531170124495,1531170124489,3530742,0.00090800,6.14000000,0
1531170367969,1531170367965,3530743,0.00090900,8.78000000,0
1531170367969,1531170367965,3530744,0.00091000,0.12000000,0
1531170518280,1531170518273,3530745,0.00090900,1.11000000,0
1531170665669,1531170665663,3530746,0.00090600,8.81000000,1
1531170665669,1531170665663,3530747,0.00090500,9.04000000,1
1531170681329,1531170681324,3530748,0.00090400,33.18000000,1
1531170681345,1531170681341,3530749,0.00090400,42.04000000,0
1531170681377,1531170681371,3530750,0.00090400,22.65000000,0
1531170681786,1531170681781,3530751,0.00090400,0.03000000,0
1531170681815,1531170681809,3530752,0.00090500,9.07000000,1
1531170684500,1531170684497,3530753,0.00090300,22.65000000,1
1531170684506,1531170684501,3530754,0.00090700,8.90000000,0
1531170686849,1531170686844,3530755,0.00090700,5.00000000,0
1531170687193,1531170687189,3530756,0.00090700,9.90000000,0
1531170687408,1531170687403,3530757,0.00090700,5.00000000,0
1531170689283,1531170689277,3530758,0.00090700,9.00000000,0
1531170701879,1531170701874,3530759,0.00090700,3.89000000,0
1531170702155,1531170702149,3530760,0.00090800,4.01000000,1
1531170895440,1531170895434,3530761,0.00090900,10.10000000,0
1531171118734,1531171118729,3530762,0.00090500,5.06000000,1
1531171243960,1531171243956,3530763,0.00090500,3.75000000,1
1531171244024,1531171244020,3530764,0.00090500,5.69000000,0
1531171244045,1531171244041,3530765,0.00090500,9.41000000,0
1531171244070,1531171244066,3530766,0.00090500,11.05000000,0
1531171244092,1531171244087,3530767,0.00090500,12.95000000,0
1531171244173,1531171244169,3530768,0.00090500,8.00000000,0
1531171244643,1531171244637,3530769,0.00090500,5.95000000,0
1531171652801,1531171652796,3530770,0.00090900,5.32000000,0
1531171652801,1531171652796,3530771,0.00091000,22.45000000,0
1531171652801,1531171652796,3530772,0.00091100,22.23000000,0
1531171671797,1531171671792,3530773,0.00091200,1.11000000,0
1531171691655,1531171691650,3530774,0.00091200,1.11000000,0
1531171727226,1531171727222,3530775,0.00091000,1.21000000,1
1531171778633,1531171778627,3530776,0.00091200,13.93000000,0
1531171793680,1531171793675,3530777,0.00091200,1.11000000,0
1531172103150,1531172103147,3530778,0.00091000,1.18000000,1
1531172103292,1531172103288,3530779,0.00091000,2.00000000,1
1531172256862,1531172256857,3530780,0.00091200,1.11000000,0
1531172389217,1531172389213,3530781,0.00091200,10.00000000,0
1531172390182,1531172390179,3530782,0.00091200,2.01000000,1
1531172407588,1531172407583,3530783,0.00091300,4.45000000,0
1531172543482,1531172543478,3530784,0.00091100,8.76000000,1
1531172579608,1531172579603,3530785,0.00091100,1.11000000,0
1531172683671,1531172683668,3530786,0.00091000,1.11000000,1
1531172683671,1531172683668,3530787,0.00090900,0.12000000,1
1531172707320,1531172707316,3530788,0.00091100,8.00000000,0
1531172795209,1531172795205,3530789,0.00090900,1.16000000,1
1531172795343,1531172795339,3530790,0.00090900,2.00000000,1
1531172822756,1531172822753,3530791,0.00091100,1.01000000,0
1531172822756,1531172822753,3530792,0.00091200,3.99000000,0
1531173001822,1531173001819,3530793,0.00091200,4.76000000,0
1531173001822,1531173001819,3530794,0.00091300,11.10000000,0
1531173030686,1531173030682,3530795,0.00091000,1.18000000,1
1531173137071,1531173137068,3530796,0.00091000,4.75000000,1
1531173141494,1531173141490,3530797,0.00091000,4.86000000,1
1531173242188,1531173242183,3530798,0.00091000,1.18000000,1
1531173359461,1531173359457,3530799,0.00091000,13.93000000,1
1531173437068,1531173437065,3530800,0.00091000,1.18000000,1
1531173489170,1531173489165,3530801,0.00091000,30.79000000,1
1531173489196,1531173489194,3530802,0.00090900,149.38000000,1
1531173489212,1531173489209,3530803,0.00090900,23.25000000,1
1531173489291,1531173489288,3530804,0.00090900,104.00000000,1
1531173489330,1531173489328,3530805,0.00090900,60.00000000,1
1531173506479,1531173506478,3530806,0.00091000,12.62000000,0
1531173511903,1531173511899,3530807,0.00091000,8.90000000,0
1531173514186,1531173514184,3530808,0.00091000,5.38000000,0
1531173514493,1531173514490,3530809,0.00091100,3.52000000,1
1531173608132,1531173608129,3530810,0.00090900,1.18000000,1
1531173635759,1531173635755,3530811,0.00090900,100.00000000,1
1531173771891,1531173771887,3530812,0.00091100,8.83000000,0
1531173771891,1531173771887,3530813,0.00091300,182.62000000,0
1531173771891,1531173771887,3530814,0.00091400,21.55000000,0
1531173842481,1531173842479,3530815,0.00091400,182.00000000,0
1531173854414,1531173854410,3530816,0.00091400,1.11000000,0
1531173858520,1531173858518,3530817,0.00091100,9.85000000,1
1531173860539,1531173860536,3530818,0.00091100,0.01000000,1
1531173861534,1531173861533,3530819,0.00091000,4.02000000,0
1531173863650,1531173863648,3530820,0.00091000,2.00000000,1
1531173865684,1531173865681,3530821,0.00091000,2.51000000,1
1531173867646,1531173867644,3530822,0.00091000,4.97000000,1
1531173869980,1531173869977,3530823,0.00091000,3.54000000,1
1531173872336,1531173872334,3530824,0.00091000,3.28000000,1
1531173904124,1531173904121,3530825,0.00091000,3.94000000,1
1531173904124,1531173904121,3530826,0.00090900,9.88000000,1
1531173927432,1531173927430,3530827,0.00090900,38.84000000,1
1531173928085,1531173928083,3530828,0.00090900,10.00000000,0
1531173928388,1531173928384,3530829,0.00090900,9.72000000,0
1531174103268,1531174103263,3530830,0.00090800,1.18000000,1
1531174182773,1531174182771,3530831,0.00091200,0.20000000,0
1531174232817,1531174232814,3530832,0.00090800,7.61000000,1
1531174232817,1531174232814,3530833,0.00090600,3.43000000,1
1531174236417,1531174236414,3530834,0.00091200,8.55000000,0
1531174236417,1531174236414,3530835,0.00091300,11.69000000,0
1531174236417,1531174236414,3530836,0.00091400,113.76000000,0
1531174291300,1531174291298,3530837,0.00090700,24.70000000,1
1531174297189,1531174297186,3530838,0.00090700,1.20000000,1
1531174324591,1531174324589,3530839,0.00090800,13.69000000,1
1531174324649,1531174324646,3530840,0.00090700,5.80000000,1
1531174331551,1531174331549,3530841,0.00090700,38.00000000,1
1531174332598,1531174332596,3530842,0.00090600,9.00000000,1
1531174332801,1531174332799,3530843,0.00090600,9.16000000,1
1531174333330,1531174333328,3530844,0.00090600,0.05000000,1
1531174333418,1531174333415,3530845,0.00090600,10.37000000,0
1531174350585,1531174350583,3530846,0.00090800,102.73000000,0
1531174357500,1531174357498,3530847,0.00090600,3.21000000,1
1531174357755,1531174357753,3530848,0.00090600,14.00000000,1
1531174358257,1531174358237,3530849,0.00090600,9.00000000,1
1531174358532,1531174358530,3530850,0.00090600,9.00000000,1
1531174378903,1531174378900,3530851,0.00091000,0.10000000,0
1531174434432,1531174434430,3530852,0.00090800,26.40000000,0
1531174449283,1531174449281,3530853,0.00090900,9.10000000,0
1531174452021,1531174452019,3530854,0.00090900,3.68000000,0
1531174452021,1531174452019,3530855,0.00091000,5.22000000,0
1531174482354,1531174482351,3530856,0.00091000,8.00000000,0
1531174484442,1531174484439,3530857,0.00091000,10.00000000,0
1531174484665,1531174484663,3530858,0.00091000,8.20000000,0
1531174486724,1531174486722,3530859,0.00091000,10.00000000,0
1531174487712,1531174487710,3530860,0.00091000,8.00000000,0
1531174488165,1531174488163,3530861,0.00090700,1.18000000,1
1531174489669,1531174489666,3530862,0.00091000,9.00000000,0
1531174492753,1531174492751,3530863,0.00091000,10.10000000,0
1531174493117,1531174493115,3530864,0.00091000,13.00000000,0
1531174493586,1531174493584,3530865,0.00091000,6.07000000,0
1531174512426,1531174512424,3530866,0.00091000,99.90000000,0
1531174648826,1531174648823,3530867,0.00091200,9.10000000,0
1531174651104,1531174651101,3530868,0.00091200,10.10000000,0
1531174653698,1531174653696,3530869,0.00091200,5.54000000,0
1531174653959,1531174653957,3530870,0.00091300,2.00000000,1
1531174658531,1531174658528,3530871,0.00091300,0.36000000,1
1531174658531,1531174658528,3530872,0.00091200,8.74000000,1
1531174659685,1531174659683,3530873,0.00091200,0.01000000,1
1531174660310,1531174660307,3530874,0.00091100,3.83000000,0
1531174660500,1531174660499,3530875,0.00091200,5.07000000,1
1531174661444,1531174661442,3530876,0.00091100,8.76000000,0
1531174673320,1531174673317,3530877,0.00091300,8.74000000,0
1531174673320,1531174673317,3530878,0.00091400,10.50000000,0
1531174673320,1531174673317,3530879,0.00091500,640.76000000,0
1531174673320,1531174673317,3530880,0.00091500,5.00000000,0
1531174674614,1531174674611,3530881,0.00091200,2.00000000,1
1531174674855,1531174674852,3530882,0.00091200,2.00000000,1
1531174677626,1531174677624,3530883,0.00091200,2.00000000,1
1531174679075,1531174679072,3530884,0.00091200,3.27000000,1
1531174681135,1531174681131,3530885,0.00091400,1.11000000,1
1531174681135,1531174681131,3530886,0.00091200,2.16000000,1
1531174682212,1531174682210,3530887,0.00091200,2.59000000,1
1531174701797,1531174701793,3530888,0.00091500,2.21000000,0
1531174701985,1531174701984,3530889,0.00091500,1.11000000,0
1531174707196,1531174707194,3530890,0.00091200,3.72000000,1
1531174709415,1531174709414,3530891,0.00091200,2.00000000,1
1531174715107,1531174715105,3530892,0.00091200,1.18000000,1
1531174715353,1531174715351,3530893,0.00091200,0.96000000,1
1531174715353,1531174715351,3530894,0.00091100,1.04000000,1
1531174761638,1531174761636,3530895,0.00091500,1.11000000,0
1531174781414,1531174781410,3530896,0.00091500,2.21000000,0
1531174781808,1531174781804,3530897,0.00091500,1.11000000,0
1531174781824,1531174781820,3530898,0.00091500,5.52000000,0
1531174781872,1531174781869,3530899,0.00091500,1.11000000,0
1531174803159,1531174803157,3530900,0.00091100,1.14000000,1
1531174869024,1531174869022,3530901,0.00091500,1.98000000,0
1531174880192,1531174880190,3530902,0.00091300,2.00000000,1
1531174953269,1531174953266,3530903,0.00091400,4.45000000,1
1531174955582,1531174955580,3530904,0.00091400,2.46000000,1
1531174957596,1531174957594,3530905,0.00091400,2.00000000,1
1531175004768,1531175004764,3530906,0.00091600,8.27000000,0
1531175008115,1531175008112,3530907,0.00091400,2.00000000,1
1531175030663,1531175030661,3530908,0.00091500,14.96000000,1
1531175031690,1531175031672,3530909,0.00091400,2.22000000,1
1531175032475,1531175032473,3530910,0.00091400,5.26000000,0
1531175160560,1531175160558,3530911,0.00091600,8.00000000,0
1531175163159,1531175163157,3530912,0.00091600,9.00000000,0
1531175203566,1531175203565,3530913,0.00091600,2.11000000,0
1531175203566,1531175203565,3530914,0.00091700,5.99000000,0
1531175234727,1531175234726,3530915,0.00091700,0.79000000,0
1531175270198,1531175270195,3530916,0.00091300,1.02000000,1
1531175270198,1531175270195,3530917,0.00091200,4.92000000,1
1531175343470,1531175343468,3530918,0.00091200,20.72000000,1
1531175361199,1531175361196,3530919,0.00091200,5.11000000,1
1531175361284,1531175361281,3530920,0.00091200,2.00000000,1
1531175361341,1531175361339,3530921,0.00091200,5.00000000,1
1531175364275,1531175364274,3530922,0.00091200,8.00000000,1
1531175437839,1531175437836,3530923,0.00091400,3.02000000,0
1531175437839,1531175437836,3530924,0.00091600,6.60000000,0
1531175437839,1531175437836,3530925,0.00091700,0.95000000,0
1531175460111,1531175460109,3530926,0.00091200,4.24000000,1
1531175469066,1531175469065,3530927,0.00091600,1.11000000,0
1531175504057,1531175504055,3530928,0.00091200,4.75000000,1
1531175570300,1531175570297,3530929,0.00091600,1.11000000,0
1531175651030,1531175651027,3530930,0.00091500,1.11000000,0
1531175774072,1531175774071,3530931,0.00091200,1.10000000,1
1531175774704,1531175774702,3530932,0.00091200,4.40000000,0
1531175774941,1531175774940,3530933,0.00091500,8.83000000,0
1531175796129,1531175796127,3530934,0.00091100,2.19000000,1
1531175947995,1531175947994,3530935,0.00091500,10.92000000,0
1531175988134,1531175988133,3530936,0.00091100,0.10000000,1
1531176212528,1531176212527,3530937,0.00091400,8.73000000,0
1531176354876,1531176354875,3530938,0.00091400,3.84000000,0
1531176354876,1531176354875,3530939,0.00091500,4.16000000,0
1531176362925,1531176362924,3530940,0.00091500,10.00000000,0
1531176363550,1531176363548,3530941,0.00091500,8.10000000,0
1531176364062,1531176364061,3530942,0.00091500,10.10000000,0
1531176365861,1531176365858,3530943,0.00091500,8.00000000,0
1531176378162,1531176378160,3530944,0.00091500,9.00000000,0
1531176379069,1531176379066,3530945,0.00091500,0.30000000,0
1531176379069,1531176379066,3530946,0.00091600,7.70000000,0
1531176417899,1531176417897,3530947,0.00091600,1.11000000,0
1531176418369,1531176418368,3530948,0.00091600,8.00000000,0
1531176419610,1531176419609,3530949,0.00091600,9.90000000,0
1531176420816,1531176420814,3530950,0.00091600,8.00000000,0
1531176487161,1531176487160,3530951,0.00091200,1.75000000,1
1531176580685,1531176580684,3530952,0.00091600,1.11000000,0
1531176585707,1531176585705,3530953,0.00091200,7.00000000,1
1531176586297,1531176586296,3530954,0.00091200,7.90000000,0
1531176587452,1531176587450,3530955,0.00091200,8.10000000,0
1531176587614,1531176587611,3530956,0.00091200,5.00000000,0
1531176588166,1531176588165,3530957,0.00091200,8.00000000,0
1531176588192,1531176588190,3530958,0.00091200,9.00000000,0
1531176588268,1531176588268,3530959,0.00091200,6.24000000,0
1531176588682,1531176588680,3530960,0.00091200,10.10000000,0
1531176589207,1531176589207,3530961,0.00091200,9.00000000,0
1531176589807,1531176589806,3530962,0.00091200,8.00000000,0
1531176591243,1531176591241,3530963,0.00091200,8.00000000,0
1531176680891,1531176680890,3530964,0.00091000,0.24000000,1
1531176755949,1531176755946,3530965,0.00091000,1.02000000,1
1531176778056,1531176778053,3530966,0.00091000,41.58000000,1
1531176778117,1531176778115,3530967,0.00091000,8.00000000,0
1531176778149,1531176778148,3530968,0.00091000,5.00000000,0
1531176779109,1531176779106,3530969,0.00091000,8.00000000,0
1531176779281,1531176779280,3530970,0.00091000,5.10000000,0
1531176780122,1531176780120,3530971,0.00091000,7.27000000,0
1531176796104,1531176796103,3530972,0.00091000,24.43000000,0
1531176796359,1531176796358,3530973,0.00091000,85.70000000,0
1531176810338,1531176810336,3530974,0.00090900,2.22000000,1
1531176810338,1531176810336,3530975,0.00090800,15.95000000,1
1531176810338,1531176810336,3530976,0.00090700,67.53000000,1
1531176819224,1531176819220,3530977,0.00090600,11.53000000,1
1531176819985,1531176819983,3530978,0.00090600,2.86000000,1
1531176819985,1531176819983,3530979,0.00090500,8.79000000,1
1531176819999,1531176819998,3530980,0.00091000,9.00000000,0
1531176820363,1531176820361,3530981,0.00090600,11.48000000,1
1531176820418,1531176820416,3530982,0.00090600,11.70000000,1
1531176820696,1531176820694,3530983,0.00091000,10.10000000,0
1531176821922,1531176821921,3530984,0.00091000,10.00000000,0
1531176823026,1531176823025,3530985,0.00091000,9.90000000,0
1531176823931,1531176823930,3530986,0.00091000,9.00000000,0
1531176824521,1531176824520,3530987,0.00091000,5.00000000,0
1531176824592,1531176824590,3530988,0.00091000,10.00000000,0
1531176825348,1531176825348,3530989,0.00091000,9.90000000,0
1531176826006,1531176826003,3530990,0.00091000,9.10000000,0
1531177339428,1531177339429,3530991,0.00090500,4.63000000,1
1531177342149,1531177342150,3530992,0.00090500,1.89000000,1
1531177343635,1531177343634,3530993,0.00090500,4.64000000,1
1531177367134,1531177367133,3530994,0.00090500,21.82000000,1
1531177387943,1531177387943,3530995,0.00090600,2.11000000,1
1531177388085,1531177388084,3530996,0.00090600,0.65000000,1
1531177388085,1531177388084,3530997,0.00090400,1.28000000,1
1531177388115,1531177388116,3530998,0.00090400,8.00000000,1
1531177388771,1531177388771,3530999,0.00090400,3.68000000,1
1531177394265,1531177394264,3531000,0.00090500,7.17000000,1
1531177396386,1531177396386,3531001,0.00090800,8.79000000,0
1531177396780,1531177396779,3531002,0.00090800,3.21000000,1
1531177397827,1531177397828,3531003,0.00090700,5.89000000,0
1531177404321,1531177404320,3531004,0.00090500,88.85000000,1
1531177404321,1531177404320,3531005,0.00090400,150.58000000,1
1531177408317,1531177408317,3531006,0.00090800,8.79000000,0
1531177408460,1531177408460,3531007,0.00090800,2.00000000,1
1531177429219,1531177429219,3531008,0.00090800,6.17000000,1
1531177433085,1531177433085,3531009,0.00090800,3.47000000,1
1531177439255,1531177439254,3531010,0.00090800,16.22000000,1
1531177439508,1531177439508,3531011,0.00090800,17.00000000,1
1531177439780,1531177439780,3531012,0.00090800,4.46000000,1
1531177442428,1531177442427,3531013,0.00090300,9.14000000,1
1531177442428,1531177442427,3531014,0.00090200,2.43000000,1
1531177471663,1531177471661,3531015,0.00090300,8.00000000,1
1531177574534,1531177574534,3531016,0.00090300,0.83000000,1
1531177574534,1531177574534,3531017,0.00090200,28.49000000,1
1531177784242,1531177784244,3531018,0.00090200,0.02000000,1
1531177920374,1531177920377,3531019,0.00090200,0.72000000,1
1531178023750,1531178023753,3531020,0.00090200,55.41000000,1
1531178163894,1531178163896,3531021,0.00090600,20.89000000,1
1531178332807,1531178332810,3531022,0.00090700,0.44000000,0
1531178472133,1531178472138,3531023,0.00090200,2.04000000,1
1531178472170,1531178472175,3531024,0.00090200,2.00000000,1
1531178478974,1531178478979,3531025,0.00090200,1.01000000,1
1531178584133,1531178584137,3531026,0.00090400,8.54000000,1
1531178586144,1531178586148,3531027,0.00090400,10.00000000,1
1531178589038,1531178589042,3531028,0.00090400,1.25000000,1
1531178611071,1531178611075,3531029,0.00090500,10.30000000,1
1531178613397,1531178613401,3531030,0.00090500,13.76000000,1
1531178680566,1531178680571,3531031,0.00090400,4.21000000,1
1531178687083,1531178687089,3531032,0.00090400,8.00000000,1
1531178689425,1531178689429,3531033,0.00090500,3.00000000,0
1531178691847,1531178691852,3531034,0.00090400,1.32000000,1
1531178695251,1531178695255,3531035,0.00090500,3.00000000,0
1531178712187,1531178712191,3531036,0.00090300,20.80000000,1
1531178714689,1531178714695,3531037,0.00090300,1.29000000,1
1531178719070,1531178719073,3531038,0.00090300,2.50000000,1
1531178757299,1531178757303,3531039,0.00090300,21.93000000,1
1531178783481,1531178783486,3531040,0.00090300,48.94000000,1
1531178824248,1531178824254,3531041,0.00090500,2.81000000,0
1531178824248,1531178824254,3531042,0.00090700,41.38000000,0
1531178865403,1531178865409,3531043,0.00090700,11.02000000,0
1531178890205,1531178890209,3531044,0.00090200,2.50000000,1
1531178890383,1531178890389,3531045,0.00090200,2.00000000,1
1531178953675,1531178953679,3531046,0.00090700,11.02000000,0
1531179014538,1531179014544,3531047,0.00090200,0.48000000,1
1531179034033,1531179034038,3531048,0.00090200,2.90000000,1
1531179041353,1531179041359,3531049,0.00090200,224.00000000,1
1531179041391,1531179041396,3531050,0.00090200,30.00000000,1
1531179041397,1531179041403,3531051,0.00090200,60.00000000,1
1531179041656,1531179041660,3531052,0.00090200,6.90000000,1
1531179041752,1531179041756,3531053,0.00090200,30.52000000,1
1531179041769,1531179041774,3531054,0.00090200,108.00000000,1
1531179041826,1531179041832,3531055,0.00090200,86.20000000,1
1531179042240,1531179042246,3531056,0.00090200,40.67000000,1
1531179043246,1531179043250,3531057,0.00090200,151.48000000,1
1531179056956,1531179056961,3531058,0.00090200,8.61000000,1
1531179056999,1531179057006,3531059,0.00090100,8.61000000,1
1531179063005,1531179063009,3531060,0.00090100,523.87000000,1
1531179070452,1531179070456,3531061,0.00090000,70.87000000,1
1531179078070,1531179078077,3531062,0.00090000,2.78000000,1
1531179082501,1531179082507,3531063,0.00090200,116.00000000,0
1531179088096,1531179088098,3531064,0.00090000,177.80000000,1
1531179088096,1531179088098,3531065,0.00089900,122.90000000,1
1531179088096,1531179088098,3531066,0.00089900,15.22000000,1
1531179088096,1531179088098,3531067,0.00089800,26.90000000,1
1531179095478,1531179095484,3531068,0.00090000,45.00000000,0
1531179101773,1531179101777,3531069,0.00090000,0.96000000,0
1531179101773,1531179101777,3531070,0.00090100,5.04000000,0
1531179123612,1531179123618,3531071,0.00089800,1.20000000,1
1531179127664,1531179127668,3531072,0.00089800,8.44000000,1
1531179155484,1531179155490,3531073,0.00089800,8.00000000,1
1531179155520,1531179155526,3531074,0.00089800,4.73000000,1
1531179155524,1531179155529,3531075,0.00089800,4.73000000,1
1531179158794,1531179158799,3531076,0.00089800,17.95000000,1
1531179162284,1531179162289,3531077,0.00090100,3.81000000,0
1531179162284,1531179162289,3531078,0.00090200,1.72000000,0
1531179170496,1531179170502,3531079,0.00089800,14.95000000,1
1531179181520,1531179181526,3531080,0.00089800,10.03000000,1
1531179184617,1531179184623,3531081,0.00090200,0.66000000,0
1531179227389,1531179227394,3531082,0.00090000,11.11000000,0
1531179261407,1531179261413,3531083,0.00089800,4.30000000,1
1531179281591,1531179281597,3531084,0.00090000,8.00000000,0
1531179282044,1531179282050,3531085,0.00089800,16.36000000,1
1531179282642,1531179282648,3531086,0.00089800,2.12000000,0
1531179314685,1531179314690,3531087,0.00089700,72.64000000,1
1531179327117,1531179327123,3531088,0.00089900,3.00000000,0
1531179371807,1531179371813,3531089,0.00089700,1.34000000,1
1531179383518,1531179383524,3531090,0.00089700,18.33000000,1
1531179383636,1531179383640,3531091,0.00089700,17.64000000,1
1531179395769,1531179395775,3531092,0.00089700,6.25000000,1
1531179480845,1531179480849,3531093,0.00089700,9.23000000,1
1531179480845,1531179480849,3531094,0.00089600,10.55000000,1
1531179511084,1531179511092,3531095,0.00089600,1.91000000,1
1531179557272,1531179557277,3531096,0.00089600,22.34000000,1
1531179568158,1531179568163,3531097,0.00089600,15.19000000,1
1531179574413,1531179574420,3531098,0.00089600,17.30000000,1
1531179592254,1531179592261,3531099,0.00089600,12.70000000,1
1531179623701,1531179623706,3531100,0.00089600,2.00000000,1
1531179636062,1531179636067,3531101,0.00089500,4.93000000,1
1531179652218,1531179652224,3531102,0.00089500,33.79000000,1
1531179675560,1531179675565,3531103,0.00089500,0.01000000,1
1531179676068,1531179676072,3531104,0.00089400,4.13000000,1
1531179724040,1531179724047,3531105,0.00089400,0.01000000,1
1531179724179,1531179724184,3531106,0.00089400,2.00000000,0
1531179724212,1531179724219,3531107,0.00089400,3.41000000,0
1531179724364,1531179724371,3531108,0.00089400,3.41000000,0
1531179724438,1531179724443,3531109,0.00089400,6.83000000,0
1531179763557,1531179763564,3531110,0.00089400,9.00000000,0
1531179763573,1531179763577,3531111,0.00089400,9.00000000,0
1531179763577,1531179763583,3531112,0.00089400,8.99000000,0
1531179763595,1531179763600,3531113,0.00089400,2.53000000,0
1531179763595,1531179763601,3531114,0.00089400,9.00000000,0
1531179763610,1531179763616,3531115,0.00089400,14.00000000,0
1531179763627,1531179763633,3531116,0.00089400,9.00000000,0
1531179763642,1531179763648,3531117,0.00089400,9.00000000,0
1531179763775,1531179763781,3531118,0.00089400,18.00000000,0
1531179764228,1531179764234,3531119,0.00089400,9.00000000,0
1531179784362,1531179784368,3531120,0.00089400,11.00000000,0
1531179784364,1531179784370,3531121,0.00089400,2.00000000,0
1531179784895,1531179784900,3531122,0.00089400,1.65000000,0
1531179784895,1531179784900,3531123,0.00089500,0.84000000,0
1531179794284,1531179794289,3531124,0.00089300,19.36000000,1
1531179798535,1531179798542,3531125,0.00089500,6.70000000,0
1531179809009,1531179809016,3531126,0.00089500,1.37000000,0
1531179809036,1531179809043,3531127,0.00089500,8.20000000,1
1531179817004,1531179817011,3531128,0.00089600,1.67000000,0
1531179830160,1531179830166,3531129,0.00089200,17.00000000,1
1531179830160,1531179830166,3531130,0.00089200,7.41000000,1
1531179830160,1531179830166,3531131,0.00089100,33.29000000,1
1531179830163,1531179830166,3531132,0.00089100,71.22000000,1
1531179830163,1531179830166,3531133,0.00089000,82.75000000,1
1531179830184,1531179830190,3531134,0.00089000,7.92000000,0
1531179830185,1531179830193,3531135,0.00089000,7.92000000,0
1531179830185,1531179830193,3531136,0.00089000,91.59000000,0
1531179830222,1531179830228,3531137,0.00089000,7.92000000,0
1531179830296,1531179830301,3531138,0.00088900,24.41000000,1
1531179830511,1531179830519,3531139,0.00089000,41.00000000,0
1531179830660,1531179830667,3531140,0.00089000,61.39000000,0
1531179830662,1531179830669,3531141,0.00089000,61.39000000,0
1531179830667,1531179830674,3531142,0.00089000,61.39000000,0
1531179830669,1531179830674,3531143,0.00089000,41.10000000,0
1531179830788,1531179830793,3531144,0.00089000,33.00000000,0
1531179831100,1531179831107,3531145,0.00089000,8.44000000,0
1531179831159,1531179831165,3531146,0.00089000,0.01000000,0
1531179831159,1531179831165,3531147,0.00089600,0.13000000,0
1531179831627,1531179831633,3531148,0.00089600,2.50000000,1
1531179835052,1531179835058,3531149,0.00089100,2.00000000,1
1531179836916,1531179836923,3531150,0.00089400,3.84000000,0
1531179837125,1531179837131,3531151,0.00089100,1.73000000,1
1531179839458,1531179839463,3531152,0.00089100,4.65000000,1
1531179839458,1531179839463,3531153,0.00089000,1.68000000,1
1531179839458,1531179839463,3531154,0.00088900,25.32000000,1
1531179844571,1531179844579,3531155,0.00088900,22.33000000,1
1531179848223,1531179848230,3531156,0.00088900,2.59000000,1
1531179851258,1531179851264,3531157,0.00089000,5.47000000,1
1531179853976,1531179853983,3531158,0.00089000,5.46000000,1
1531179855692,1531179855698,3531159,0.00089200,17.43000000,0
1531179860636,1531179860643,3531160,0.00088900,10.88000000,1
1531179872270,1531179872276,3531161,0.00088800,30.07000000,1
1531179874772,1531179874779,3531162,0.00088800,1.48000000,1
1531179874772,1531179874779,3531163,0.00088700,4.00000000,1
1531179874866,1531179874871,3531164,0.00088700,5.48000000,1
1531179876187,1531179876195,3531165,0.00088700,0.05000000,1
1531179889950,1531179889955,3531166,0.00088700,305.25000000,1
1531179894335,1531179894341,3531167,0.00089100,2.35000000,0
1531179914137,1531179914142,3531168,0.00088700,1.90000000,1
1531179967584,1531179967588,3531169,0.00088900,18.26000000,0
1531179988960,1531179988965,3531170,0.00088500,5.48000000,1
1531180009902,1531180009908,3531171,0.00089100,1.35000000,0
1531180045398,1531180045405,3531172,0.00089200,3.36000000,0
1531180174120,1531180174126,3531173,0.00088500,9.00000000,0
1531180192579,1531180192583,3531174,0.00088500,6.18000000,0
1531180197894,1531180197901,3531175,0.00088600,7.16000000,0
1531180286175,1531180286182,3531176,0.00088500,0.42000000,1
1531180292880,1531180292888,3531177,0.00088500,1.47000000,1
1531180363626,1531180363632,3531178,0.00088800,24.38000000,0
1531180363991,1531180363997,3531179,0.00088800,24.38000000,0
1531180364917,1531180364925,3531180,0.00088700,17.96000000,0
1531180364928,1531180364935,3531181,0.00088700,23.29000000,0
1531180364943,1531180364951,3531182,0.00088700,23.29000000,0
1531180364944,1531180364951,3531183,0.00088700,24.38000000,0
1531180378313,1531180378319,3531184,0.00088500,23.29000000,1
1531180379014,1531180379021,3531185,0.00088500,22.66000000,1
1531180379054,1531180379061,3531186,0.00088500,24.38000000,1
1531180380731,1531180380739,3531187,0.00088400,10.18000000,1
1531180419166,1531180419173,3531188,0.00088700,8.01000000,0
1531180419166,1531180419173,3531189,0.00088800,8.98000000,0
1531180419219,1531180419226,3531190,0.00088800,8.44000000,1
1531180420168,1531180420176,3531191,0.00088800,71.21000000,1
1531180452174,1531180452182,3531192,0.00088700,8.99000000,1
1531180508558,1531180508567,3531193,0.00088600,8.80000000,0
1531180514168,1531180514175,3531194,0.00088600,4.88000000,0
1531180514358,1531180514364,3531195,0.00088600,5.53000000,0
1531180514630,1531180514635,3531196,0.00088600,3.21000000,0
1531180514664,1531180514671,3531197,0.00088600,8.95000000,0
1531180514951,1531180514959,3531198,0.00088600,2.25000000,0
1531180515019,1531180515025,3531199,0.00088600,18.05000000,0
1531180529771,1531180529777,3531200,0.00088800,5.50000000,0
1531180639089,1531180639095,3531201,0.00088600,66.00000000,1
1531180639249,1531180639257,3531202,0.00088600,28.76000000,1
1531180640083,1531180640089,3531203,0.00088500,17.06000000,1
1531180733850,1531180733856,3531204,0.00088600,2.67000000,0
1531180809327,1531180809334,3531205,0.00088500,2.84000000,1
1531180809327,1531180809334,3531206,0.00088300,0.29000000,1
1531180822502,1531180822509,3531207,0.00088300,15.07000000,1
1531180822550,1531180822556,3531208,0.00088300,24.00000000,1
1531180825998,1531180826002,3531209,0.00088300,5.50000000,1
1531180833219,1531180833222,3531210,0.00088300,57.02000000,1
1531180833219,1531180833222,3531211,0.00088200,24.15000000,1
1531180833219,1531180833222,3531212,0.00088000,21.56000000,1
1531180833220,1531180833222,3531213,0.00088000,15.92000000,1
1531180834057,1531180834063,3531214,0.00088000,9.98000000,1
1531180837844,1531180837848,3531215,0.00088400,1.48000000,0
1531180846072,1531180846076,3531216,0.00088400,7.54000000,0
1531180846456,1531180846462,3531217,0.00088300,11.50000000,1
1531180883220,1531180883227,3531218,0.00088200,9.04000000,1
1531180883220,1531180883227,3531219,0.00088100,196.28000000,1
1531180920582,1531180920586,3531220,0.00088100,56.61000000,1
1531180922654,1531180922660,3531221,0.00088100,7.06000000,1
1531180945572,1531180945576,3531222,0.00088100,35.99000000,1
1531180945572,1531180945576,3531223,0.00088000,264.01000000,1
1531180956617,1531180956623,3531224,0.00088500,5.64000000,0
1531180962902,1531180962908,3531225,0.00088300,100.00000000,1
1531180964522,1531180964529,3531226,0.00088300,10.97000000,1
1531180994057,1531180994061,3531227,0.00088400,9.01000000,0
1531181026651,1531181026655,3531228,0.00088000,1000.00000000,1
1531181162116,1531181162119,3531229,0.00088000,1.23000000,1
1531181163740,1531181163745,3531230,0.00088400,0.01000000,0
1531181163815,1531181163821,3531231,0.00088400,2.25000000,1
1531181169198,1531181169203,3531232,0.00088300,17.60000000,0
1531181253168,1531181253174,3531233,0.00088000,2.25000000,1
1531181253211,1531181253214,3531234,0.00088000,2.00000000,1
1531181254108,1531181254112,3531235,0.00088000,2.25000000,1
1531181254755,1531181254759,3531236,0.00088000,100.00000000,1
1531181326523,1531181326528,3531237,0.00088000,100.00000000,1
1531181338389,1531181338394,3531238,0.00088600,1.69000000,0
1531181384236,1531181384240,3531239,0.00088200,9.03000000,1
1531181385458,1531181385463,3531240,0.00088200,0.01000000,1
1531181432207,1531181432208,3531241,0.00088000,11.02000000,1
1531181452707,1531181452710,3531242,0.00088000,100.00000000,1
1531181454356,1531181454360,3531243,0.00088100,2.00000000,0
1531181456931,1531181456936,3531244,0.00088100,0.21000000,0
1531181476594,1531181476598,3531245,0.00088100,97.79000000,0
1531181478181,1531181478185,3531246,0.00088100,100.00000000,1
1531181479749,1531181479753,3531247,0.00088300,8.22000000,0
1531181485122,1531181485125,3531248,0.00088100,5.20000000,1
1531181491182,1531181491187,3531249,0.00088100,1.23000000,1
1531181512576,1531181512579,3531250,0.00088100,9.00000000,1
1531181599520,1531181599523,3531251,0.00088300,0.06000000,0
1531181602697,1531181602701,3531252,0.00088300,0.75000000,0
1531181602697,1531181602701,3531253,0.00088600,1.54000000,0
1531181602697,1531181602701,3531254,0.00088800,9.03000000,0
1531181618231,1531181618235,3531255,0.00088300,8.65000000,1
1531181630575,1531181630579,3531256,0.00088400,2.83000000,1
1531181630632,1531181630634,3531257,0.00088300,0.38000000,1
1531181646517,1531181646521,3531258,0.00088100,2.45000000,1
1531181673299,1531181673303,3531259,0.00088200,2.83000000,0
1531181673352,1531181673355,3531260,0.00088300,6.17000000,1
1531181807516,1531181807519,3531261,0.00088100,2.67000000,1
1531181809297,1531181809302,3531262,0.00088100,3.39000000,1
1531181870307,1531181870311,3531263,0.00088100,1.73000000,1
1531181870307,1531181870311,3531264,0.00088000,30.30000000,1
1531181876652,1531181876655,3531265,0.00088000,198.52000000,1
1531181878795,1531181878798,3531266,0.00088200,11.33000000,0
1531181921295,1531181921297,3531267,0.00088200,22.67000000,0
1531181943220,1531181943222,3531268,0.00088000,20.00000000,1
1531181990633,1531181990636,3531269,0.00088200,2.21000000,0
1531182069656,1531182069658,3531270,0.00088200,22.56000000,0
1531182073168,1531182073172,3531271,0.00088200,0.01000000,0
1531182109744,1531182109746,3531272,0.00088200,2.69000000,0
1531182114319,1531182114323,3531273,0.00088200,11.34000000,0
1531182131077,1531182131080,3531274,0.00088200,1.13000000,0
1531182142503,1531182142506,3531275,0.00088000,159.84000000,1
1531182227142,1531182227144,3531276,0.00088000,1.23000000,1
1531182241217,1531182241219,3531277,0.00088200,11.33000000,0
1531182291297,1531182291300,3531278,0.00088400,9.00000000,0
1531182293671,1531182293675,3531279,0.00088400,0.02000000,0
1531182293684,1531182293688,3531280,0.00088500,9.98000000,1
1531182293685,1531182293688,3531281,0.00088000,9.98000000,1
1531182296741,1531182296745,3531282,0.00088500,9.10000000,0
1531182297623,1531182297627,3531283,0.00088400,10.20000000,0
1531182313493,1531182313496,3531284,0.00088000,54.56000000,1
1531182318280,1531182318274,3531285,0.00088000,17.57000000,1
1531182318481,1531182318484,3531286,0.00088600,5.13000000,0
1531182320205,1531182320206,3531287,0.00088800,12.17000000,0
1531182321894,1531182321896,3531288,0.00088800,43.64000000,0
1531182341215,1531182341217,3531289,0.00088300,1.48000000,1
1531182391364,1531182391365,3531290,0.00088600,2.82000000,1
1531182426372,1531182426376,3531291,0.00088300,1.48000000,0
1531182478132,1531182478134,3531292,0.00088500,0.04000000,0
1531182485816,1531182485820,3531293,0.00088400,11.08000000,0
1531182499196,1531182499199,3531294,0.00088200,17.60000000,1
1531182507038,1531182507041,3531295,0.00088400,4.75000000,0
1531182507228,1531182507230,3531296,0.00088400,11.29000000,0
1531182563597,1531182563596,3531297,0.00088400,2.00000000,0
1531182612280,1531182612282,3531298,0.00088400,2.00000000,0
1531182643950,1531182643951,3531299,0.00088400,7.01000000,0
1531182645650,1531182645651,3531300,0.00088400,1.67000000,0
1531182663978,1531182663980,3531301,0.00088400,4.18000000,0
1531182707190,1531182707192,3531302,0.00088200,1.23000000,1
1531182707220,1531182707223,3531303,0.00088200,1.23000000,1
1531182710831,1531182710834,3531304,0.00088400,3.57000000,0
1531182733890,1531182733894,3531305,0.00088400,0.03000000,0
1531182758406,1531182758408,3531306,0.00088400,4.94000000,0
1531182770667,1531182770670,3531307,0.00088500,8.24000000,0
1531182783626,1531182783627,3531308,0.00088500,9.10000000,0
1531182786657,1531182786659,3531309,0.00088500,7.87000000,0
1531182786657,1531182786659,3531310,0.00088600,0.23000000,0
1531182795469,1531182795471,3531311,0.00088600,26.66000000,0
1531182805418,1531182805420,3531312,0.00088600,38.84000000,0
1531182823141,1531182823142,3531313,0.00088500,9.01000000,1
1531182823141,1531182823142,3531314,0.00088300,16.04000000,1
1531183017594,1531183017596,3531315,0.00088600,13.69000000,0
1531183019598,1531183019600,3531316,0.00088700,63.57000000,0
1531183028233,1531183028234,3531317,0.00088500,1.22000000,1
1531183187823,1531183187824,3531318,0.00088600,105.30000000,1
1531183272253,1531183272252,3531319,0.00088600,11.28000000,0
1531183280295,1531183280295,3531320,0.00088500,1.94000000,1
1531183438674,1531183438672,3531321,0.00088600,20.00000000,0
1531183445675,1531183445675,3531322,0.00088500,8.93000000,1
1531183450882,1531183450880,3531323,0.00088500,19.00000000,0
1531183451024,1531183451021,3531324,0.00088400,6.37000000,1
1531183456644,1531183456644,3531325,0.00088500,20.00000000,0
1531183467241,1531183467240,3531326,0.00088500,20.00000000,0
1531183468282,1531183468283,3531327,0.00088500,7.83000000,0
1531183472862,1531183472862,3531328,0.00088500,20.00000000,0
1531183477657,1531183477655,3531329,0.00088500,20.00000000,0
1531183489034,1531183489033,3531330,0.00088500,20.00000000,0
1531183489813,1531183489812,3531331,0.00088500,0.06000000,0
1531183496432,1531183496431,3531332,0.00088500,20.00000000,0
1531183504431,1531183504428,3531333,0.00088500,20.00000000,0
1531183510112,1531183510112,3531334,0.00088500,20.00000000,0
1531183524857,1531183524857,3531335,0.00088500,20.00000000,0
1531183532864,1531183532865,3531336,0.00088500,9.04000000,0
1531183533445,1531183533444,3531337,0.00088500,20.00000000,0
1531183534742,1531183534743,3531338,0.00088500,63.26000000,0
1531183539580,1531183539579,3531339,0.00088500,20.00000000,0
1531183545220,1531183545220,3531340,0.00088500,8.00000000,0
1531183569089,1531183569089,3531341,0.00088500,20.00000000,0
1531183579123,1531183579122,3531342,0.00088500,20.00000000,0
1531183581693,1531183581692,3531343,0.00088500,35.35000000,0
1531183586802,1531183586801,3531344,0.00088500,20.00000000,0
1531183602640,1531183602640,3531345,0.00088500,12.97000000,0
1531183607520,1531183607518,3531346,0.00088500,223.20000000,0
1531183620398,1531183620395,3531347,0.00088600,20.00000000,0
1531183620482,1531183620483,3531348,0.00088600,319.57000000,0
1531183621534,1531183621533,3531349,0.00088700,8.99000000,0
1531183690949,1531183690949,3531350,0.00088900,812.61000000,0
1531184256565,1531184256560,3531351,0.00088800,3.89000000,1
1531184256565,1531184256560,3531352,0.00088700,8.99000000,1
1531184256565,1531184256560,3531353,0.00088600,76.17000000,1
1531184256565,1531184256560,3531354,0.00088500,2.80000000,1
1531184427004,1531184427002,3531355,0.00088900,8.97000000,0
1531184427004,1531184427002,3531356,0.00089000,4.50000000,0
1531184427030,1531184427027,3531357,0.00089000,45.11000000,1
1531184427033,1531184427028,3531358,0.00089000,10.52000000,1
1531184427040,1531184427038,3531359,0.00089000,2.83000000,1
1531184437959,1531184437956,3531360,0.00089000,93.42000000,1
1531184439477,1531184439475,3531361,0.00089000,55.86000000,1
1531184441780,1531184441778,3531362,0.00088900,3.00000000,1
1531184442320,1531184442318,3531363,0.00088900,3.00000000,1
1531184442889,1531184442886,3531364,0.00088900,2.97000000,1
1531184443657,1531184443655,3531365,0.00088800,45.07000000,0
1531184444145,1531184444143,3531366,0.00088800,42.21000000,0
1531184446801,1531184446797,3531367,0.00088600,9.00000000,1
1531184446801,1531184446797,3531368,0.00088500,36.07000000,1
1531184513031,1531184513028,3531369,0.00088500,7.08000000,1
1531184605127,1531184605124,3531370,0.00088700,2.00000000,0
1531184606559,1531184606554,3531371,0.00088700,2.00000000,0
1531184715379,1531184715374,3531372,0.00088700,4.99000000,0
1531184719831,1531184719827,3531373,0.00088700,6.74000000,1
1531184768408,1531184768405,3531374,0.00088600,0.03000000,1
1531184778704,1531184778702,3531375,0.00088600,0.15000000,1
1531184983749,1531184983745,3531376,0.00088600,2.68000000,1
1531185008289,1531185008285,3531377,0.00088600,0.01000000,1
1531185051278,1531185051272,3531378,0.00088600,6.13000000,1
1531185220205,1531185220200,3531379,0.00088300,1.23000000,1
1531185445867,1531185445863,3531380,0.00088300,1.23000000,1
1531185541169,1531185541164,3531381,0.00088300,1.23000000,1
1531185578819,1531185578813,3531382,0.00088300,23.05000000,1
1531185578819,1531185578813,3531383,0.00088200,62.94000000,1
1531185578819,1531185578813,3531384,0.00088100,99.83000000,1
1531185578819,1531185578813,3531385,0.00088000,180.11000000,1
1531185815016,1531185815011,3531386,0.00088400,0.01000000,0
1531186019782,1531186019776,3531387,0.00088300,7.97000000,1
1531186095028,1531186095023,3531388,0.00088400,6.35000000,0
1531186098795,1531186098789,3531389,0.00088400,3.57000000,0
1531186217795,1531186217789,3531390,0.00088300,2.94000000,1
1531186218135,1531186218129,3531391,0.00088100,3.19000000,1
1531186328107,1531186328102,3531392,0.00088100,2.87000000,1
1531186336394,1531186336388,3531393,0.00088400,2.63000000,0
1531186361315,1531186361310,3531394,0.00088300,1.23000000,1
1531186361817,1531186361813,3531395,0.00088300,1.40000000,1
1531186467173,1531186467168,3531396,0.00088400,4.77000000,0
1531186475836,1531186475830,3531397,0.00088300,2.00000000,0
1531186475837,1531186475831,3531398,0.00088300,5.00000000,0
1531186476023,1531186476019,3531399,0.00088300,5.81000000,0
1531186476031,1531186476027,3531400,0.00088300,9.00000000,0
1531186503652,1531186503645,3531401,0.00088400,2.00000000,0
1531186548407,1531186548400,3531402,0.00088400,2.00000000,0
1531186593870,1531186593865,3531403,0.00088300,5.61000000,1
1531186638047,1531186638040,3531404,0.00088300,7.42000000,1
1531186725912,1531186725906,3531405,0.00088300,2.00000000,0
1531186728348,1531186728342,3531406,0.00088300,2.00000000,0
1531186757213,1531186757206,3531407,0.00088400,11.72000000,0
1531186757213,1531186757206,3531408,0.00088600,11.19000000,0
1531186757213,1531186757206,3531409,0.00088700,48.09000000,0
1531186802493,1531186802489,3531410,0.00088400,2.00000000,0
1531186843875,1531186843870,3531411,0.00088300,1.70000000,0
1531186843875,1531186843870,3531412,0.00088400,1.87000000,0
1531186879560,1531186879554,3531413,0.00088200,0.03000000,1
1531186890428,1531186890422,3531414,0.00088400,2.00000000,0
1531186912418,1531186912413,3531415,0.00088300,1.36000000,0
1531186912418,1531186912413,3531416,0.00088400,0.64000000,0
1531186935960,1531186935955,3531417,0.00088400,2.00000000,0
1531186936857,1531186936852,3531418,0.00088400,0.51000000,0
1531186936857,1531186936852,3531419,0.00088500,16.49000000,0
1531186938411,1531186938406,3531420,0.00088500,2.00000000,0
1531186940723,1531186940718,3531421,0.00088500,2.00000000,0
1531186950999,1531186950995,3531422,0.00088500,16.00000000,0
1531186957736,1531186957730,3531423,0.00088600,20.00000000,0
1531186965102,1531186965097,3531424,0.00088600,19.00000000,0
1531186974740,1531186974733,3531425,0.00088500,23.09000000,0
1531186976243,1531186976238,3531426,0.00088500,1.13000000,0
1531186979660,1531186979654,3531427,0.00088500,20.00000000,0
1531186985376,1531186985370,3531428,0.00088500,9.00000000,0
1531186993137,1531186993133,3531429,0.00088500,20.00000000,0
1531186996379,1531186996375,3531430,0.00088600,2.58000000,0
1531187008521,1531187008516,3531431,0.00088500,2.00000000,1
1531187019882,1531187019876,3531432,0.00088500,28.00000000,1
1531187019947,1531187019941,3531433,0.00088500,2.29000000,1
1531187021279,1531187021275,3531434,0.00088500,5.00000000,1
1531187021542,1531187021538,3531435,0.00088500,0.50000000,1
1531187021542,1531187021538,3531436,0.00088400,3.31000000,1
1531187022574,1531187022568,3531437,0.00088400,2.00000000,1
1531187022588,1531187022583,3531438,0.00088400,2.00000000,1
1531187073657,1531187073650,3531439,0.00088600,1.22000000,0
1531187144294,1531187144287,3531440,0.00088600,5.20000000,0
1531187144294,1531187144287,3531441,0.00088700,4.80000000,0
1531187202180,1531187202174,3531442,0.00088700,11.27000000,0
1531187205100,1531187205096,3531443,0.00088600,11.29000000,0
1531187206041,1531187206037,3531444,0.00088600,8.00000000,0
1531187207167,1531187207162,3531445,0.00088600,11.29000000,0
1531187211833,1531187211828,3531446,0.00088600,10.20000000,0
1531187211911,1531187211907,3531447,0.00088600,8.00000000,0
1531187214223,1531187214218,3531448,0.00088600,10.00000000,0
1531187215570,1531187215566,3531449,0.00088600,5.00000000,0
1531187215820,1531187215815,3531450,0.00088600,8.20000000,0
1531187215952,1531187215948,3531451,0.00088600,5.00000000,0
1531187216048,1531187216044,3531452,0.00088600,8.00000000,0
1531187216566,1531187216561,3531453,0.00088600,26.34000000,0
1531187216810,1531187216804,3531454,0.00088600,10.00000000,0
1531187216839,1531187216833,3531455,0.00088600,7.00000000,0
1531187217472,1531187217468,3531456,0.00088600,26.41000000,0
1531187217622,1531187217616,3531457,0.00088600,9.42000000,0
1531187218936,1531187218930,3531458,0.00088800,10.00000000,0
1531187237408,1531187237402,3531459,0.00088700,35.14000000,1
1531187239161,1531187239156,3531460,0.00088700,1.22000000,1
1531187264045,1531187264041,3531461,0.00088700,31.10000000,1
1531187271940,1531187271933,3531462,0.00088700,3.06000000,1
1531187295185,1531187295180,3531463,0.00088800,1.22000000,0
1531187382760,1531187382756,3531464,0.00088800,9.00000000,0
1531187384915,1531187384910,3531465,0.00088800,9.10000000,0
1531187387353,1531187387347,3531466,0.00088800,10.00000000,0
1531187387971,1531187387967,3531467,0.00088800,5.00000000,0
1531187392337,1531187392331,3531468,0.00088800,9.90000000,0
1531187394673,1531187394668,3531469,0.00088800,8.10000000,0
1531187397082,1531187397076,3531470,0.00088800,9.00000000,0
1531187399648,1531187399642,3531471,0.00088800,9.00000000,0
1531187401968,1531187401963,3531472,0.00088800,7.90000000,0
1531187404405,1531187404400,3531473,0.00088800,7.90000000,0
1531187406601,1531187406597,3531474,0.00088800,7.90000000,0
1531187408908,1531187408903,3531475,0.00088800,9.90000000,0
1531187427593,1531187427586,3531476,0.00088700,4.70000000,1
1531187442130,1531187442126,3531477,0.00088800,1.22000000,0
1531187524519,1531187524514,3531478,0.00088800,8.90000000,0
1531187526721,1531187526716,3531479,0.00088800,8.00000000,0
1531187531365,1531187531361,3531480,0.00088800,9.00000000,0
1531187533562,1531187533558,3531481,0.00088800,9.00000000,0
1531187535863,1531187535859,3531482,0.00088800,8.00000000,0
1531187538097,1531187538092,3531483,0.00088800,9.90000000,0
1531187540597,1531187540592,3531484,0.00088800,9.90000000,0
1531187541209,1531187541204,3531485,0.00088800,1.22000000,0
1531187545369,1531187545363,3531486,0.00088800,8.10000000,0
1531187655053,1531187655048,3531487,0.00088700,44.51000000,1
1531187662562,1531187662558,3531488,0.00088800,56.20000000,0
1531187666371,1531187666365,3531489,0.00088800,9.10000000,0
1531187668661,1531187668655,3531490,0.00088800,7.90000000,0
1531187669915,1531187669910,3531491,0.00088800,2.00000000,0
1531187671051,1531187671046,3531492,0.00088800,7.90000000,0
1531187673540,1531187673536,3531493,0.00088800,9.10000000,0
1531187674704,1531187674698,3531494,0.00088800,14.54000000,0
1531187675562,1531187675556,3531495,0.00088800,8.00000000,0
1531187675775,1531187675771,3531496,0.00088800,8.10000000,0
1531187675807,1531187675801,3531497,0.00088800,21.00000000,0
1531187676451,1531187676446,3531498,0.00088800,8.80000000,0
1531187676801,1531187676797,3531499,0.00088800,8.00000000,0
1531187679161,1531187679157,3531500,0.00088800,8.00000000,0
1531187681465,1531187681461,3531501,0.00088800,0.50000000,0
1531187681465,1531187681461,3531502,0.00088900,9.60000000,0
1531187686594,1531187686589,3531503,0.00088900,9.90000000,0
1531187688709,1531187688704,3531504,0.00088900,9.00000000,0
1531187691478,1531187691474,3531505,0.00088900,8.90000000,0
1531187693572,1531187693567,3531506,0.00088900,8.00000000,0
1531187696186,1531187696181,3531507,0.00088900,8.10000000,0
1531187698708,1531187698705,3531508,0.00088900,9.00000000,0
1531187701000,1531187700995,3531509,0.00088900,8.10000000,0
1531187850499,1531187850493,3531510,0.00089000,1.00000000,0
1531187906248,1531187906244,3531511,0.00088800,46.99000000,1
1531188048427,1531188048423,3531512,0.00088700,86.00000000,1
1531188050249,1531188050245,3531513,0.00088600,20.88000000,1
1531188050249,1531188050245,3531514,0.00088300,105.40000000,1
1531188058429,1531188058423,3531515,0.00088800,20.75000000,0
1531188060615,1531188060611,3531516,0.00088800,26.79000000,0
1531188063442,1531188063440,3531517,0.00088800,24.28000000,0
1531188065470,1531188065465,3531518,0.00088800,15.78000000,0
1531188067297,1531188067294,3531519,0.00088800,8.32000000,0
1531188068023,1531188068018,3531520,0.00088800,4.55000000,0
1531188071531,1531188071526,3531521,0.00088800,2.37000000,0
1531188087860,1531188087855,3531522,0.00088700,103.00000000,1
1531188130250,1531188130247,3531523,0.00088800,2.59000000,0
1531188131846,1531188131842,3531524,0.00088800,51.96000000,1
1531188131896,1531188131894,3531525,0.00088800,18.23000000,0
1531188131970,1531188131967,3531526,0.00088800,19.81000000,0
1531188134251,1531188134247,3531527,0.00088800,70.19000000,1
1531188180770,1531188180765,3531528,0.00088800,101.00000000,1
1531188196288,1531188196283,3531529,0.00088800,118.00000000,1
1531188221342,1531188221337,3531530,0.00088800,47.44000000,0
1531188221364,1531188221360,3531531,0.00088800,58.56000000,0
1531188230380,1531188230377,3531532,0.00088800,47.44000000,1
1531188230472,1531188230469,3531533,0.00088800,4.49000000,0
1531188230492,1531188230487,3531534,0.00088800,5.07000000,0
1531188244298,1531188244295,3531535,0.00088900,8.97000000,0
1531188244412,1531188244409,3531536,0.00088900,60.03000000,1
1531188258997,1531188258993,3531537,0.00088900,8.97000000,0
1531188259111,1531188259108,3531538,0.00088900,45.03000000,1
1531188280069,1531188280065,3531539,0.00088900,8.97000000,0
1531188280176,1531188280173,3531540,0.00088900,11.03000000,1
1531188301984,1531188301980,3531541,0.00088900,8.97000000,0
1531188302101,1531188302097,3531542,0.00088900,90.03000000,1
1531188333453,1531188333448,3531543,0.00088900,8.97000000,0
1531188333568,1531188333563,3531544,0.00088900,1.03000000,1
1531188351255,1531188351251,3531545,0.00088900,8.97000000,0
1531188351374,1531188351369,3531546,0.00088900,34.03000000,1
1531188358089,1531188358086,3531547,0.00088800,0.20000000,1
1531188367644,1531188367640,3531548,0.00088800,51.73000000,1
1531188367742,1531188367738,3531549,0.00088800,1.22000000,0
1531188367770,1531188367766,3531550,0.00088800,0.05000000,0
1531188377055,1531188377052,3531551,0.00088800,52.95000000,1
1531188377184,1531188377178,3531552,0.00088800,33.05000000,0
1531188394854,1531188394851,3531553,0.00088800,42.00000000,1
1531188418347,1531188418343,3531554,0.00088800,89.00000000,1
1531188423158,1531188423153,3531555,0.00088900,10.32000000,0
1531188445103,1531188445099,3531556,0.00088900,6.63000000,1
1531188445225,1531188445221,3531557,0.00088900,90.37000000,0
1531188449930,1531188449925,3531558,0.00088900,0.06000000,1
1531188453254,1531188453248,3531559,0.00089000,12.62000000,0
1531188460224,1531188460219,3531560,0.00088900,43.00000000,1
1531188481701,1531188481698,3531561,0.00088900,6.57000000,1
1531188486579,1531188486575,3531562,0.00088900,99.00000000,0
1531188499722,1531188499719,3531563,0.00088900,8.44000000,1
1531188499790,1531188499788,3531564,0.00088900,22.56000000,1
1531188522327,1531188522324,3531565,0.00088900,31.00000000,0
1531188522466,1531188522461,3531566,0.00088900,73.00000000,1
1531188541551,1531188541548,3531567,0.00088900,31.00000000,0
1531188541592,1531188541590,3531568,0.00088900,4.22000000,1
1531188541677,1531188541673,3531569,0.00088900,9.78000000,1
1531188565196,1531188565194,3531570,0.00088900,89.00000000,0
1531188576691,1531188576686,3531571,0.00088900,77.00000000,0
1531188584678,1531188584674,3531572,0.00088900,6.58000000,0
1531188599919,1531188599914,3531573,0.00088800,42.00000000,1
1531188601799,1531188601795,3531574,0.00088800,10.95000000,1
1531188601921,1531188601917,3531575,0.00088800,100.05000000,0
1531188608923,1531188608919,3531576,0.00088800,0.03000000,1
1531188617547,1531188617542,3531577,0.00088800,0.03000000,1
1531188626175,1531188626172,3531578,0.00088900,26.00000000,0
1531188639490,1531188639487,3531579,0.00088900,68.00000000,0
1531188687018,1531188687014,3531580,0.00088800,13.47000000,1
1531188687139,1531188687134,3531581,0.00088800,63.53000000,0
1531188701702,1531188701699,3531582,0.00088800,7.00000000,1
1531188736702,1531188736699,3531583,0.00088800,6.47000000,1
1531188736819,1531188736816,3531584,0.00088800,45.53000000,0
1531188765839,1531188765833,3531585,0.00088900,28.64000000,0
1531188765966,1531188765964,3531586,0.00088900,74.36000000,1
1531188791016,1531188791006,3531587,0.00088900,102.00000000,0
1531188812589,1531188812586,3531588,0.00088900,28.64000000,0
1531188812704,1531188812702,3531589,0.00088900,90.36000000,1
1531188827811,1531188827809,3531590,0.00088900,28.64000000,0
1531188827926,1531188827923,3531591,0.00088900,86.36000000,1
1531188854143,1531188854142,3531592,0.00088900,13.00000000,0
1531188875844,1531188875841,3531593,0.00088900,54.00000000,0
1531188884092,1531188884090,3531594,0.00088900,5.61000000,0
1531188896901,1531188896898,3531595,0.00088900,105.00000000,0
1531188903733,1531188903728,3531596,0.00088800,2.73000000,1
1531188915827,1531188915824,3531597,0.00088900,11.24000000,0
1531188922995,1531188922992,3531598,0.00088800,6.82000000,1
1531188923114,1531188923110,3531599,0.00088800,8.18000000,0
1531188926420,1531188926417,3531600,0.00088900,11.79000000,0
1531188926420,1531188926417,3531601,0.00089000,99.19000000,0
1531188938018,1531188938015,3531602,0.00088800,6.82000000,1
1531188943515,1531188943513,3531603,0.00088700,27.00000000,1
1531188963555,1531188963552,3531604,0.00088700,57.09000000,1
1531188970791,1531188970787,3531605,0.00088800,26.00000000,0
1531188999989,1531188999985,3531606,0.00088800,82.00000000,1
1531189002830,1531189002826,3531607,0.00088900,8.96000000,0
1531189002830,1531189002826,3531608,0.00089000,44.22000000,0
1531189003192,1531189003188,3531609,0.00089000,5.00000000,1
1531189003196,1531189003192,3531610,0.00089000,1.17000000,1
1531189009165,1531189009161,3531611,0.00089100,108.95000000,0
1531189009197,1531189009192,3531612,0.00089100,2.00000000,1
1531189009203,1531189009201,3531613,0.00089100,2.11000000,1
1531189009212,1531189009209,3531614,0.00089100,1.40000000,1
1531189009353,1531189009350,3531615,0.00089100,33.67000000,1
1531189009376,1531189009375,3531616,0.00089100,2.00000000,1
1531189009869,1531189009865,3531617,0.00089100,100.00000000,1
1531189011360,1531189011358,3531618,0.00089100,13.55000000,1
1531189011744,1531189011739,3531619,0.00089100,29.00000000,1
1531189012342,1531189012339,3531620,0.00089100,107.52000000,1
1531189015344,1531189015339,3531621,0.00089000,8.96000000,1
1531189024701,1531189024699,3531622,0.00088900,120.00000000,1
1531189057827,1531189057823,3531623,0.00088900,95.00000000,0
1531189059342,1531189059340,3531624,0.00089000,20.00000000,1
1531189067313,1531189067310,3531625,0.00089100,4.67000000,0
1531189096665,1531189096663,3531626,0.00088900,67.00000000,1
1531189110807,1531189110804,3531627,0.00088900,81.00000000,0
1531189141143,1531189141142,3531628,0.00088900,20.00000000,1
1531189187784,1531189187781,3531629,0.00088900,42.00000000,0
1531189188122,1531189188120,3531630,0.00088900,10.00000000,0
1531189188753,1531189188749,3531631,0.00089000,1.22000000,1
1531189189346,1531189189342,3531632,0.00089000,8.77000000,1
1531189192292,1531189192289,3531633,0.00089100,4.28000000,0
1531189192292,1531189192289,3531634,0.00089200,6.96000000,0
1531189201897,1531189201894,3531635,0.00089100,96.00000000,0
1531189214731,1531189214730,3531636,0.00089100,33.67000000,1
1531189214746,1531189214743,3531637,0.00089100,50.33000000,1
1531189216580,1531189216578,3531638,0.00089000,0.01000000,1
1531189216580,1531189216578,3531639,0.00088800,0.02000000,1
1531189248870,1531189248867,3531640,0.00088900,16.00000000,0
1531189268390,1531189268386,3531641,0.00088900,114.00000000,1
1531189291319,1531189291317,3531642,0.00088900,55.00000000,1
1531189304656,1531189304652,3531643,0.00088800,8.96000000,1
1531189304666,1531189304663,3531644,0.00088700,21.90000000,1
1531189304695,1531189304691,3531645,0.00088500,30.86000000,1
1531189309851,1531189309847,3531646,0.00088600,109.00000000,0
1531189311729,1531189311728,3531647,0.00088700,8.00000000,0
1531189314064,1531189314061,3531648,0.00088700,0.96000000,0
1531189314064,1531189314061,3531649,0.00088800,8.14000000,0
1531189324878,1531189324875,3531650,0.00088600,10.00000000,1
1531189332415,1531189332413,3531651,0.00088800,8.98000000,0
1531189332415,1531189332413,3531652,0.00089000,11.02000000,0
1531189353456,1531189353455,3531653,0.00088500,58.00000000,1
1531189372761,1531189372757,3531654,0.00088900,11.24000000,0
1531189381724,1531189381721,3531655,0.00088600,0.03000000,1
1531189388800,1531189388798,3531656,0.00088700,66.00000000,0
1531189401127,1531189401125,3531657,0.00088900,9.00000000,0
1531189401500,1531189401497,3531658,0.00088700,42.00000000,1
1531189401760,1531189401757,3531659,0.00088700,2.00000000,0
1531189403702,1531189403701,3531660,0.00088600,8.97000000,1
1531189416182,1531189416179,3531661,0.00088300,0.03000000,1
1531189416650,1531189416649,3531662,0.00088400,19.00000000,1
1531189430870,1531189430867,3531663,0.00088400,105.00000000,0
1531189452908,1531189452904,3531664,0.00088400,31.00000000,1
1531189482878,1531189482875,3531665,0.00088600,74.00000000,0
1531189500575,1531189500575,3531666,0.00088600,64.00000000,1
1531189530409,1531189530409,3531667,0.00088600,58.00000000,1
1531189555034,1531189555031,3531668,0.00088600,20.00000000,1
1531189572183,1531189572180,3531669,0.00088600,69.00000000,1
1531189572533,1531189572530,3531670,0.00088500,56.14000000,1
1531189586907,1531189586903,3531671,0.00088600,1.22000000,1
1531189587383,1531189587380,3531672,0.00088600,10.20000000,1
1531189587847,1531189587843,3531673,0.00088600,1.22000000,1
1531189589377,1531189589373,3531674,0.00088600,10.00000000,1
1531189589617,1531189589615,3531675,0.00088600,5.00000000,1
1531189590059,1531189590057,3531676,0.00088600,5.00000000,1
1531189591351,1531189591349,3531677,0.00088600,3.50000000,1
1531189592209,1531189592206,3531678,0.00088600,2.80000000,1
1531189597760,1531189597758,3531679,0.00088600,56.00000000,1
1531189604463,1531189604459,3531680,0.00088600,41.70000000,1
1531189604576,1531189604574,3531681,0.00088600,31.30000000,0
1531189606143,1531189606140,3531682,0.00088600,11.25000000,1
1531189609888,1531189609884,3531683,0.00088600,8.45000000,1
1531189613596,1531189613594,3531684,0.00088600,3.56000000,1
1531189617306,1531189617304,3531685,0.00088600,1.77000000,1
1531189618131,1531189618128,3531686,0.00088700,1.22000000,0
1531189619927,1531189619924,3531687,0.00088600,12.33000000,1
1531189627785,1531189627783,3531688,0.00088600,4.34000000,1
1531189627906,1531189627903,3531689,0.00088600,108.66000000,0
1531189649494,1531189649491,3531690,0.00088600,4.34000000,1
1531189649617,1531189649615,3531691,0.00088600,33.66000000,0
1531189660317,1531189660314,3531692,0.00088600,38.00000000,1
1531189682671,1531189682669,3531693,0.00088600,58.00000000,1
1531189710327,1531189710323,3531694,0.00088600,4.34000000,1
1531189710451,1531189710448,3531695,0.00088600,100.66000000,0
1531189712000,1531189711997,3531696,0.00088600,4.34000000,1
1531189712000,1531189711997,3531697,0.00088500,6.95000000,1
1531189715886,1531189715883,3531698,0.00088500,6.35000000,1
1531189720315,1531189720312,3531699,0.00088500,4.77000000,1
1531189744617,1531189744613,3531700,0.00088600,94.00000000,1
1531189763154,1531189763151,3531701,0.00088500,89.61000000,1
1531189764257,1531189764254,3531702,0.00088500,1.22000000,0
1531189769011,1531189769011,3531703,0.00088500,9.17000000,0
1531189769367,1531189769366,3531704,0.00088500,105.83000000,1
1531189785260,1531189785258,3531705,0.00088500,9.17000000,0
1531189785380,1531189785377,3531706,0.00088500,32.83000000,1
1531189803054,1531189803050,3531707,0.00088500,102.00000000,0
1531189823206,1531189823203,3531708,0.00088500,108.00000000,0
1531189841702,1531189841700,3531709,0.00088500,44.00000000,0
1531189868465,1531189868462,3531710,0.00088400,35.00000000,1
1531189884618,1531189884618,3531711,0.00088400,26.00000000,1
1531189897821,1531189897818,3531712,0.00088400,78.00000000,1
1531189909047,1531189909045,3531713,0.00088400,74.00000000,0
1531189919251,1531189919250,3531714,0.00088400,24.00000000,0
1531189958116,1531189958112,3531715,0.00088400,108.00000000,1
1531189995982,1531189995981,3531716,0.00088400,51.00000000,0
1531190021004,1531190021003,3531717,0.00088400,50.00000000,1
1531190046747,1531190046744,3531718,0.00088400,38.00000000,0
1531190067872,1531190067869,3531719,0.00088400,110.00000000,0
1531190107477,1531190107475,3531720,0.00088400,21.00000000,0
1531190152854,1531190152850,3531721,0.00088400,91.00000000,1
1531190172834,1531190172830,3531722,0.00088400,62.00000000,0
1531190190386,1531190190382,3531723,0.00088400,72.00000000,1
1531190217571,1531190217568,3531724,0.00088400,64.00000000,1
1531190225488,1531190225486,3531725,0.00088400,41.00000000,1
1531190247166,1531190247164,3531726,0.00088400,96.00000000,1
1531190270902,1531190270899,3531727,0.00088400,120.00000000,0
1531190294309,1531190294307,3531728,0.00088400,85.00000000,1
1531190309119,1531190309116,3531729,0.00088400,78.00000000,0
1531190326690,1531190326686,3531730,0.00088400,25.00000000,1
1531190342852,1531190342850,3531731,0.00088300,9.03000000,1
1531190342852,1531190342850,3531732,0.00088100,29.23000000,1
1531190355247,1531190355243,3531733,0.00088200,89.00000000,1
1531190400699,1531190400696,3531734,0.00088200,10.00000000,1
1531190433880,1531190433875,3531735,0.00088100,32.00000000,1
1531190445519,1531190445514,3531736,0.00088100,98.00000000,1
1531190458147,1531190458147,3531737,0.00088100,54.00000000,1
1531190474340,1531190474337,3531738,0.00088100,36.36000000,1
1531190479935,1531190479931,3531739,0.00088100,100.00000000,0
1531190503365,1531190503364,3531740,0.00088100,89.00000000,1
1531190518520,1531190518516,3531741,0.00088100,2.00000000,0
1531190518538,1531190518535,3531742,0.00088100,5.85000000,0
1531190518574,1531190518570,3531743,0.00088100,38.15000000,0
1531190548293,1531190548292,3531744,0.00088100,104.00000000,1
1531190571711,1531190571707,3531745,0.00088100,54.00000000,1
1531190583733,1531190583730,3531746,0.00088100,7.85000000,1
1531190605654,1531190605651,3531747,0.00088100,105.00000000,0
1531190616479,1531190616477,3531748,0.00088100,105.00000000,0
1531190632510,1531190632509,3531749,0.00088100,23.27000000,1
1531190632562,1531190632559,3531750,0.00088100,11.73000000,1
1531190648850,1531190648847,3531751,0.00088100,11.00000000,0
1531190666849,1531190666845,3531752,0.00088000,0.32000000,1
1531190672918,1531190672916,3531753,0.00088000,111.00000000,1
1531190672989,1531190672985,3531754,0.00088100,11.35000000,0
1531190674163,1531190674159,3531755,0.00088000,29.62000000,1
1531190685246,1531190685242,3531756,0.00088000,101.00000000,1
1531190685492,1531190685487,3531757,0.00088000,285.50000000,1
1531190693680,1531190693676,3531758,0.00087900,8.00000000,1
1531190693682,1531190693676,3531759,0.00087900,39.91000000,1
1531190693682,1531190693676,3531760,0.00087700,16.03000000,1
1531190693682,1531190693676,3531761,0.00087700,8.36000000,1
1531190693683,1531190693676,3531762,0.00087700,9.13000000,1
1531190693898,1531190693894,3531763,0.00087800,31.00000000,0
1531190694752,1531190694747,3531764,0.00087800,2.36000000,0
1531190695503,1531190695499,3531765,0.00087800,0.01000000,0
1531190695778,1531190695775,3531766,0.00087800,2.33000000,0
1531190696268,1531190696264,3531767,0.00087800,3.93000000,0
1531190696268,1531190696264,3531768,0.00087900,0.49000000,0
1531190698349,1531190698347,3531769,0.00087900,2.00000000,0
1531190710034,1531190710031,3531770,0.00087800,109.00000000,0
1531190735448,1531190735446,3531771,0.00087800,9.00000000,0
1531190735457,1531190735453,3531772,0.00087800,5.94000000,0
1531190735481,1531190735478,3531773,0.00087800,21.85000000,0
1531190735519,1531190735515,3531774,0.00087800,8.21000000,0
1531190735528,1531190735524,3531775,0.00087900,2.43000000,0
1531190735528,1531190735524,3531776,0.00088000,25.57000000,0
1531190738146,1531190738143,3531777,0.00087800,36.79000000,1
1531190758912,1531190758907,3531778,0.00087800,0.45000000,0
1531190758912,1531190758907,3531779,0.00088000,9.63000000,0
1531190758912,1531190758907,3531780,0.00088100,1.30000000,0
1531190760337,1531190760335,3531781,0.00087800,74.00000000,0
1531190776033,1531190776031,3531782,0.00087800,39.00000000,0
1531190783538,1531190783531,3531783,0.00087700,11.43000000,1
1531190783538,1531190783531,3531784,0.00087600,2.30000000,1
1531190783538,1531190783531,3531785,0.00087500,215.51000000,1
1531190783538,1531190783531,3531786,0.00087400,141.65000000,1
1531190785457,1531190785453,3531787,0.00087600,96.00000000,1
1531190801808,1531190801806,3531788,0.00087500,23.10000000,1
1531190829458,1531190829457,3531789,0.00087500,10.84000000,1
1531190847343,1531190847339,3531790,0.00087500,1.18000000,1
1531190847343,1531190847339,3531791,0.00087400,6.74000000,1
1531190857410,1531190857406,3531792,0.00087500,90.00000000,1
1531190880821,1531190880818,3531793,0.00087500,4.29000000,0
1531190880852,1531190880849,3531794,0.00087500,32.71000000,0
1531190906492,1531190906489,3531795,0.00087500,4.29000000,1
1531190906620,1531190906616,3531796,0.00087500,56.71000000,0
1531190907671,1531190907666,3531797,0.00087600,9.11000000,0
1531190909184,1531190909181,3531798,0.00087600,1.24000000,1
1531190922653,1531190922649,3531799,0.00087500,4.10000000,1
1531190923932,1531190923929,3531800,0.00087500,4.92000000,1
1531190927041,1531190927037,3531801,0.00087500,3.51000000,1
1531190935479,1531190935474,3531802,0.00087500,0.88000000,1
1531190935479,1531190935474,3531803,0.00087400,5.78000000,1
1531190936473,1531190936470,3531804,0.00087400,1.26000000,1
1531190936980,1531190936977,3531805,0.00087500,53.00000000,0
1531190942354,1531190942351,3531806,0.00087400,4.90000000,1
1531190944018,1531190944014,3531807,0.00087400,4.90000000,1
1531190944723,1531190944720,3531808,0.00087400,5.10000000,1
1531190947395,1531190947392,3531809,0.00087400,6.00000000,1
1531190947429,1531190947427,3531810,0.00087400,4.90000000,1
1531190948164,1531190948160,3531811,0.00087400,2.54000000,1
1531190948905,1531190948901,3531812,0.00087400,5.00000000,1
1531190949520,1531190949516,3531813,0.00087400,4.00000000,1
1531190951333,1531190951330,3531814,0.00087400,6.00000000,1
1531190951940,1531190951937,3531815,0.00087400,4.50000000,1
1531190954377,1531190954374,3531816,0.00087400,4.00000000,1
1531190956551,1531190956548,3531817,0.00087400,5.90000000,1
1531190956942,1531190956939,3531818,0.00087400,0.50000000,1
1531190961071,1531190961068,3531819,0.00087400,1.21000000,1
1531190965888,1531190965880,3531820,0.00087500,27.00000000,1
1531190973964,1531190973960,3531821,0.00087400,10.10000000,1
1531190973975,1531190973973,3531822,0.00087400,5.90000000,1
1531190974070,1531190974067,3531823,0.00087400,4.00000000,1
1531190976433,1531190976430,3531824,0.00087400,6.00000000,1
1531190976443,1531190976442,3531825,0.00087400,10.10000000,1
1531190978610,1531190978606,3531826,0.00087400,10.00000000,1
1531190978801,1531190978798,3531827,0.00087400,6.10000000,1
1531190980980,1531190980977,3531828,0.00087400,5.00000000,1
1531190981040,1531190981038,3531829,0.00087400,5.00000000,1
1531190981218,1531190981214,3531830,0.00087400,10.10000000,1
1531190981316,1531190981311,3531831,0.00087400,208.14000000,1
1531190989833,1531190989831,3531832,0.00087400,2.00000000,0
1531190995206,1531190995203,3531833,0.00087400,3.00000000,0
1531190999363,1531190999362,3531834,0.00087200,46.00000000,0
1531191000189,1531191000187,3531835,0.00087200,8.00000000,1
1531191001094,1531191001091,3531836,0.00087200,1.25000000,1
1531191001790,1531191001787,3531837,0.00087200,940.62000000,1
1531191002248,1531191002245,3531838,0.00087200,8.00000000,1
1531191002314,1531191002311,3531839,0.00087200,6.94000000,1
1531191002564,1531191002561,3531840,0.00087200,8.10000000,1
1531191002655,1531191002652,3531841,0.00087200,2.96000000,1
1531191002736,1531191002733,3531842,0.00087200,10.00000000,1
1531191003274,1531191003271,3531843,0.00087400,9.72000000,0
1531191003787,1531191003784,3531844,0.00087200,6.00000000,1
1531191003828,1531191003827,3531845,0.00087200,4.90000000,1
1531191005009,1531191005007,3531846,0.00087200,8.00000000,1
1531191005204,1531191005194,3531847,0.00087200,1.36000000,1
1531191005389,1531191005387,3531848,0.00087200,9.20000000,1
1531191005666,1531191005663,3531849,0.00087200,8.10000000,1
1531191005892,1531191005888,3531850,0.00087200,5.61000000,1
1531191005967,1531191005965,3531851,0.00087200,4.90000000,1
1531191006226,1531191006224,3531852,0.00087200,5.00000000,1
1531191006624,1531191006622,3531853,0.00087200,6.20000000,1
1531191006831,1531191006828,3531854,0.00087200,7.97000000,1
1531191007146,1531191007142,3531855,0.00087200,8.00000000,1
1531191007344,1531191007341,3531856,0.00087200,8.90000000,1
1531191008246,1531191008243,3531857,0.00087200,7.74000000,1
1531191008246,1531191008243,3531858,0.00087100,1.39000000,1
1531191008246,1531191008243,3531859,0.00087000,1.77000000,1
1531191008246,1531191008243,3531860,0.00087000,4.00000000,1
1531191008758,1531191008755,3531861,0.00087000,16.00000000,1
1531191020759,1531191020756,3531862,0.00087000,2.00000000,1
1531191020881,1531191020877,3531863,0.00087000,2.09000000,1
1531191020996,1531191020995,3531864,0.00087000,1.94000000,1
1531191021346,1531191021343,3531865,0.00087000,4.45000000,1
1531191021684,1531191021681,3531866,0.00087000,4.45000000,1
1531191021883,1531191021882,3531867,0.00087000,2.00000000,1
1531191024041,1531191024039,3531868,0.00087000,2.00000000,1
1531191024582,1531191024578,3531869,0.00087200,9.15000000,0
1531191027206,1531191027204,3531870,0.00087100,2.39000000,1
1531191030706,1531191030701,3531871,0.00087100,6.77000000,1
1531191030706,1531191030701,3531872,0.00087000,3.23000000,1
1531191031025,1531191031022,3531873,0.00087100,73.00000000,0
1531191041816,1531191041812,3531874,0.00087000,1.17000000,1
1531191041888,1531191041886,3531875,0.00087000,2.35000000,1
1531191042515,1531191042512,3531876,0.00087100,23.00000000,1
1531191046568,1531191046564,3531877,0.00087000,5.00000000,1
1531191046606,1531191046603,3531878,0.00087000,3.90000000,1
1531191046618,1531191046615,3531879,0.00087000,5.23000000,1
1531191049196,1531191049192,3531880,0.00086800,2.11000000,1
1531191049196,1531191049192,3531881,0.00086700,0.29000000,1
1531191053391,1531191053388,3531882,0.00086700,0.10000000,1
1531191055186,1531191055184,3531883,0.00086700,20.60000000,1
1531191057533,1531191057529,3531884,0.00086900,2.00000000,0
1531191070488,1531191070485,3531885,0.00086800,34.00000000,0
1531191073931,1531191073930,3531886,0.00086700,208.62000000,1
1531191077819,1531191077817,3531887,0.00086600,10.91000000,1
1531191090188,1531191090185,3531888,0.00086700,88.00000000,1
1531191116612,1531191116610,3531889,0.00086600,15.99000000,1
1531191118410,1531191118407,3531890,0.00086600,14.00000000,1
1531191137558,1531191137555,3531891,0.00086500,74.36000000,1
1531191152028,1531191152025,3531892,0.00086500,79.00000000,1
1531191174144,1531191174139,3531893,0.00086500,159.37000000,0
1531191174498,1531191174496,3531894,0.00086500,30.63000000,0
1531191174498,1531191174496,3531895,0.00086600,128.74000000,0
1531191187415,1531191187411,3531896,0.00086500,43.00000000,0
1531191222944,1531191222941,3531897,0.00086500,31.00000000,1
1531191242181,1531191242177,3531898,0.00086500,98.00000000,0
1531191251361,1531191251357,3531899,0.00086500,20.00000000,0
1531191251720,1531191251717,3531900,0.00086400,6.70000000,1
1531191252844,1531191252841,3531901,0.00086300,1.68000000,1
1531191266997,1531191266993,3531902,0.00086300,1.66000000,1
1531191266997,1531191266993,3531903,0.00086200,5.55000000,1
1531191267876,1531191267872,3531904,0.00086200,4.67000000,1
1531191282208,1531191282205,3531905,0.00086300,60.00000000,0
1531191294852,1531191294848,3531906,0.00086200,11.01000000,1
1531191295298,1531191295293,3531907,0.00086200,7.78000000,1
1531191295298,1531191295293,3531908,0.00086100,3.33000000,1
1531191295298,1531191295293,3531909,0.00086100,18.88000000,1
1531191309172,1531191309169,3531910,0.00086200,58.00000000,1
1531191317738,1531191317734,3531911,0.00086400,34.72000000,0
1531191331137,1531191331134,3531912,0.00086200,5.15000000,0
1531191331156,1531191331153,3531913,0.00086200,38.04000000,0
1531191331191,1531191331188,3531914,0.00086200,16.81000000,0
1531191357244,1531191357242,3531915,0.00086300,60.00000000,1
1531191362659,1531191362655,3531916,0.00086300,1.35000000,0
1531191371920,1531191371916,3531917,0.00086300,102.00000000,0
1531191394876,1531191394871,3531918,0.00086200,11.00000000,1
1531191398768,1531191398766,3531919,0.00086200,43.19000000,1
1531191430495,1531191430491,3531920,0.00086200,46.00000000,1
1531191434143,1531191434137,3531921,0.00086300,7.90000000,0
1531191435218,1531191435214,3531922,0.00086300,2.05000000,0
1531191436580,1531191436579,3531923,0.00086300,9.10000000,0
1531191437569,1531191437567,3531924,0.00086300,2.02000000,0
1531191438173,1531191438171,3531925,0.00086300,8.00000000,0
1531191438241,1531191438237,3531926,0.00086300,15.24000000,0
1531191438486,1531191438483,3531927,0.00086300,8.80000000,0
1531191438869,1531191438868,3531928,0.00086300,9.10000000,0
1531191439552,1531191439548,3531929,0.00086300,57.31000000,0
1531191441150,1531191441146,3531930,0.00086300,10.00000000,0
1531191453550,1531191453546,3531931,0.00086100,57.31000000,1
1531191475177,1531191475173,3531932,0.00086200,96.00000000,0
1531191490938,1531191490936,3531933,0.00086100,34.96000000,1
1531191505107,1531191505103,3531934,0.00086200,18.00000000,0
1531191506074,1531191506073,3531935,0.00086300,3.28000000,0
1531191546381,1531191546377,3531936,0.00086200,105.00000000,0
1531191584281,1531191584276,3531937,0.00086300,24.38000000,0
1531191584281,1531191584276,3531938,0.00086500,75.57000000,0
1531191584281,1531191584276,3531939,0.00086600,40.06000000,0
1531191584281,1531191584276,3531940,0.00086800,100.00000000,0
1531191584301,1531191584298,3531941,0.00086800,181.61000000,1
1531191584302,1531191584299,3531942,0.00086800,46.08000000,1
1531191584356,1531191584353,3531943,0.00086800,34.56000000,1
1531191584392,1531191584389,3531944,0.00086800,42.00000000,1
1531191585135,1531191585130,3531945,0.00086800,12.50000000,1
1531191585467,1531191585463,3531946,0.00086800,25.20000000,1
1531191585929,1531191585925,3531947,0.00086800,12.00000000,1
1531191587024,1531191587022,3531948,0.00086800,123.34000000,1
1531191587457,1531191587454,3531949,0.00086800,11.52000000,1
1531191589001,1531191588999,3531950,0.00086800,12.00000000,1
1531191589177,1531191589173,3531951,0.00086800,5.76000000,1
1531191589644,1531191589641,3531952,0.00086800,39.07000000,1
1531191590272,1531191590269,3531953,0.00086800,42.00000000,1
1531191591178,1531191591176,3531954,0.00086800,12.00000000,1
1531191596892,1531191596888,3531955,0.00086800,19.88000000,1
1531191616583,1531191616555,3531956,0.00086800,4.18000000,1
1531191616855,1531191616851,3531957,0.00086900,1.77000000,0
1531191616978,1531191616974,3531958,0.00086900,90.23000000,1
1531191619779,1531191619776,3531959,0.00086800,4.00000000,1
1531191619815,1531191619814,3531960,0.00086800,3.70000000,1
1531191619851,1531191619847,3531961,0.00086800,4.40000000,1
1531191619877,1531191619874,3531962,0.00086800,4.50000000,1
1531191622369,1531191622366,3531963,0.00086900,1.77000000,0
1531191622369,1531191622366,3531964,0.00087000,0.52000000,0
1531191622697,1531191622695,3531965,0.00087000,5.57000000,0
1531191626269,1531191626268,3531966,0.00086800,109.88000000,1
1531191632220,1531191632217,3531967,0.00086900,84.00000000,1
1531191632415,1531191632413,3531968,0.00086800,12.09000000,1
1531191640202,1531191640198,3531969,0.00086800,8.44000000,1
1531191642923,1531191642922,3531970,0.00086800,10.26000000,1
1531191645211,1531191645209,3531971,0.00086800,10.80000000,1
1531191656640,1531191656635,3531972,0.00086900,62.00000000,0
1531191666211,1531191666209,3531973,0.00086800,3.00000000,1
1531191666429,1531191666425,3531974,0.00086800,3.00000000,1
1531191666854,1531191666851,3531975,0.00086800,8.00000000,1
1531191667743,1531191667740,3531976,0.00086800,16.00000000,1
1531191669275,1531191669272,3531977,0.00086800,12.00000000,1
1531191680859,1531191680855,3531978,0.00086800,11.00000000,1
1531191682207,1531191682206,3531979,0.00086900,11.50000000,0
1531191682864,1531191682861,3531980,0.00086800,11.47000000,1
1531191685924,1531191685919,3531981,0.00086800,64.17000000,1
1531191690103,1531191690100,3531982,0.00086800,11.28000000,1
1531191698117,1531191698113,3531983,0.00086800,26.00000000,1
1531191722963,1531191722959,3531984,0.00086800,61.00000000,1
1531191768178,1531191768176,3531985,0.00086800,23.00000000,1
1531191768286,1531191768282,3531986,0.00086800,100.00000000,1
1531191769858,1531191769855,3531987,0.00086800,100.00000000,1
1531191772869,1531191772866,3531988,0.00086800,20.91000000,1
1531191783914,1531191783913,3531989,0.00086600,26.00000000,0
1531191816345,1531191816341,3531990,0.00086600,54.00000000,0
1531191833536,1531191833532,3531991,0.00086600,42.00000000,0
1531191850572,1531191850567,3531992,0.00086600,110.00000000,0
1531191869875,1531191869874,3531993,0.00086600,27.00000000,0
1531191887608,1531191887605,3531994,0.00086500,109.00000000,0
1531191893894,1531191893891,3531995,0.00086700,9.05000000,0
1531191904533,1531191904529,3531996,0.00086800,22.00000000,0
1531191912663,1531191912660,3531997,0.00086700,34.65000000,1
1531191912769,1531191912766,3531998,0.00086700,63.35000000,0
1531191944725,1531191944721,3531999,0.00086800,10.00000000,1
1531191975774,1531191975770,3532000,0.00086700,44.33000000,1
1531191976889,1531191976884,3532001,0.00086700,14.67000000,0
1531192004102,1531192004101,3532002,0.00086700,17.00000000,1
1531192027811,1531192027806,3532003,0.00086800,58.00000000,0
1531192032824,1531192032820,3532004,0.00086800,46.08000000,0
1531192046376,1531192046372,3532005,0.00086800,58.00000000,0
1531192046491,1531192046487,3532006,0.00086800,61.00000000,1
1531192050363,1531192050358,3532007,0.00086800,0.13000000,0
1531192065190,1531192065187,3532008,0.00086800,66.00000000,0
1531192085547,1531192085545,3532009,0.00086700,47.00000000,1
1531192105063,1531192105060,3532010,0.00086800,64.00000000,0
1531192107838,1531192107834,3532011,0.00086800,19.09000000,0
1531192110613,1531192110609,3532012,0.00086800,8.00000000,0
1531192112157,1531192112152,3532013,0.00086800,9.52000000,0
1531192112895,1531192112890,3532014,0.00086800,8.00000000,0
1531192113476,1531192113473,3532015,0.00086800,5.00000000,0
1531192115434,1531192115431,3532016,0.00086800,5.71000000,0
1531192116277,1531192116273,3532017,0.00086800,2.88000000,0
1531192117516,1531192117513,3532018,0.00086800,2.88000000,0
1531192118465,1531192118460,3532019,0.00086800,2.68000000,0
1531192126138,1531192126134,3532020,0.00086700,26.00000000,1
1531192130665,1531192130660,3532021,0.00086800,0.07000000,0
1531192141421,1531192141418,3532022,0.00086700,32.71000000,1
1531192156617,1531192156616,3532023,0.00086700,37.00000000,1
1531192188929,1531192188925,3532024,0.00086700,11.62000000,1
1531192188998,1531192188994,3532025,0.00086700,4.28000000,0
1531192190056,1531192190050,3532026,0.00086700,85.10000000,0
1531192194454,1531192194450,3532027,0.00086700,8.00000000,1
1531192199622,1531192199617,3532028,0.00086700,3.49000000,1
1531192213071,1531192213069,3532029,0.00086700,1.25000000,1
1531192216283,1531192216279,3532030,0.00086700,3.16000000,1
1531192216405,1531192216403,3532031,0.00086700,95.84000000,0
1531192225223,1531192225219,3532032,0.00086800,5.76000000,0
1531192233528,1531192233525,3532033,0.00086800,54.00000000,0
1531192245508,1531192245503,3532034,0.00086800,27.82000000,0
1531192245619,1531192245617,3532035,0.00086800,42.18000000,1
1531192272117,1531192272113,3532036,0.00086800,55.00000000,0
1531192292598,1531192292594,3532037,0.00086800,70.00000000,0
1531192311400,1531192311394,3532038,0.00086700,59.00000000,1
1531192318038,1531192318034,3532039,0.00086800,65.00000000,0
1531192340874,1531192340870,3532040,0.00086800,14.00000000,0
1531192363945,1531192363944,3532041,0.00086800,14.00000000,0
1531192389410,1531192389408,3532042,0.00086700,45.00000000,1
1531192409892,1531192409872,3532043,0.00086800,29.00000000,0
1531192432835,1531192432831,3532044,0.00086800,19.00000000,0
1531192448787,1531192448783,3532045,0.00086800,27.82000000,0
1531192448913,1531192448909,3532046,0.00086800,52.18000000,1
1531192464225,1531192464220,3532047,0.00086800,27.82000000,0
1531192464352,1531192464347,3532048,0.00086800,39.18000000,1
1531192483861,1531192483858,3532049,0.00086800,18.00000000,0
1531192494727,1531192494723,3532050,0.00086800,27.82000000,0
1531192494858,1531192494853,3532051,0.00086800,26.18000000,1
1531192507090,1531192507085,3532052,0.00086800,1.59000000,0
1531192525965,1531192525960,3532053,0.00086800,26.23000000,0
1531192526089,1531192526084,3532054,0.00086800,91.77000000,1
1531192532601,1531192532597,3532055,0.00086800,26.18000000,0
1531192563693,1531192563688,3532056,0.00086700,89.00000000,1
1531192571856,1531192571852,3532057,0.00086800,0.01000000,0
1531192578485,1531192578481,3532058,0.00086700,8.00000000,1
1531192582146,1531192582142,3532059,0.00086800,11.52000000,0
1531192590609,1531192590605,3532060,0.00086700,11.96000000,1
1531192592676,1531192592673,3532061,0.00086700,3.54000000,1
1531192592792,1531192592788,3532062,0.00086700,85.46000000,0
1531192616573,1531192616570,3532063,0.00086800,68.00000000,0
1531192650877,1531192650874,3532064,0.00086800,44.00000000,0
1531192658420,1531192658416,3532065,0.00086800,1.12000000,0
1531192666302,1531192666297,3532066,0.00086800,42.88000000,0
1531192666425,1531192666421,3532067,0.00086800,23.12000000,1
1531192684386,1531192684383,3532068,0.00086800,1.13000000,0
1531192692664,1531192692662,3532069,0.00086700,75.00000000,1
1531192700674,1531192700670,3532070,0.00086800,1.14000000,0
1531192718049,1531192718043,3532071,0.00086700,99.00000000,1
1531192736140,1531192736136,3532072,0.00086700,38.14000000,1
1531192736258,1531192736254,3532073,0.00086700,78.86000000,0
1531192746302,1531192746299,3532074,0.00086700,36.00000000,1
1531192769124,1531192769119,3532075,0.00086700,103.00000000,1
1531192773266,1531192773262,3532076,0.00086800,11.52000000,0
1531192774223,1531192774218,3532077,0.00086800,4.65000000,0
1531192774410,1531192774405,3532078,0.00086800,2.32000000,0
1531192781769,1531192781763,3532079,0.00086800,22.12000000,0
1531192781888,1531192781883,3532080,0.00086800,4.88000000,1
1531192797140,1531192797138,3532081,0.00086700,104.00000000,1
1531192812582,1531192812578,3532082,0.00086800,22.02000000,0
1531192816605,1531192816601,3532083,0.00086800,0.10000000,0
1531192816729,1531192816724,3532084,0.00086800,74.90000000,1
1531192819602,1531192819598,3532085,0.00086800,0.10000000,0
1531192827769,1531192827764,3532086,0.00086800,42.56000000,1
1531192839921,1531192839917,3532087,0.00086700,38.14000000,1
1531192840235,1531192840230,3532088,0.00086700,24.86000000,0
1531192853600,1531192853597,3532089,0.00086800,116.00000000,1
1531192876779,1531192876775,3532090,0.00086700,38.14000000,1
1531192876907,1531192876905,3532091,0.00086700,38.86000000,0
1531192884301,1531192884296,3532092,0.00086800,100.00000000,0
1531192885987,1531192885984,3532093,0.00086800,100.00000000,0
1531192897099,1531192897095,3532094,0.00086800,81.00000000,1
1531192922157,1531192922154,3532095,0.00086700,38.14000000,1
1531192922267,1531192922265,3532096,0.00086700,44.86000000,0
1531192922925,1531192922923,3532097,0.00086800,34.56000000,0
1531192979026,1531192979024,3532098,0.00086800,99.00000000,0
1531192981196,1531192981191,3532099,0.00086800,1.25000000,0
1531193008846,1531193008842,3532100,0.00086800,0.03000000,0
1531193019995,1531193019990,3532101,0.00086800,67.00000000,0
1531193035143,1531193035142,3532102,0.00086800,1.25000000,0
1531193037711,1531193037704,3532103,0.00086700,38.14000000,1
1531193037711,1531193037704,3532104,0.00086500,100.00000000,1
1531193037711,1531193037704,3532105,0.00086400,111.88000000,1
1531193037711,1531193037704,3532106,0.00086100,137.03000000,1
1531193037711,1531193037704,3532107,0.00086000,612.95000000,1
1531193037711,1531193037704,3532108,0.00086000,30.38000000,1
1531193037776,1531193037770,3532109,0.00086100,9.57000000,1
1531193039970,1531193039965,3532110,0.00086600,34.64000000,0
1531193040632,1531193040628,3532111,0.00086600,2.00000000,0
1531193041802,1531193041798,3532112,0.00086600,11.55000000,0
1531193042285,1531193042279,3532113,0.00086600,3.05000000,0
1531193043784,1531193043779,3532114,0.00086600,11.55000000,0
1531193044509,1531193044503,3532115,0.00086600,3.68000000,0
1531193045543,1531193045540,3532116,0.00086600,2.63000000,0
1531193045776,1531193045771,3532117,0.00086600,11.55000000,0
1531193046811,1531193046805,3532118,0.00086600,14.11000000,0
1531193046811,1531193046805,3532119,0.00086800,2.61000000,0
1531193048707,1531193048702,3532120,0.00086500,69.00000000,1
1531193049560,1531193049554,3532121,0.00086800,16.72000000,0
1531193057385,1531193057381,3532122,0.00086800,0.02000000,0
1531193063691,1531193063689,3532123,0.00086600,11.55000000,0
1531193065539,1531193065534,3532124,0.00086600,11.55000000,0
1531193073787,1531193073782,3532125,0.00086500,39.00000000,1
1531193075588,1531193075583,3532126,0.00086600,8.00000000,0
1531193075599,1531193075594,3532127,0.00086600,6.82000000,0
1531193075619,1531193075614,3532128,0.00086600,8.45000000,0
1531193075629,1531193075624,3532129,0.00086600,7.91000000,0
1531193075638,1531193075636,3532130,0.00086600,8.45000000,0
1531193075822,1531193075817,3532131,0.00086600,13.00000000,0
1531193075918,1531193075915,3532132,0.00086600,16.90000000,0
1531193076313,1531193076307,3532133,0.00086600,8.45000000,0
1531193076681,1531193076677,3532134,0.00086600,8.45000000,0
1531193078342,1531193078336,3532135,0.00086600,76.00000000,0
1531193080985,1531193080981,3532136,0.00086600,6.64000000,0
1531193081008,1531193081003,3532137,0.00086600,17.42000000,0
1531193081011,1531193081008,3532138,0.00086600,7.00000000,0
1531193081016,1531193081012,3532139,0.00086600,29.79000000,0
1531193081048,1531193081047,3532140,0.00086600,35.27000000,0
1531193081115,1531193081109,3532141,0.00086700,14.00000000,0
1531193081141,1531193081135,3532142,0.00086700,15.09000000,0
1531193081529,1531193081525,3532143,0.00086700,23.77000000,0
1531193104294,1531193104292,3532144,0.00086700,2.00000000,0
1531193109262,1531193109257,3532145,0.00086500,88.00000000,0
1531193115648,1531193115644,3532146,0.00086400,9.23000000,1
1531193115648,1531193115644,3532147,0.00086300,90.67000000,1
1531193133085,1531193133080,3532148,0.00086600,1.25000000,0
1531193136804,1531193136800,3532149,0.00086400,57.00000000,0
1531193137681,1531193137679,3532150,0.00086600,48.56000000,0
1531193148373,1531193148367,3532151,0.00086700,11.53000000,0
1531193148998,1531193148993,3532152,0.00086700,8.90000000,0
1531193150712,1531193150707,3532153,0.00086700,3.46000000,0
1531193151389,1531193151384,3532154,0.00086700,7.29000000,0
1531193151389,1531193151384,3532155,0.00086800,8.25000000,0
1531193151406,1531193151404,3532156,0.00086800,9.00000000,0
1531193151417,1531193151413,3532157,0.00086800,32.00000000,0
1531193151422,1531193151418,3532158,0.00086800,20.12000000,0
1531193151428,1531193151423,3532159,0.00086800,10.10000000,0
1531193151542,1531193151537,3532160,0.00086800,7.83000000,0
1531193152952,1531193152948,3532161,0.00086500,61.00000000,0
1531193152975,1531193152973,3532162,0.00086800,0.26000000,0
1531193152975,1531193152973,3532163,0.00086900,12.74000000,0
1531193172825,1531193172820,3532164,0.00086900,49.07000000,0
1531193172825,1531193172820,3532165,0.00087000,650.93000000,0
1531193182266,1531193182264,3532166,0.00086800,120.00000000,1
1531193186748,1531193186744,3532167,0.00086900,15.32000000,0
