event_time,trade_time,trade_id,price,quantity,maker
1531160302322,1531160302319,1348230,0.00002713,2264.00000000,1
1531160305202,1531160305200,1348231,0.00002712,1295.00000000,1
1531160305436,1531160305433,1348232,0.00002715,40.00000000,0
1531160326331,1531160326329,1348233,0.00002710,306.00000000,1
1531160412301,1531160412296,1348234,0.00002713,40.00000000,0
1531160439025,1531160439024,1348235,0.00002708,40.00000000,1
1531160457404,1531160457400,1348236,0.00002708,1108.00000000,1
1531160458034,1531160458030,1348237,0.00002708,536.00000000,0
1531160458196,1531160458193,1348238,0.00002707,234.00000000,1
1531160464347,1531160464343,1348239,0.00002706,582.00000000,1
1531160465208,1531160465205,1348240,0.00002705,75.00000000,1
1531160466317,1531160466313,1348241,0.00002704,75.00000000,1
1531160466317,1531160466313,1348242,0.00002703,55.00000000,1
1531160467496,1531160467494,1348243,0.00002707,136.00000000,0
1531160470426,1531160470422,1348244,0.00002707,484.00000000,0
1531160477940,1531160477936,1348245,0.00002706,300.00000000,0
1531160480699,1531160480694,1348246,0.00002703,187.00000000,1
1531160485199,1531160485198,1348247,0.00002704,80.00000000,1
1531160488176,1531160488173,1348248,0.00002706,40.00000000,0
1531160521528,1531160521524,1348249,0.00002703,38.00000000,1
1531160521627,1531160521625,1348250,0.00002703,479.00000000,1
1531160521861,1531160521858,1348251,0.00002703,38.00000000,1
1531160522190,1531160522188,1348252,0.00002703,64.00000000,1
1531160561090,1531160561087,1348253,0.00002706,40.00000000,0
1531160604213,1531160604210,1348254,0.00002706,40.00000000,0
1531160627366,1531160627362,1348255,0.00002703,41.00000000,1
1531160646181,1531160646180,1348256,0.00002707,40.00000000,0
1531160739109,1531160739105,1348257,0.00002707,40.00000000,0
1531160782057,1531160782055,1348258,0.00002707,40.00000000,0
1531160835819,1531160835815,1348259,0.00002706,1734.00000000,0
1531160849256,1531160849252,1348260,0.00002706,218.00000000,0
1531160849730,1531160849726,1348261,0.00002706,434.00000000,0
1531160858440,1531160858436,1348262,0.00002706,40.00000000,0
1531160877752,1531160877749,1348263,0.00002706,40.00000000,0
1531160890928,1531160890925,1348264,0.00002706,41.00000000,0
1531160953894,1531160953889,1348265,0.00002706,7312.00000000,0
1531160986135,1531160986131,1348266,0.00002707,40.00000000,0
1531161079081,1531161079081,1348267,0.00002707,40.00000000,0
1531161097313,1531161097310,1348268,0.00002707,40.00000000,0
1531161139568,1531161139564,1348269,0.00002706,39.00000000,1
1531161201842,1531161201837,1348270,0.00002707,369.00000000,0
1531161202901,1531161202896,1348271,0.00002706,1.00000000,1
1531161205914,1531161205910,1348272,0.00002703,43.00000000,1
1531161244335,1531161244330,1348273,0.00002703,1561.00000000,1
1531161244335,1531161244330,1348274,0.00002702,307.00000000,1
1531161244335,1531161244330,1348275,0.00002701,187.00000000,1
1531161244335,1531161244330,1348276,0.00002700,3775.00000000,1
1531161284534,1531161284529,1348277,0.00002700,1225.00000000,1
1531161297965,1531161297961,1348278,0.00002700,862.00000000,0
1531161303571,1531161303566,1348279,0.00002699,371.00000000,1
1531161324679,1531161324676,1348280,0.00002699,184.00000000,1
1531161342761,1531161342757,1348281,0.00002699,38.00000000,1
1531161353489,1531161353486,1348282,0.00002700,26.00000000,0
1531161353489,1531161353486,1348283,0.00002702,314.00000000,0
1531161444102,1531161444098,1348284,0.00002699,40.00000000,1
1531161451622,1531161451618,1348285,0.00002702,280.00000000,0
1531161493326,1531161493322,1348286,0.00002702,9.00000000,0
1531161493326,1531161493322,1348287,0.00002708,309.00000000,0
1531161493326,1531161493322,1348288,0.00002710,432.00000000,0
1531161510117,1531161510113,1348289,0.00002700,250.00000000,1
1531161528122,1531161528119,1348290,0.00002699,40.00000000,1
1531161756110,1531161756105,1348291,0.00002699,40.00000000,1
1531161782970,1531161782965,1348292,0.00002699,6.00000000,1
1531161792067,1531161792063,1348293,0.00002699,177.00000000,1
1531161850583,1531161850579,1348294,0.00002706,360.00000000,0
1531161942963,1531161942959,1348295,0.00002706,230.00000000,0
1531161954223,1531161954221,1348296,0.00002706,40.00000000,1
1531162023968,1531162023965,1348297,0.00002710,47.00000000,0
1531162044265,1531162044263,1348298,0.00002706,40.00000000,1
1531162086156,1531162086154,1348299,0.00002706,114.00000000,1
1531162091431,1531162091428,1348300,0.00002706,41.00000000,1
1531162110135,1531162110130,1348301,0.00002706,344.00000000,1
1531162110135,1531162110130,1348302,0.00002704,100.00000000,1
1531162110135,1531162110130,1348303,0.00002703,417.00000000,1
1531162110135,1531162110130,1348304,0.00002701,25.00000000,1
1531162110275,1531162110270,1348305,0.00002701,112.00000000,1
1531162151366,1531162151362,1348306,0.00002701,93.00000000,1
1531162153126,1531162153125,1348307,0.00002701,93.00000000,1
1531162184299,1531162184296,1348308,0.00002701,4000.00000000,1
1531162424141,1531162424135,1348309,0.00002709,40.00000000,0
1531162436839,1531162436834,1348310,0.00002709,70.00000000,0
1531162443887,1531162443884,1348311,0.00002701,40.00000000,1
1531162445470,1531162445464,1348312,0.00002701,40.00000000,1
1531162445837,1531162445832,1348313,0.00002709,40.00000000,0
1531162445837,1531162445832,1348314,0.00002710,115.00000000,0
1531162451132,1531162451127,1348315,0.00002709,40.00000000,0
1531162451132,1531162451127,1348316,0.00002710,40.00000000,0
1531162451132,1531162451127,1348317,0.00002712,306.00000000,0
1531162451132,1531162451127,1348318,0.00002713,388.00000000,0
1531162451132,1531162451127,1348319,0.00002715,185.00000000,0
1531162454527,1531162454524,1348320,0.00002708,40.00000000,0
1531162454527,1531162454524,1348321,0.00002715,199.00000000,0
1531162462021,1531162462015,1348322,0.00002715,5.00000000,0
1531162462021,1531162462015,1348323,0.00002717,54.00000000,0
1531162464651,1531162464646,1348324,0.00002716,20.00000000,0
1531162470967,1531162470961,1348325,0.00002716,286.00000000,0
1531162470967,1531162470961,1348326,0.00002717,458.00000000,0
1531162471649,1531162471643,1348327,0.00002717,38.00000000,0
1531162584781,1531162584777,1348328,0.00002717,345.00000000,0
1531162612485,1531162612481,1348329,0.00002717,1140.00000000,0
1531162731180,1531162731176,1348330,0.00002705,40.00000000,1
1531162733279,1531162733274,1348331,0.00002714,38.00000000,0
1531162735346,1531162735342,1348332,0.00002712,40.00000000,1
1531162738415,1531162738410,1348333,0.00002712,34.00000000,1
1531162738415,1531162738410,1348334,0.00002708,215.00000000,1
1531162738988,1531162738984,1348335,0.00002708,40.00000000,1
1531162739602,1531162739598,1348336,0.00002708,52.00000000,1
1531162739678,1531162739676,1348337,0.00002707,106.00000000,1
1531162739678,1531162739676,1348338,0.00002706,74.00000000,1
1531162739678,1531162739676,1348339,0.00002701,70.00000000,1
1531162753072,1531162753067,1348340,0.00002702,40.00000000,1
1531162824564,1531162824559,1348341,0.00002702,174.00000000,1
1531162848695,1531162848688,1348342,0.00002702,100.00000000,1
1531162849778,1531162849772,1348343,0.00002702,33.00000000,1
1531162850488,1531162850483,1348344,0.00002702,100.00000000,0
1531162867159,1531162867155,1348345,0.00002706,40.00000000,0
1531162893125,1531162893122,1348346,0.00002706,40.00000000,0
1531162894806,1531162894801,1348347,0.00002702,560.00000000,0
1531162895804,1531162895798,1348348,0.00002702,1.00000000,0
1531162916068,1531162916064,1348349,0.00002702,40.00000000,1
1531162928099,1531162928095,1348350,0.00002706,11.00000000,0
1531162963811,1531162963807,1348351,0.00002700,41.00000000,1
1531162990130,1531162990125,1348352,0.00002700,29.00000000,1
1531163010643,1531163010638,1348353,0.00002701,40.00000000,1
1531163079583,1531163079562,1348354,0.00002702,3555.00000000,1
1531163147238,1531163147234,1348355,0.00002701,40.00000000,0
1531163308423,1531163308418,1348356,0.00002700,6.00000000,1
1531163366263,1531163366257,1348357,0.00002701,245.00000000,0
1531163457402,1531163457396,1348358,0.00002701,286.00000000,0
1531163585790,1531163585783,1348359,0.00002700,81.00000000,1
1531163597529,1531163597524,1348360,0.00002701,37.00000000,0
1531163627623,1531163627616,1348361,0.00002701,1108.00000000,0
1531163627623,1531163627616,1348362,0.00002705,3643.00000000,0
1531163627623,1531163627616,1348363,0.00002706,415.00000000,0
1531163627623,1531163627616,1348364,0.00002708,2219.00000000,0
1531163640559,1531163640553,1348365,0.00002702,40.00000000,1
1531163768230,1531163768224,1348366,0.00002702,81.00000000,1
1531163831075,1531163831070,1348367,0.00002708,66.00000000,0
1531163859968,1531163859964,1348368,0.00002704,82.00000000,1
1531163978306,1531163978299,1348369,0.00002703,250.00000000,1
1531163985595,1531163985592,1348370,0.00002703,56.00000000,0
1531164088799,1531164088793,1348371,0.00002703,1406.00000000,1
1531164089824,1531164089818,1348372,0.00002704,3549.00000000,1
1531164089824,1531164089818,1348373,0.00002703,1451.00000000,1
1531164161944,1531164161938,1348374,0.00002704,60.00000000,1
1531164169290,1531164169284,1348375,0.00002701,500.00000000,1
1531164176180,1531164176175,1348376,0.00002701,400.00000000,1
1531164200514,1531164200507,1348377,0.00002701,1.00000000,1
1531164304531,1531164304527,1348378,0.00002701,5000.00000000,1
1531164376019,1531164376012,1348379,0.00002707,140.00000000,0
1531164376019,1531164376012,1348380,0.00002709,352.00000000,0
1531164376019,1531164376012,1348381,0.00002710,306.00000000,0
1531164376019,1531164376012,1348382,0.00002715,30.00000000,0
1531164378673,1531164378668,1348383,0.00002707,100.00000000,0
1531164379476,1531164379469,1348384,0.00002705,133.00000000,1
1531164519684,1531164519678,1348385,0.00002704,105.00000000,1
1531164596270,1531164596264,1348386,0.00002700,5000.00000000,1
1531164892274,1531164892269,1348387,0.00002700,650.00000000,1
1531164896325,1531164896321,1348388,0.00002701,1482.00000000,1
1531164903946,1531164903943,1348389,0.00002701,569.00000000,1
1531164904430,1531164904426,1348390,0.00002702,133.00000000,0
1531164904481,1531164904475,1348391,0.00002705,55.00000000,0
1531164907735,1531164907729,1348392,0.00002702,133.00000000,1
1531164907735,1531164907729,1348393,0.00002701,2.00000000,1
1531164908606,1531164908599,1348394,0.00002701,433.00000000,1
1531164926340,1531164926335,1348395,0.00002699,325.00000000,1
1531164938596,1531164938591,1348396,0.00002699,85.00000000,1
1531164941982,1531164941976,1348397,0.00002701,5462.00000000,0
1531165044234,1531165044228,1348398,0.00002700,685.00000000,1
1531165044249,1531165044245,1348399,0.00002700,640.00000000,0
1531165073897,1531165073891,1348400,0.00002706,55.00000000,0
1531165073897,1531165073891,1348401,0.00002707,307.00000000,0
1531165073897,1531165073891,1348402,0.00002710,1638.00000000,0
1531165102216,1531165102210,1348403,0.00002702,111.00000000,1
1531165102216,1531165102210,1348404,0.00002701,307.00000000,1
1531165102216,1531165102210,1348405,0.00002698,70.00000000,1
1531165242073,1531165242066,1348406,0.00002707,111.00000000,0
1531165242193,1531165242186,1348407,0.00002708,369.00000000,0
1531165243188,1531165243183,1348408,0.00002708,369.00000000,0
1531165243737,1531165243731,1348409,0.00002707,111.00000000,1
1531165243823,1531165243818,1348410,0.00002708,3506.00000000,0
1531165244174,1531165244168,1348411,0.00002708,369.00000000,0
1531165246683,1531165246679,1348412,0.00002707,100.00000000,0
1531165246683,1531165246679,1348413,0.00002708,269.00000000,0
1531165359233,1531165359226,1348414,0.00002704,100.00000000,1
1531165359233,1531165359226,1348415,0.00002703,110.00000000,1
1531165359233,1531165359226,1348416,0.00002702,307.00000000,1
1531165359233,1531165359226,1348417,0.00002698,16.00000000,1
1531165359233,1531165359226,1348418,0.00002697,3960.00000000,1
1531165359233,1531165359226,1348419,0.00002696,1099.00000000,1
1531165374676,1531165374671,1348420,0.00002709,252.00000000,0
1531165954790,1531165954784,1348421,0.00002699,41.00000000,1
1531165971384,1531165971378,1348422,0.00002699,70.00000000,1
1531165971384,1531165971378,1348423,0.00002698,230.00000000,1
1531166394869,1531166394865,1348424,0.00002707,40.00000000,1
1531166398112,1531166398111,1348425,0.00002707,11.00000000,1
1531166398474,1531166398469,1348426,0.00002707,1111.00000000,1
1531166400415,1531166400409,1348427,0.00002707,1111.00000000,1
1531166402876,1531166402875,1348428,0.00002707,1111.00000000,1
1531166404901,1531166404896,1348429,0.00002707,1111.00000000,1
1531166406851,1531166406846,1348430,0.00002707,1111.00000000,1
1531166444233,1531166444226,1348431,0.00002707,302.00000000,1
1531166463092,1531166463086,1348432,0.00002708,184.00000000,0
1531166463154,1531166463148,1348433,0.00002707,168.00000000,1
1531166475310,1531166475304,1348434,0.00002707,424.00000000,1
1531166481983,1531166481977,1348435,0.00002707,1019.00000000,1
1531166482100,1531166482095,1348436,0.00002707,300.00000000,1
1531166482623,1531166482615,1348437,0.00002707,841.00000000,1
1531166482623,1531166482615,1348438,0.00002696,138.00000000,1
1531166482623,1531166482615,1348439,0.00002695,1419.00000000,1
1531166482969,1531166482963,1348440,0.00002695,111.00000000,1
1531166482969,1531166482963,1348441,0.00002694,189.00000000,1
1531166487641,1531166487635,1348442,0.00002705,87.00000000,0
1531166489610,1531166489605,1348443,0.00002697,7.00000000,1
1531166491281,1531166491274,1348444,0.00002694,7.00000000,1
1531166538736,1531166538728,1348445,0.00002693,291.00000000,1
1531166538736,1531166538728,1348446,0.00002692,2334.00000000,1
1531166538736,1531166538728,1348447,0.00002691,377.00000000,1
1531166538736,1531166538728,1348448,0.00002690,1078.00000000,1
1531166538736,1531166538728,1348449,0.00002689,909.00000000,1
1531166538736,1531166538728,1348450,0.00002687,87.00000000,1
1531166540571,1531166540564,1348451,0.00002694,38.00000000,0
1531166541534,1531166541529,1348452,0.00002694,83.00000000,0
1531166544290,1531166544284,1348453,0.00002690,7.00000000,1
1531166576775,1531166576768,1348454,0.00002690,113.00000000,1
1531166600491,1531166600483,1348455,0.00002693,97.00000000,1
1531166602327,1531166602324,1348456,0.00002693,342.00000000,0
1531166604026,1531166604018,1348457,0.00002693,50.00000000,0
1531166628923,1531166628917,1348458,0.00002695,3331.00000000,0
1531166650367,1531166650360,1348459,0.00002693,54.00000000,1
1531166650367,1531166650360,1348460,0.00002691,77.00000000,1
1531166651926,1531166651920,1348461,0.00002691,38.00000000,1
1531166651926,1531166651920,1348462,0.00002690,334.00000000,1
1531166658147,1531166658140,1348463,0.00002695,110.00000000,0
1531166665976,1531166665970,1348464,0.00002695,152.00000000,0
1531166693586,1531166693580,1348465,0.00002695,5.00000000,0
1531166693586,1531166693580,1348466,0.00002696,266.00000000,0
1531166740291,1531166740285,1348467,0.00002696,44.00000000,1
1531166756658,1531166756652,1348468,0.00002696,711.00000000,0
1531167069973,1531167069967,1348469,0.00002696,23.00000000,0
1531167069973,1531167069967,1348470,0.00002698,15.00000000,0
1531167081953,1531167081951,1348471,0.00002698,284.00000000,0
1531167131143,1531167131140,1348472,0.00002698,9.00000000,0
1531167133185,1531167133178,1348473,0.00002700,40.00000000,0
1531167161718,1531167161712,1348474,0.00002700,222.00000000,0
1531167187038,1531167187031,1348475,0.00002700,76.00000000,0
1531167187074,1531167187073,1348476,0.00002700,66.00000000,0
1531167195925,1531167195923,1348477,0.00002694,100.00000000,1
1531167198062,1531167198060,1348478,0.00002700,40.00000000,0
1531167235586,1531167235583,1348479,0.00002694,1129.00000000,1
1531167318936,1531167318929,1348480,0.00002694,39.00000000,1
1531167330206,1531167330201,1348481,0.00002700,40.00000000,0
1531167353059,1531167353052,1348482,0.00002700,758.00000000,0
1531167353152,1531167353147,1348483,0.00002700,40.00000000,0
1531167408458,1531167408456,1348484,0.00002700,953.00000000,0
1531167439247,1531167439245,1348485,0.00002700,51.00000000,0
1531167461125,1531167461123,1348486,0.00002700,40.00000000,0
1531167483140,1531167483136,1348487,0.00002700,40.00000000,0
1531167496629,1531167496624,1348488,0.00002700,370.00000000,0
1531167535153,1531167535148,1348489,0.00002694,40.00000000,1
1531167571401,1531167571396,1348490,0.00002694,141.00000000,1
1531167578161,1531167578155,1348491,0.00002700,40.00000000,0
1531167624723,1531167624717,1348492,0.00002694,496.00000000,1
1531167626130,1531167626129,1348493,0.00002700,40.00000000,0
1531167654698,1531167654696,1348494,0.00002691,267.00000000,1
1531167742181,1531167742175,1348495,0.00002697,241.00000000,0
1531167746597,1531167746590,1348496,0.00002697,921.00000000,0
1531167754860,1531167754855,1348497,0.00002700,162.00000000,0
1531167754860,1531167754855,1348498,0.00002702,208.00000000,0
1531167834171,1531167834164,1348499,0.00002702,227.00000000,0
1531167869751,1531167869745,1348500,0.00002702,1100.00000000,0
1531167875206,1531167875201,1348501,0.00002691,99.00000000,1
1531167884483,1531167884478,1348502,0.00002700,10.00000000,0
1531168029596,1531168029590,1348503,0.00002695,2665.00000000,1
1531168077894,1531168077888,1348504,0.00002695,285.00000000,1
1531168080323,1531168080316,1348505,0.00002695,988.00000000,0
1531168080901,1531168080896,1348506,0.00002695,1.00000000,0
1531168080901,1531168080896,1348507,0.00002700,49.00000000,0
1531168102215,1531168102209,1348508,0.00002695,285.00000000,1
1531168102215,1531168102209,1348509,0.00002693,65.00000000,1
1531168271282,1531168271276,1348510,0.00002700,144.00000000,0
1531168271282,1531168271276,1348511,0.00002703,176.00000000,0
1531168747145,1531168747141,1348512,0.00002696,41.00000000,1
1531168803192,1531168803190,1348513,0.00002699,61.00000000,0
1531168810224,1531168810218,1348514,0.00002696,140.00000000,1
1531168822263,1531168822257,1348515,0.00002701,2587.00000000,0
1531168826305,1531168826300,1348516,0.00002696,5101.00000000,1
1531168846548,1531168846541,1348517,0.00002693,7599.00000000,1
1531168867861,1531168867859,1348518,0.00002693,5000.00000000,1
1531168889148,1531168889143,1348519,0.00002692,1890.00000000,1
1531168958523,1531168958517,1348520,0.00002692,177.00000000,1
1531168958523,1531168958517,1348521,0.00002691,3702.00000000,1
1531169103993,1531169103988,1348522,0.00002701,37.00000000,0
1531169286891,1531169286887,1348523,0.00002699,75.00000000,0
1531169295331,1531169295326,1348524,0.00002699,26.00000000,0
1531169295331,1531169295326,1348525,0.00002700,23.00000000,0
1531169398941,1531169398935,1348526,0.00002693,2258.00000000,1
1531169398941,1531169398935,1348527,0.00002690,97.00000000,1
1531169398941,1531169398935,1348528,0.00002688,2640.00000000,1
1531169418819,1531169418813,1348529,0.00002691,603.00000000,1
1531169424146,1531169424140,1348530,0.00002697,153.00000000,0
1531169425124,1531169425118,1348531,0.00002697,5.00000000,0
1531169425124,1531169425118,1348532,0.00002698,45.00000000,0
1531169431022,1531169431019,1348533,0.00002698,589.00000000,0
1531169431179,1531169431174,1348534,0.00002700,48.00000000,0
1531169451286,1531169451281,1348535,0.00002700,282.00000000,0
1531169500166,1531169500163,1348536,0.00002700,72.00000000,0
1531169539934,1531169539931,1348537,0.00002696,4849.00000000,0
1531169566137,1531169566131,1348538,0.00002696,40.00000000,0
1531169566785,1531169566778,1348539,0.00002696,111.00000000,0
1531169566785,1531169566778,1348540,0.00002700,35.00000000,0
1531169575009,1531169575004,1348541,0.00002693,2366.00000000,1
1531169603506,1531169603501,1348542,0.00002696,4849.00000000,0
1531169611101,1531169611096,1348543,0.00002696,40.00000000,0
1531169621570,1531169621566,1348544,0.00002693,226.00000000,1
1531169629101,1531169629096,1348545,0.00002696,40.00000000,0
1531169700126,1531169700121,1348546,0.00002695,411.00000000,1
1531169715419,1531169715394,1348547,0.00002697,2858.00000000,1
1531169716046,1531169716042,1348548,0.00002696,42.00000000,1
1531169722448,1531169722442,1348549,0.00002695,271.00000000,1
1531169722448,1531169722442,1348550,0.00002693,538.00000000,1
1531169724547,1531169724541,1348551,0.00002697,2.00000000,0
1531169724547,1531169724541,1348552,0.00002699,1326.00000000,0
1531169747403,1531169747398,1348553,0.00002699,40.00000000,0
1531169792471,1531169792465,1348554,0.00002699,683.00000000,0
1531169858630,1531169858627,1348555,0.00002699,40.00000000,0
1531169901877,1531169901871,1348556,0.00002699,81.00000000,0
1531169902883,1531169902879,1348557,0.00002699,81.00000000,0
1531169943767,1531169943763,1348558,0.00002699,50.00000000,0
1531169991988,1531169991984,1348559,0.00002699,40.00000000,0
1531169992865,1531169992859,1348560,0.00002699,40.00000000,0
1531170017586,1531170017580,1348561,0.00002695,92.00000000,1
1531170022658,1531170022654,1348562,0.00002699,31.00000000,0
1531170026853,1531170026846,1348563,0.00002699,14.00000000,0
1531170053122,1531170053115,1348564,0.00002699,40.00000000,0
1531170065965,1531170065958,1348565,0.00002693,1642.00000000,1
1531170129826,1531170129820,1348566,0.00002694,82.00000000,1
1531170130892,1531170130885,1348567,0.00002692,2654.00000000,1
1531170143047,1531170143040,1348568,0.00002699,3576.00000000,0
1531170148293,1531170148287,1348569,0.00002694,54.00000000,1
1531170148890,1531170148886,1348570,0.00002694,98.00000000,0
1531170149491,1531170149486,1348571,0.00002694,4848.00000000,0
1531170166722,1531170166715,1348572,0.00002695,5000.00000000,0
1531170202856,1531170202851,1348573,0.00002696,4855.00000000,0
1531170227599,1531170227593,1348574,0.00002697,40.00000000,0
1531170230764,1531170230760,1348575,0.00002697,4815.00000000,0
1531170234379,1531170234374,1348576,0.00002697,50.00000000,0
1531170318123,1531170318118,1348577,0.00002699,40.00000000,0
1531170341956,1531170341953,1348578,0.00002699,41.00000000,0
1531170433492,1531170433486,1348579,0.00002699,852.00000000,0
1531170464117,1531170464110,1348580,0.00002695,200.00000000,1
1531170503293,1531170503287,1348581,0.00002700,40.00000000,0
1531170524091,1531170524089,1348582,0.00002700,41.00000000,0
1531170613125,1531170613119,1348583,0.00002700,40.00000000,0
1531170763200,1531170763193,1348584,0.00002695,562.00000000,1
1531170764534,1531170764528,1348585,0.00002700,40.00000000,0
1531170814982,1531170814977,1348586,0.00002700,40.00000000,0
1531170836086,1531170836080,1348587,0.00002700,41.00000000,0
1531170912657,1531170912652,1348588,0.00002700,1035.00000000,0
1531170921087,1531170921083,1348589,0.00002700,40.00000000,0
1531171008061,1531171008057,1348590,0.00002700,40.00000000,0
1531171132879,1531171132874,1348591,0.00002699,40.00000000,0
1531171249520,1531171249515,1348592,0.00002699,40.00000000,0
1531171278209,1531171278207,1348593,0.00002699,37.00000000,0
1531171279305,1531171279299,1348594,0.00002699,37.00000000,0
1531171304596,1531171304591,1348595,0.00002699,300.00000000,0
1531171483833,1531171483828,1348596,0.00002699,328.00000000,0
1531171642948,1531171642944,1348597,0.00002700,729.00000000,0
1531171655589,1531171655584,1348598,0.00002700,50.00000000,0
1531171660964,1531171660960,1348599,0.00002696,780.00000000,1
1531171702839,1531171702837,1348600,0.00002699,553.00000000,0
1531171736215,1531171736209,1348601,0.00002696,41.00000000,1
1531171737733,1531171737727,1348602,0.00002696,219.00000000,1
1531171763078,1531171763075,1348603,0.00002699,19.00000000,0
1531171763078,1531171763075,1348604,0.00002700,63.00000000,0
1531171763097,1531171763092,1348605,0.00002700,1015.00000000,0
1531171763154,1531171763126,1348606,0.00002700,174.00000000,0
1531171763154,1531171763129,1348607,0.00002700,1015.00000000,0
1531171763154,1531171763132,1348608,0.00002700,328.00000000,0
1531171787607,1531171787602,1348609,0.00002699,1240.00000000,0
1531171835833,1531171835829,1348610,0.00002696,41.00000000,1
1531171935626,1531171935622,1348611,0.00002700,50.00000000,0
1531172032473,1531172032469,1348612,0.00002695,41.00000000,1
1531172067645,1531172067641,1348613,0.00002695,3017.00000000,1
1531172099583,1531172099580,1348614,0.00002695,68.00000000,1
1531172100241,1531172100236,1348615,0.00002695,81.00000000,0
1531172100477,1531172100472,1348616,0.00002695,88.00000000,0
1531172231627,1531172231623,1348617,0.00002700,40.00000000,0
1531172276488,1531172276485,1348618,0.00002700,50.00000000,0
1531172278636,1531172278630,1348619,0.00002700,373.00000000,0
1531172321426,1531172321423,1348620,0.00002695,354.00000000,1
1531172321591,1531172321585,1348621,0.00002695,402.00000000,1
1531172335431,1531172335429,1348622,0.00002699,40.00000000,0
1531172337095,1531172337091,1348623,0.00002699,41.00000000,0
1531172362245,1531172362241,1348624,0.00002696,172.00000000,0
1531172367497,1531172367493,1348625,0.00002696,180.00000000,0
1531172512851,1531172512846,1348626,0.00002696,40.00000000,0
1531172513518,1531172513514,1348627,0.00002696,1056.00000000,0
1531172769435,1531172769434,1348628,0.00002700,40.00000000,0
1531172798524,1531172798520,1348629,0.00002700,41.00000000,0
1531172846984,1531172846981,1348630,0.00002694,41.00000000,1
1531172878386,1531172878386,1348631,0.00002700,40.00000000,0
1531172929341,1531172929338,1348632,0.00002694,41.00000000,1
1531172943170,1531172943169,1348633,0.00002700,40.00000000,0
1531172988462,1531172988461,1348634,0.00002700,1160.00000000,0
1531173158587,1531173158584,1348635,0.00002695,324.00000000,1
1531173165193,1531173165189,1348636,0.00002702,40.00000000,0
1531173179243,1531173179239,1348637,0.00002696,340.00000000,1
1531173179256,1531173179251,1348638,0.00002695,105.00000000,1
1531173179256,1531173179251,1348639,0.00002694,235.00000000,1
1531173179326,1531173179322,1348640,0.00002694,338.00000000,1
1531173179578,1531173179575,1348641,0.00002695,340.00000000,0
1531173180595,1531173180593,1348642,0.00002696,341.00000000,0
1531173251965,1531173251962,1348643,0.00002694,41.00000000,1
1531173297315,1531173297310,1348644,0.00002701,40.00000000,0
1531173521055,1531173521052,1348645,0.00002701,40.00000000,0
1531173615104,1531173615102,1348646,0.00002701,40.00000000,0
1531173659931,1531173659929,1348647,0.00002700,486.00000000,1
1531173659946,1531173659944,1348648,0.00002700,486.00000000,1
1531173659968,1531173659964,1348649,0.00002700,269.00000000,1
1531173660305,1531173660303,1348650,0.00002700,442.00000000,1
1531173660332,1531173660332,1348651,0.00002700,370.00000000,1
1531173725247,1531173725245,1348652,0.00002700,442.00000000,1
1531173725274,1531173725272,1348653,0.00002700,5.00000000,1
1531173725274,1531173725272,1348654,0.00002694,815.00000000,1
1531174309686,1531174309683,1348655,0.00002694,1000.00000000,1
1531174331886,1531174331883,1348656,0.00002699,370.00000000,0
1531174335266,1531174335263,1348657,0.00002699,46.00000000,0
1531174353253,1531174353251,1348658,0.00002699,40.00000000,0
1531174438860,1531174438857,1348659,0.00002699,40.00000000,0
1531174522027,1531174522023,1348660,0.00002699,68.00000000,0
1531174543515,1531174543514,1348661,0.00002694,100.00000000,1
1531174554101,1531174554098,1348662,0.00002699,40.00000000,0
1531174596498,1531174596494,1348663,0.00002698,40.00000000,0
1531174598055,1531174598054,1348664,0.00002698,41.00000000,0
1531174647268,1531174647266,1348665,0.00002698,40.00000000,0
1531174660413,1531174660411,1348666,0.00002698,53.00000000,0
1531174726065,1531174726064,1348667,0.00002698,40.00000000,0
1531174798109,1531174798108,1348668,0.00002698,40.00000000,0
1531174822057,1531174822054,1348669,0.00002698,40.00000000,0
1531174830662,1531174830660,1348670,0.00002698,641.00000000,0
1531174908053,1531174908050,1348671,0.00002698,40.00000000,0
1531174996055,1531174996054,1348672,0.00002698,40.00000000,0
1531175065166,1531175065163,1348673,0.00002698,40.00000000,0
1531175082107,1531175082105,1348674,0.00002698,41.00000000,0
1531175128622,1531175128620,1348675,0.00002694,364.00000000,1
1531175132802,1531175132799,1348676,0.00002694,2267.00000000,1
1531175133136,1531175133134,1348677,0.00002691,68.00000000,1
1531175133136,1531175133134,1348678,0.00002690,32.00000000,1
1531175171502,1531175171499,1348679,0.00002688,51.00000000,1
1531175175207,1531175175206,1348680,0.00002694,983.00000000,0
1531175184951,1531175184949,1348681,0.00002694,440.00000000,0
1531175186334,1531175186331,1348682,0.00002694,896.00000000,0
1531175189041,1531175189039,1348683,0.00002697,379.00000000,0
1531175189041,1531175189039,1348684,0.00002698,1283.00000000,0
1531175207453,1531175207451,1348685,0.00002691,188.00000000,1
1531175207945,1531175207943,1348686,0.00002691,351.00000000,1
1531175208767,1531175208764,1348687,0.00002690,1654.00000000,1
1531175218601,1531175218600,1348688,0.00002697,539.00000000,0
1531175228651,1531175228649,1348689,0.00002698,1932.00000000,0
1531175240598,1531175240596,1348690,0.00002699,3944.00000000,0
1531175247221,1531175247219,1348691,0.00002699,377.00000000,0
1531175261772,1531175261770,1348692,0.00002697,283.00000000,0
1531175317389,1531175317386,1348693,0.00002694,100.00000000,1
1531175362222,1531175362218,1348694,0.00002698,40.00000000,0
1531175390232,1531175390231,1348695,0.00002695,40.00000000,1
1531175472427,1531175472424,1348696,0.00002698,40.00000000,0
1531175520844,1531175520841,1348697,0.00002695,424.00000000,1
1531175528312,1531175528311,1348698,0.00002701,50.00000000,0
1531175586145,1531175586143,1348699,0.00002698,41.00000000,0
1531175586145,1531175586143,1348700,0.00002701,9.00000000,0
1531175654377,1531175654374,1348701,0.00002698,50.00000000,0
1531175674745,1531175674743,1348702,0.00002695,491.00000000,1
1531175686811,1531175686809,1348703,0.00002698,305.00000000,0
1531175702040,1531175702038,1348704,0.00002698,229.00000000,0
1531175724995,1531175724994,1348705,0.00002698,171.00000000,0
1531175725296,1531175725295,1348706,0.00002695,68.00000000,1
1531175737943,1531175737941,1348707,0.00002698,86.00000000,0
1531175738162,1531175738157,1348708,0.00002698,43.00000000,0
1531175738162,1531175738157,1348709,0.00002701,41.00000000,0
1531175738162,1531175738157,1348710,0.00002702,295.00000000,0
1531175738162,1531175738157,1348711,0.00002704,389.00000000,0
1531175738162,1531175738157,1348712,0.00002706,232.00000000,0
1531175750928,1531175750926,1348713,0.00002701,96.00000000,0
1531175751754,1531175751751,1348714,0.00002706,36.00000000,0
1531175760083,1531175760082,1348715,0.00002701,72.00000000,0
1531175765211,1531175765210,1348716,0.00002699,54.00000000,0
1531175774077,1531175774074,1348717,0.00002696,41.00000000,1
1531175795950,1531175795949,1348718,0.00002696,41.00000000,1
1531175797540,1531175797539,1348719,0.00002696,41.00000000,1
1531175807221,1531175807220,1348720,0.00002696,610.00000000,1
1531175819628,1531175819626,1348721,0.00002695,40.00000000,1
1531175882707,1531175882704,1348722,0.00002691,2187.00000000,1
1531175946234,1531175946232,1348723,0.00002694,40.00000000,0
1531175964249,1531175964248,1348724,0.00002694,322.00000000,0
1531175995157,1531175995154,1348725,0.00002694,10.00000000,0
1531175996888,1531175996885,1348726,0.00002695,40.00000000,0
1531176011563,1531176011561,1348727,0.00002691,93.00000000,1
1531176021688,1531176021686,1348728,0.00002691,7.00000000,1
1531176070542,1531176070540,1348729,0.00002695,1.00000000,0
1531176072052,1531176072049,1348730,0.00002695,41.00000000,1
1531176164638,1531176164636,1348731,0.00002696,32.00000000,0
1531176164638,1531176164636,1348732,0.00002701,18.00000000,0
1531176260086,1531176260085,1348733,0.00002692,56.00000000,1
1531176294139,1531176294136,1348734,0.00002692,100.00000000,1
1531176348784,1531176348783,1348735,0.00002699,540.00000000,0
1531176363193,1531176363193,1348736,0.00002693,50.00000000,1
1531176410744,1531176410741,1348737,0.00002700,6070.00000000,0
1531176411181,1531176411180,1348738,0.00002702,200.00000000,0
1531176411181,1531176411180,1348739,0.00002706,238.00000000,0
1531176437858,1531176437857,1348740,0.00002697,150.00000000,1
1531176616066,1531176616066,1348741,0.00002697,39.00000000,0
1531176771589,1531176771588,1348742,0.00002702,21.00000000,0
1531176888929,1531176888927,1348743,0.00002695,1.00000000,1
1531177006308,1531177006306,1348744,0.00002702,18.00000000,0
1531177006308,1531177006306,1348745,0.00002703,24.00000000,0
1531177009325,1531177009324,1348746,0.00002705,1.00000000,0
1531177054898,1531177054897,1348747,0.00002705,226.00000000,0
1531177054898,1531177054897,1348748,0.00002706,159.00000000,0
1531177056078,1531177056077,1348749,0.00002706,966.00000000,1
1531177057697,1531177057694,1348750,0.00002706,1.00000000,1
1531177059735,1531177059733,1348751,0.00002706,1115.00000000,1
1531177062982,1531177062981,1348752,0.00002706,100.00000000,1
1531177065491,1531177065490,1348753,0.00002707,31.00000000,0
1531177086310,1531177086308,1348754,0.00002707,338.00000000,0
1531177155430,1531177155429,1348755,0.00002707,480.00000000,1
1531177160188,1531177160188,1348756,0.00002707,10.00000000,1
1531177204245,1531177204245,1348757,0.00002708,298.00000000,0
1531177211580,1531177211579,1348758,0.00002708,7.00000000,0
1531177223422,1531177223423,1348759,0.00002708,296.00000000,0
1531177223467,1531177223466,1348760,0.00002701,92.00000000,1
1531177224973,1531177224970,1348761,0.00002701,264.00000000,1
1531177260938,1531177260937,1348762,0.00002706,9.00000000,0
1531177286070,1531177286070,1348763,0.00002706,12.00000000,0
1531177346447,1531177346447,1348764,0.00002701,74.00000000,1
1531177347766,1531177347766,1348765,0.00002707,2.00000000,0
1531177358506,1531177358505,1348766,0.00002701,5110.00000000,1
1531177447288,1531177447288,1348767,0.00002701,74.00000000,1
1531177472390,1531177472391,1348768,0.00002697,117.00000000,0
1531177472408,1531177472408,1348769,0.00002697,6403.00000000,0
1531177495799,1531177495800,1348770,0.00002706,40.00000000,0
1531177516504,1531177516503,1348771,0.00002696,258.00000000,1
1531177516504,1531177516503,1348772,0.00002694,296.00000000,1
1531177516504,1531177516503,1348773,0.00002692,6991.00000000,1
1531177560086,1531177560087,1348774,0.00002701,40.00000000,0
1531177571801,1531177571802,1348775,0.00002701,37.00000000,0
1531177575077,1531177575079,1348776,0.00002701,3.00000000,0
1531177602075,1531177602076,1348777,0.00002701,40.00000000,0
1531177607897,1531177607897,1348778,0.00002701,23.00000000,0
1531177644127,1531177644128,1348779,0.00002701,40.00000000,0
1531177660804,1531177660804,1348780,0.00002701,430.00000000,0
1531177687182,1531177687184,1348781,0.00002702,40.00000000,0
1531177707984,1531177707985,1348782,0.00002702,2.00000000,0
1531177740347,1531177740348,1348783,0.00002702,216.00000000,0
1531177782124,1531177782124,1348784,0.00002705,100.00000000,0
1531177782124,1531177782124,1348785,0.00002706,295.00000000,0
1531177955146,1531177955149,1348786,0.00002701,40.00000000,0
1531177991301,1531177991303,1348787,0.00002706,7.00000000,0
1531178017383,1531178017385,1348788,0.00002705,8.00000000,0
1531178026996,1531178026999,1348789,0.00002705,92.00000000,0
1531178026996,1531178026999,1348790,0.00002706,5331.00000000,0
1531178027867,1531178027869,1348791,0.00002696,40.00000000,1
1531178036419,1531178036421,1348792,0.00002698,499.00000000,1
1531178049119,1531178049121,1348793,0.00002704,40.00000000,0
1531178062469,1531178062471,1348794,0.00002704,444.00000000,0
1531178096532,1531178096534,1348795,0.00002698,2.00000000,1
1531178109887,1531178109891,1348796,0.00002699,2118.00000000,1
1531178132697,1531178132700,1348797,0.00002697,1453.00000000,1
1531178138728,1531178138731,1348798,0.00002703,40.00000000,0
1531178138728,1531178138731,1348799,0.00002704,10.00000000,0
1531178167489,1531178167489,1348800,0.00002698,626.00000000,1
1531178175724,1531178175728,1348801,0.00002697,558.00000000,1
1531178184193,1531178184195,1348802,0.00002705,611.00000000,0
1531178215593,1531178215595,1348803,0.00002699,18.00000000,1
1531178225276,1531178225279,1348804,0.00002705,484.00000000,0
1531178305365,1531178305368,1348805,0.00002705,3674.00000000,0
1531178323252,1531178323255,1348806,0.00002700,45.00000000,1
1531178332115,1531178332117,1348807,0.00002705,116.00000000,0
1531178332115,1531178332117,1348808,0.00002706,3644.00000000,0
1531178337644,1531178337648,1348809,0.00002706,2.00000000,0
1531178338089,1531178338093,1348810,0.00002706,2.00000000,0
1531178381350,1531178381353,1348811,0.00002706,1.00000000,0
1531178393938,1531178393942,1348812,0.00002700,11.00000000,1
1531178454269,1531178454271,1348813,0.00002706,10.00000000,0
1531178480779,1531178480783,1348814,0.00002699,2.00000000,1
1531178532137,1531178532140,1348815,0.00002699,2.00000000,1
1531178548243,1531178548248,1348816,0.00002700,181.00000000,1
1531178564781,1531178564784,1348817,0.00002700,4819.00000000,1
1531178570179,1531178570184,1348818,0.00002699,41.00000000,1
1531178575134,1531178575139,1348819,0.00002700,181.00000000,0
1531178581694,1531178581698,1348820,0.00002700,121.00000000,1
1531178591563,1531178591567,1348821,0.00002700,41.00000000,1
1531178679982,1531178679987,1348822,0.00002701,41.00000000,1
1531178718988,1531178718994,1348823,0.00002701,368.00000000,1
1531178719841,1531178719846,1348824,0.00002706,19.00000000,0
1531178766074,1531178766079,1348825,0.00002699,342.00000000,1
1531178768665,1531178768670,1348826,0.00002701,186.00000000,0
1531178768665,1531178768670,1348827,0.00002706,184.00000000,0
1531178808469,1531178808472,1348828,0.00002699,23.00000000,1
1531178829183,1531178829188,1348829,0.00002699,1367.00000000,1
1531178833179,1531178833183,1348830,0.00002699,40.00000000,0
1531178855712,1531178855718,1348831,0.00002688,1.00000000,1
1531178899039,1531178899045,1348832,0.00002697,40.00000000,0
1531178901766,1531178901767,1348833,0.00002688,2273.00000000,1
1531178901766,1531178901767,1348834,0.00002687,948.00000000,1
1531178901766,1531178901767,1348835,0.00002686,123.00000000,1
1531178901766,1531178901767,1348836,0.00002685,155.00000000,1
1531178901766,1531178901767,1348837,0.00002684,150.00000000,1
1531178901766,1531178901767,1348838,0.00002683,1845.00000000,1
1531178901766,1531178901767,1348839,0.00002682,76.00000000,1
1531178901766,1531178901767,1348840,0.00002681,2553.00000000,1
1531178901766,1531178901767,1348841,0.00002680,2470.00000000,1
1531178901767,1531178901767,1348842,0.00002680,10000.00000000,1
1531178904012,1531178904017,1348843,0.00002682,8.00000000,1
1531178907898,1531178907903,1348844,0.00002682,7.00000000,1
1531178907931,1531178907937,1348845,0.00002682,6.00000000,1
1531178922912,1531178922916,1348846,0.00002685,5.00000000,1
1531178928565,1531178928571,1348847,0.00002699,19.00000000,0
1531178950343,1531178950349,1348848,0.00002685,2360.00000000,1
1531178955671,1531178955676,1348849,0.00002696,370.00000000,0
1531178959897,1531178959901,1348850,0.00002696,299.00000000,0
1531178959897,1531178959901,1348851,0.00002697,56.00000000,0
1531178959897,1531178959901,1348852,0.00002698,15.00000000,0
1531178965428,1531178965433,1348853,0.00002689,38.00000000,1
1531178965690,1531178965696,1348854,0.00002689,38.00000000,1
1531178966040,1531178966045,1348855,0.00002689,38.00000000,1
1531178966941,1531178966946,1348856,0.00002689,38.00000000,1
1531178968150,1531178968152,1348857,0.00002697,40.00000000,0
1531178984363,1531178984369,1348858,0.00002689,15.00000000,1
1531179005759,1531179005765,1348859,0.00002690,38.00000000,1
1531179006218,1531179006222,1348860,0.00002694,743.00000000,0
1531179020344,1531179020350,1348861,0.00002692,1240.00000000,0
1531179023020,1531179023026,1348862,0.00002692,219.00000000,0
1531179024779,1531179024785,1348863,0.00002690,19.00000000,1
1531179025985,1531179025990,1348864,0.00002692,180.00000000,0
1531179034153,1531179034157,1348865,0.00002695,40.00000000,0
1531179038132,1531179038138,1348866,0.00002696,761.00000000,0
1531179105079,1531179105082,1348867,0.00002695,40.00000000,0
1531179163719,1531179163725,1348868,0.00002695,47.00000000,0
1531179163719,1531179163725,1348869,0.00002696,121.00000000,0
1531179169059,1531179169062,1348870,0.00002694,40.00000000,0
1531179216146,1531179216152,1348871,0.00002693,40.00000000,0
1531179229873,1531179229880,1348872,0.00002690,41.00000000,0
1531179231409,1531179231412,1348873,0.00002690,30.00000000,0
1531179231504,1531179231509,1348874,0.00002690,50.00000000,0
1531179232114,1531179232120,1348875,0.00002690,24.00000000,0
1531179232336,1531179232342,1348876,0.00002690,30.00000000,0
1531179232740,1531179232745,1348877,0.00002690,87.00000000,0
1531179234239,1531179234244,1348878,0.00002690,317.00000000,0
1531179234239,1531179234244,1348879,0.00002691,31.00000000,0
1531179291763,1531179291769,1348880,0.00002691,2.00000000,0
1531179308649,1531179308654,1348881,0.00002689,611.00000000,1
1531179308649,1531179308654,1348882,0.00002688,632.00000000,1
1531179309404,1531179309409,1348883,0.00002688,3143.00000000,1
1531179309404,1531179309409,1348884,0.00002683,297.00000000,1
1531179309404,1531179309409,1348885,0.00002680,259.00000000,1
1531179315509,1531179315513,1348886,0.00002687,19.00000000,0
1531179315511,1531179315516,1348887,0.00002687,25.00000000,0
1531179315660,1531179315666,1348888,0.00002687,16.00000000,0
1531179315677,1531179315683,1348889,0.00002687,19.00000000,0
1531179315722,1531179315728,1348890,0.00002687,19.00000000,0
1531179315768,1531179315774,1348891,0.00002687,19.00000000,0
1531179315931,1531179315938,1348892,0.00002687,25.00000000,0
1531179315949,1531179315954,1348893,0.00002687,25.00000000,0
1531179316124,1531179316129,1348894,0.00002687,25.00000000,0
1531179316166,1531179316172,1348895,0.00002687,25.00000000,0
1531179316256,1531179316261,1348896,0.00002687,25.00000000,0
1531179316286,1531179316291,1348897,0.00002687,23.00000000,0
1531179316333,1531179316339,1348898,0.00002687,20.00000000,0
1531179316381,1531179316385,1348899,0.00002687,25.00000000,0
1531179316431,1531179316438,1348900,0.00002687,75.00000000,0
1531179316466,1531179316470,1348901,0.00002687,25.00000000,0
1531179321393,1531179321399,1348902,0.00002690,275.00000000,0
1531179321477,1531179321483,1348903,0.00002690,144.00000000,1
1531179329795,1531179329799,1348904,0.00002682,4.00000000,1
1531179342874,1531179342879,1348905,0.00002682,184.00000000,0
1531179344130,1531179344134,1348906,0.00002683,603.00000000,0
1531179346527,1531179346528,1348907,0.00002680,536.00000000,1
1531179346527,1531179346528,1348908,0.00002679,46.00000000,1
1531179346527,1531179346528,1348909,0.00002678,421.00000000,1
1531179351397,1531179351402,1348910,0.00002679,361.00000000,1
1531179353593,1531179353598,1348911,0.00002679,6.00000000,1
1531179353616,1531179353623,1348912,0.00002678,6.00000000,1
1531179353704,1531179353710,1348913,0.00002678,5.00000000,1
1531179366156,1531179366161,1348914,0.00002679,25.00000000,0
1531179366182,1531179366187,1348915,0.00002679,30.00000000,0
1531179366182,1531179366187,1348916,0.00002687,25.00000000,0
1531179366194,1531179366200,1348917,0.00002687,20.00000000,0
1531179366234,1531179366240,1348918,0.00002687,25.00000000,0
1531179366305,1531179366311,1348919,0.00002687,19.00000000,0
1531179366352,1531179366357,1348920,0.00002687,25.00000000,0
1531179366376,1531179366381,1348921,0.00002687,16.00000000,0
1531179366402,1531179366408,1348922,0.00002687,19.00000000,0
1531179366446,1531179366450,1348923,0.00002687,19.00000000,0
1531179366791,1531179366797,1348924,0.00002687,19.00000000,0
1531179366832,1531179366838,1348925,0.00002687,19.00000000,0
1531179367286,1531179367292,1348926,0.00002687,25.00000000,0
1531179373818,1531179373825,1348927,0.00002688,25.00000000,0
1531179373872,1531179373878,1348928,0.00002688,25.00000000,0
1531179382168,1531179382173,1348929,0.00002678,260.00000000,1
1531179382168,1531179382173,1348930,0.00002677,83.00000000,1
1531179382654,1531179382660,1348931,0.00002677,289.00000000,1
1531179382654,1531179382660,1348932,0.00002676,54.00000000,1
1531179383168,1531179383172,1348933,0.00002680,286.00000000,1
1531179383168,1531179383172,1348934,0.00002677,57.00000000,1
1531179386442,1531179386444,1348935,0.00002684,299.00000000,0
1531179387878,1531179387885,1348936,0.00002688,19.00000000,0
1531179390931,1531179390936,1348937,0.00002679,38.00000000,1
1531179396097,1531179396103,1348938,0.00002687,40.00000000,0
1531179409490,1531179409495,1348939,0.00002687,230.00000000,0
1531179417088,1531179417093,1348940,0.00002688,220.00000000,0
1531179446386,1531179446391,1348941,0.00002689,562.00000000,0
1531179471733,1531179471738,1348942,0.00002689,20.00000000,0
1531179471733,1531179471738,1348943,0.00002691,30.00000000,0
1531179473727,1531179473733,1348944,0.00002684,1590.00000000,1
1531179477413,1531179477419,1348945,0.00002691,910.00000000,0
1531179477632,1531179477639,1348946,0.00002691,29.00000000,0
1531179477632,1531179477639,1348947,0.00002692,21.00000000,0
1531179484397,1531179484402,1348948,0.00002692,839.00000000,0
1531179517534,1531179517540,1348949,0.00002691,12.00000000,0
1531179531471,1531179531476,1348950,0.00002691,28.00000000,0
1531179534891,1531179534896,1348951,0.00002691,7.00000000,0
1531179579519,1531179579525,1348952,0.00002684,563.00000000,1
1531179579519,1531179579525,1348953,0.00002683,100.00000000,1
1531179579519,1531179579525,1348954,0.00002680,2334.00000000,1
1531179592120,1531179592126,1348955,0.00002688,40.00000000,0
1531179626935,1531179626942,1348956,0.00002688,1.00000000,0
1531179638056,1531179638062,1348957,0.00002688,40.00000000,0
1531179642074,1531179642079,1348958,0.00002680,12.00000000,1
1531179652330,1531179652337,1348959,0.00002688,515.00000000,0
1531179654644,1531179654648,1348960,0.00002688,18.00000000,0
1531179654644,1531179654648,1348961,0.00002689,32.00000000,0
1531179667945,1531179667950,1348962,0.00002682,342.00000000,1
1531179667975,1531179667981,1348963,0.00002682,3186.00000000,1
1531179667975,1531179667981,1348964,0.00002679,298.00000000,1
1531179667975,1531179667981,1348965,0.00002677,342.00000000,1
1531179668461,1531179668466,1348966,0.00002677,3186.00000000,1
1531179672802,1531179672808,1348967,0.00002685,125.00000000,0
1531179679817,1531179679822,1348968,0.00002685,414.00000000,0
1531179705092,1531179705099,1348969,0.00002686,40.00000000,0
1531179722794,1531179722802,1348970,0.00002686,20.00000000,0
1531179774311,1531179774318,1348971,0.00002680,25.00000000,1
1531179880226,1531179880233,1348972,0.00002686,40.00000000,0
1531179968054,1531179968060,1348973,0.00002686,40.00000000,0
1531179982544,1531179982548,1348974,0.00002680,36.00000000,1
1531180081403,1531180081410,1348975,0.00002686,40.00000000,0
1531180115343,1531180115349,1348976,0.00002680,4.00000000,1
1531180135637,1531180135643,1348977,0.00002680,294.00000000,1
1531180136240,1531180136248,1348978,0.00002680,181.00000000,0
1531180136266,1531180136272,1348979,0.00002680,181.00000000,0
1531180137507,1531180137513,1348980,0.00002680,202.00000000,0
1531180138530,1531180138535,1348981,0.00002680,101.00000000,0
1531180139711,1531180139716,1348982,0.00002680,19.00000000,0
1531180139754,1531180139762,1348983,0.00002680,20.00000000,0
1531180139807,1531180139812,1348984,0.00002680,25.00000000,0
1531180139920,1531180139926,1348985,0.00002680,19.00000000,0
1531180139964,1531180139969,1348986,0.00002680,19.00000000,0
1531180140011,1531180140016,1348987,0.00002680,19.00000000,0
1531180140025,1531180140032,1348988,0.00002680,25.00000000,0
1531180140042,1531180140050,1348989,0.00002680,28.00000000,0
1531180140083,1531180140090,1348990,0.00002680,20.00000000,0
1531180140260,1531180140268,1348991,0.00002676,6.00000000,1
1531180140289,1531180140297,1348992,0.00002676,7.00000000,1
1531180141059,1531180141066,1348993,0.00002680,25.00000000,0
1531180142799,1531180142806,1348994,0.00002680,51.00000000,0
1531180162533,1531180162542,1348995,0.00002680,1114.00000000,0
1531180170818,1531180170824,1348996,0.00002680,28.00000000,0
1531180178343,1531180178348,1348997,0.00002676,129.00000000,1
1531180178343,1531180178348,1348998,0.00002675,5706.00000000,1
1531180183435,1531180183441,1348999,0.00002676,1.00000000,1
1531180238233,1531180238238,1349000,0.00002676,65.00000000,1
1531180239243,1531180239250,1349001,0.00002676,38.00000000,1
1531180239318,1531180239326,1349002,0.00002676,114.00000000,1
1531180290145,1531180290152,1349003,0.00002680,8.00000000,0
1531180290145,1531180290152,1349004,0.00002683,32.00000000,0
1531180304431,1531180304438,1349005,0.00002688,74.00000000,0
1531180304523,1531180304529,1349006,0.00002688,72.00000000,0
1531180304643,1531180304649,1349007,0.00002688,53.00000000,0
1531180307499,1531180307507,1349008,0.00002687,1.00000000,0
1531180311023,1531180311031,1349009,0.00002680,5.00000000,1
1531180326282,1531180326287,1349010,0.00002687,30.00000000,0
1531180336603,1531180336611,1349011,0.00002680,16.00000000,1
1531180337253,1531180337260,1349012,0.00002680,17.00000000,1
1531180358248,1531180358255,1349013,0.00002680,925.00000000,1
1531180358248,1531180358255,1349014,0.00002676,2820.00000000,1
1531180428111,1531180428119,1349015,0.00002678,310.00000000,0
1531180428227,1531180428236,1349016,0.00002678,70.00000000,0
1531180499151,1531180499159,1349017,0.00002676,200.00000000,1
1531180506945,1531180506952,1349018,0.00002682,296.00000000,0
1531180506945,1531180506952,1349019,0.00002683,76.00000000,0
1531180569230,1531180569237,1349020,0.00002683,40.00000000,0
1531180572291,1531180572297,1349021,0.00002683,186.00000000,0
1531180585066,1531180585075,1349022,0.00002676,1.00000000,1
1531180586803,1531180586810,1349023,0.00002683,41.00000000,0
1531180590279,1531180590286,1349024,0.00002683,373.00000000,0
1531180673588,1531180673593,1349025,0.00002684,576.00000000,1
1531180675215,1531180675222,1349026,0.00002683,627.00000000,1
1531180694042,1531180694050,1349027,0.00002678,19.00000000,0
1531180694065,1531180694071,1349028,0.00002678,19.00000000,0
1531180694116,1531180694121,1349029,0.00002678,25.00000000,0
1531180694127,1531180694134,1349030,0.00002678,105.00000000,0
1531180694319,1531180694326,1349031,0.00002678,30.00000000,0
1531180694346,1531180694354,1349032,0.00002678,30.00000000,0
1531180697543,1531180697549,1349033,0.00002674,64.00000000,1
1531180700596,1531180700604,1349034,0.00002677,19.00000000,0
1531180700626,1531180700631,1349035,0.00002677,19.00000000,0
1531180703500,1531180703507,1349036,0.00002677,597.00000000,0
1531180709513,1531180709520,1349037,0.00002676,19.00000000,0
1531180709579,1531180709584,1349038,0.00002676,14.00000000,0
1531180709596,1531180709603,1349039,0.00002676,16.00000000,0
1531180709628,1531180709635,1349040,0.00002676,30.00000000,0
1531180709671,1531180709679,1349041,0.00002676,43.00000000,0
1531180709715,1531180709722,1349042,0.00002676,38.00000000,0
1531180709746,1531180709752,1349043,0.00002676,41.00000000,0
1531180710443,1531180710448,1349044,0.00002675,436.00000000,1
1531180716243,1531180716248,1349045,0.00002675,820.00000000,1
1531180718335,1531180718341,1349046,0.00002682,686.00000000,0
1531180724210,1531180724215,1349047,0.00002682,40.00000000,0
1531180750099,1531180750104,1349048,0.00002682,40.00000000,0
1531180765378,1531180765384,1349049,0.00002681,38.00000000,1
1531180796048,1531180796054,1349050,0.00002679,6.00000000,1
1531180797167,1531180797172,1349051,0.00002679,1.00000000,1
1531180826739,1531180826745,1349052,0.00002680,38.00000000,1
1531180826739,1531180826745,1349053,0.00002679,67.00000000,1
1531180876136,1531180876143,1349054,0.00002681,40.00000000,0
1531180877289,1531180877294,1349055,0.00002681,372.00000000,0
1531180912060,1531180912063,1349056,0.00002675,352.00000000,1
1531180912060,1531180912063,1349057,0.00002674,910.00000000,1
1531180912060,1531180912063,1349058,0.00002673,298.00000000,1
1531180912060,1531180912063,1349059,0.00002672,1614.00000000,1
1531180930164,1531180930170,1349060,0.00002679,932.00000000,0
1531180945413,1531180945419,1349061,0.00002674,19.00000000,0
1531180945437,1531180945443,1349062,0.00002674,19.00000000,0
1531180945465,1531180945471,1349063,0.00002674,1.00000000,0
1531180945620,1531180945625,1349064,0.00002674,19.00000000,0
1531180945723,1531180945729,1349065,0.00002674,19.00000000,0
1531180945910,1531180945916,1349066,0.00002674,24.00000000,0
1531180945970,1531180945974,1349067,0.00002674,131.00000000,0
1531180946014,1531180946020,1349068,0.00002674,28.00000000,0
1531180949541,1531180949546,1349069,0.00002673,38.00000000,0
1531180951662,1531180951669,1349070,0.00002673,374.00000000,0
1531180954269,1531180954275,1349071,0.00002673,374.00000000,0
1531180956209,1531180956213,1349072,0.00002672,374.00000000,0
1531180956210,1531180956214,1349073,0.00002672,374.00000000,0
1531180957960,1531180957965,1349074,0.00002672,32.00000000,0
1531180958014,1531180958019,1349075,0.00002672,32.00000000,0
1531180958072,1531180958076,1349076,0.00002672,32.00000000,0
1531180959253,1531180959259,1349077,0.00002672,22.00000000,0
1531180959253,1531180959259,1349078,0.00002674,352.00000000,0
1531180966950,1531180966953,1349079,0.00002672,176.00000000,1
1531180966950,1531180966953,1349080,0.00002671,14.00000000,1
1531180971222,1531180971227,1349081,0.00002676,374.00000000,0
1531180976147,1531180976153,1349082,0.00002679,275.00000000,0
1531181020161,1531181020168,1349083,0.00002677,40.00000000,0
1531181041085,1531181041089,1349084,0.00002677,186.00000000,0
1531181087124,1531181087130,1349085,0.00002677,124.00000000,0
1531181114146,1531181114149,1349086,0.00002673,1.00000000,1
1531181133757,1531181133761,1349087,0.00002675,1.00000000,1
1531181170254,1531181170260,1349088,0.00002677,151.00000000,0
1531181172297,1531181172302,1349089,0.00002675,2809.00000000,1
1531181172297,1531181172302,1349090,0.00002674,1200.00000000,1
1531181172297,1531181172302,1349091,0.00002672,1357.00000000,1
1531181218206,1531181218210,1349092,0.00002677,155.00000000,0
1531181218206,1531181218210,1349093,0.00002678,218.00000000,0
1531181229084,1531181229089,1349094,0.00002682,149.00000000,0
1531181230119,1531181230123,1349095,0.00002682,149.00000000,0
1531181245904,1531181245908,1349096,0.00002675,21.00000000,1
1531181273071,1531181273074,1349097,0.00002681,118.00000000,0
1531181273071,1531181273074,1349098,0.00002682,4.00000000,0
1531181295429,1531181295429,1349099,0.00002679,126.00000000,0
1531181313892,1531181313894,1349100,0.00002675,77.00000000,1
1531181314410,1531181314413,1349101,0.00002675,32.00000000,0
1531181333070,1531181333075,1349102,0.00002677,603.00000000,0
1531181333070,1531181333075,1349103,0.00002680,77.00000000,0
1531181333070,1531181333075,1349104,0.00002681,3545.00000000,0
1531181358101,1531181358105,1349105,0.00002685,191.00000000,0
1531181449296,1531181449300,1349106,0.00002677,490.00000000,1
1531181450191,1531181450194,1349107,0.00002683,181.00000000,0
1531181506772,1531181506776,1349108,0.00002683,162.00000000,0
1531181572361,1531181572365,1349109,0.00002677,1.00000000,1
1531181598310,1531181598314,1349110,0.00002682,135.00000000,0
1531181603620,1531181603622,1349111,0.00002677,2.00000000,1
1531181608675,1531181608679,1349112,0.00002682,372.00000000,0
1531181614421,1531181614426,1349113,0.00002682,134.00000000,0
1531181680846,1531181680850,1349114,0.00002680,125.00000000,0
1531181704160,1531181704164,1349115,0.00002680,141.00000000,0
1531181769878,1531181769883,1349116,0.00002677,4.00000000,1
1531181791652,1531181791656,1349117,0.00002680,373.00000000,0
1531181793837,1531181793840,1349118,0.00002680,539.00000000,0
1531181795379,1531181795382,1349119,0.00002680,373.00000000,0
1531181807524,1531181807527,1349120,0.00002677,8.00000000,1
1531181807524,1531181807527,1349121,0.00002676,132.00000000,1
1531181808567,1531181808572,1349122,0.00002681,103.00000000,0
1531181812882,1531181812886,1349123,0.00002672,110.00000000,1
1531181896296,1531181896300,1349124,0.00002679,556.00000000,0
1531181899069,1531181899071,1349125,0.00002674,1.00000000,1
1531181925952,1531181925956,1349126,0.00002679,12.00000000,0
1531181926207,1531181926210,1349127,0.00002674,13.00000000,1
1531181950409,1531181950412,1349128,0.00002674,8.00000000,1
1531181969068,1531181969071,1349129,0.00002681,386.00000000,0
1531181969068,1531181969071,1349130,0.00002682,171.00000000,0
1531181981991,1531181981994,1349131,0.00002682,2.00000000,0
1531181991104,1531181991106,1349132,0.00002682,40.00000000,0
1531182027924,1531182027924,1349133,0.00002682,41.00000000,0
1531182081156,1531182081159,1349134,0.00002682,40.00000000,0
1531182113324,1531182113325,1349135,0.00002675,9.00000000,1
1531182137525,1531182137528,1349136,0.00002682,40.00000000,0
1531182150655,1531182150658,1349137,0.00002682,372.00000000,0
1531182253780,1531182253783,1349138,0.00002682,40.00000000,0
1531182256051,1531182256052,1349139,0.00002682,41.00000000,0
1531182327048,1531182327051,1349140,0.00002682,1.00000000,0
1531182329410,1531182329411,1349141,0.00002682,1.00000000,0
1531182350589,1531182350593,1349142,0.00002680,72.00000000,0
1531182421037,1531182421039,1349143,0.00002680,38.00000000,0
1531182521060,1531182521063,1349144,0.00002682,59.00000000,0
1531182522661,1531182522664,1349145,0.00002682,86.00000000,0
1531182523464,1531182523466,1349146,0.00002682,53.00000000,0
1531182525175,1531182525176,1349147,0.00002682,46.00000000,0
1531182532703,1531182532705,1349148,0.00002677,74.00000000,1
1531182532703,1531182532705,1349149,0.00002675,371.00000000,1
1531182532703,1531182532705,1349150,0.00002674,63.00000000,1
1531182553692,1531182553695,1349151,0.00002681,178.00000000,0
1531182560680,1531182560682,1349152,0.00002681,229.00000000,0
1531182623012,1531182623014,1349153,0.00002681,44.00000000,0
1531182623012,1531182623014,1349154,0.00002682,19.00000000,0
1531182661572,1531182661573,1349155,0.00002682,565.00000000,0
1531182761941,1531182761943,1349156,0.00002682,2.00000000,0
1531182769592,1531182769595,1349157,0.00002680,51.00000000,0
1531182798191,1531182798193,1349158,0.00002673,592.00000000,1
1531182798191,1531182798193,1349159,0.00002672,490.00000000,1
1531182862436,1531182862437,1349160,0.00002679,571.00000000,0
1531182917228,1531182917228,1349161,0.00002672,4703.00000000,1
1531182921758,1531182921760,1349162,0.00002678,134.00000000,0
1531182955159,1531182955161,1349163,0.00002678,100.00000000,0
1531182955435,1531182955436,1349164,0.00002678,373.00000000,0
1531182955436,1531182955438,1349165,0.00002678,3.00000000,0
1531182955436,1531182955438,1349166,0.00002679,21.00000000,0
1531182955436,1531182955438,1349167,0.00002680,349.00000000,0
1531182956213,1531182956214,1349168,0.00002680,237.00000000,0
1531182990236,1531182990238,1349169,0.00002680,1.00000000,0
1531183012850,1531183012851,1349170,0.00002678,16.00000000,1
1531183040507,1531183040508,1349171,0.00002680,697.00000000,0
1531183078321,1531183078323,1349172,0.00002678,3.00000000,1
1531183098364,1531183098364,1349173,0.00002682,37.00000000,0
1531183117822,1531183117824,1349174,0.00002682,2.00000000,0
1531183122784,1531183122784,1349175,0.00002678,2.00000000,1
1531183134856,1531183134856,1349176,0.00002678,3.00000000,1
1531183201469,1531183201469,1349177,0.00002682,8.00000000,0
1531183204008,1531183204008,1349178,0.00002682,1.00000000,0
1531183234157,1531183234156,1349179,0.00002682,159.00000000,0
1531183371598,1531183371597,1349180,0.00002682,1744.00000000,0
1531183372931,1531183372930,1349181,0.00002682,50.00000000,0
1531183380886,1531183380886,1349182,0.00002682,11.00000000,0
1531183380886,1531183380886,1349183,0.00002685,39.00000000,0
1531183387023,1531183387023,1349184,0.00002684,100.00000000,0
1531183392991,1531183392990,1349185,0.00002685,50.00000000,0
1531183405870,1531183405870,1349186,0.00002685,343.00000000,0
1531183411135,1531183411134,1349187,0.00002685,11.00000000,0
1531183411135,1531183411134,1349188,0.00002686,39.00000000,0
1531183415428,1531183415428,1349189,0.00002680,199.00000000,1
1531183416887,1531183416886,1349190,0.00002686,289.00000000,0
1531183422617,1531183422618,1349191,0.00002680,1.00000000,1
1531183422642,1531183422641,1349192,0.00002687,297.00000000,0
1531183424253,1531183424254,1349193,0.00002690,287.00000000,0
1531183428487,1531183428488,1349194,0.00002682,12.00000000,1
1531183441114,1531183441114,1349195,0.00002690,692.00000000,0
1531183446326,1531183446326,1349196,0.00002690,7021.00000000,0
1531183461055,1531183461054,1349197,0.00002691,4847.00000000,0
1531183475790,1531183475789,1349198,0.00002683,191.00000000,1
1531183479212,1531183479209,1349199,0.00002691,100.00000000,0
1531183479212,1531183479209,1349200,0.00002692,592.00000000,0
1531183484355,1531183484355,1349201,0.00002685,469.00000000,1
1531183488578,1531183488575,1349202,0.00002690,466.00000000,0
1531183489688,1531183489688,1349203,0.00002685,759.00000000,1
1531183523306,1531183523305,1349204,0.00002692,592.00000000,0
1531183548158,1531183548158,1349205,0.00002685,445.00000000,1
1531183549266,1531183549265,1349206,0.00002685,222.00000000,1
1531183549527,1531183549527,1349207,0.00002691,8365.00000000,0
1531183609750,1531183609750,1349208,0.00002693,6570.00000000,0
1531183645510,1531183645509,1349209,0.00002692,3600.00000000,0
1531183730156,1531183730154,1349210,0.00002682,4.00000000,1
1531183763805,1531183763804,1349211,0.00002683,2.00000000,1
1531183801337,1531183801334,1349212,0.00002681,457.00000000,1
1531183802065,1531183802062,1349213,0.00002681,528.00000000,1
1531183803052,1531183803052,1349214,0.00002680,298.00000000,1
1531183806719,1531183806718,1349215,0.00002678,326.00000000,1
1531183813939,1531183813937,1349216,0.00002691,222.00000000,0
1531183857430,1531183857429,1349217,0.00002680,5.00000000,1
1531183859450,1531183859449,1349218,0.00002679,5.00000000,1
1531183885633,1531183885632,1349219,0.00002691,857.00000000,0
1531183953167,1531183953167,1349220,0.00002691,5000.00000000,0
1531184163485,1531184163483,1349221,0.00002685,2.00000000,1
1531184189175,1531184189174,1349222,0.00002692,185.00000000,0
1531184247111,1531184247108,1349223,0.00002691,40.00000000,0
1531184269160,1531184269155,1349224,0.00002691,41.00000000,0
1531184310930,1531184310928,1349225,0.00002691,41.00000000,0
1531184316239,1531184316236,1349226,0.00002691,40.00000000,0
1531184336108,1531184336106,1349227,0.00002691,41.00000000,0
1531184359164,1531184359162,1349228,0.00002691,41.00000000,0
1531184365967,1531184365965,1349229,0.00002682,12.00000000,1
1531184367866,1531184367864,1349230,0.00002681,12.00000000,1
1531184377735,1531184377732,1349231,0.00002682,4.00000000,1
1531184385162,1531184385159,1349232,0.00002691,40.00000000,0
1531184418308,1531184418305,1349233,0.00002683,243.00000000,1
1531184423500,1531184423497,1349234,0.00002682,185.00000000,1
1531184426216,1531184426212,1349235,0.00002682,425.00000000,1
1531184451682,1531184451679,1349236,0.00002686,243.00000000,0
1531184452544,1531184452541,1349237,0.00002690,235.00000000,0
1531184474180,1531184474178,1349238,0.00002690,280.00000000,0
1531184484194,1531184484191,1349239,0.00002683,332.00000000,1
1531184502193,1531184502189,1349240,0.00002690,99.00000000,0
1531184502193,1531184502189,1349241,0.00002691,12.00000000,0
1531184502193,1531184502189,1349242,0.00002692,12974.00000000,0
1531184570737,1531184570733,1349243,0.00002689,2467.00000000,1
1531184572535,1531184572532,1349244,0.00002693,100.00000000,0
1531184573563,1531184573561,1349245,0.00002693,332.00000000,1
1531184573563,1531184573561,1349246,0.00002689,41.00000000,1
1531184656792,1531184656788,1349247,0.00002693,85.00000000,0
1531184657034,1531184657030,1349248,0.00002693,15.00000000,0
1531184657034,1531184657030,1349249,0.00002694,304.00000000,0
1531184760726,1531184760723,1349250,0.00002685,375.00000000,1
1531184819541,1531184819537,1349251,0.00002692,3.00000000,0
1531184840720,1531184840715,1349252,0.00002686,2.00000000,1
1531184895421,1531184895417,1349253,0.00002686,5.00000000,1
1531184896287,1531184896283,1349254,0.00002691,40.00000000,0
1531184995695,1531184995690,1349255,0.00002686,2.00000000,1
1531185009342,1531185009337,1349256,0.00002690,38.00000000,0
1531185009342,1531185009337,1349257,0.00002691,43.00000000,0
1531185054721,1531185054717,1349258,0.00002686,29.00000000,1
1531185054721,1531185054717,1349259,0.00002685,3.00000000,1
1531185166530,1531185166523,1349260,0.00002685,2.00000000,1
1531185222781,1531185222777,1349261,0.00002685,3.00000000,1
1531185224914,1531185224910,1349262,0.00002685,6.00000000,1
1531185225526,1531185225521,1349263,0.00002685,2.00000000,1
1531185316147,1531185316142,1349264,0.00002685,57.00000000,1
1531185385699,1531185385694,1349265,0.00002688,81.00000000,0
1531185456195,1531185456189,1349266,0.00002682,4512.00000000,1
1531185482240,1531185482236,1349267,0.00002680,1.00000000,1
1531185500122,1531185500117,1349268,0.00002680,38.00000000,1
1531185536875,1531185536870,1349269,0.00002681,247.00000000,1
1531185536875,1531185536870,1349270,0.00002680,6141.00000000,1
1531185544744,1531185544739,1349271,0.00002680,2.00000000,1
1531185548270,1531185548266,1349272,0.00002680,40.00000000,1
1531185597359,1531185597355,1349273,0.00002686,40.00000000,0
1531185633748,1531185633743,1349274,0.00002680,1.00000000,1
1531185648555,1531185648549,1349275,0.00002680,4.00000000,1
1531185691137,1531185691132,1349276,0.00002686,40.00000000,0
1531185822209,1531185822204,1349277,0.00002685,40.00000000,0
1531185841969,1531185841962,1349278,0.00002680,41.00000000,1
1531185863158,1531185863152,1349279,0.00002680,3.00000000,1
1531185865923,1531185865918,1349280,0.00002680,1.00000000,1
1531185886498,1531185886493,1349281,0.00002680,41.00000000,1
1531185914079,1531185914073,1349282,0.00002685,40.00000000,0
1531185922017,1531185922011,1349283,0.00002680,136.00000000,1
1531185961886,1531185961880,1349284,0.00002680,41.00000000,1
1531185978625,1531185978618,1349285,0.00002685,413.00000000,0
1531186006290,1531186006285,1349286,0.00002685,40.00000000,0
1531186028058,1531186028052,1349287,0.00002683,41.00000000,1
1531186060050,1531186060044,1349288,0.00002685,40.00000000,0
1531186096898,1531186096890,1349289,0.00002683,46.00000000,1
1531186160159,1531186160152,1349290,0.00002685,40.00000000,0
1531186166508,1531186166501,1349291,0.00002685,3191.00000000,0
1531186185311,1531186185304,1349292,0.00002683,1.00000000,1
1531186199259,1531186199253,1349293,0.00002683,2.00000000,1
1531186240216,1531186240211,1349294,0.00002683,41.00000000,1
1531186260191,1531186260185,1349295,0.00002685,40.00000000,0
1531186285113,1531186285107,1349296,0.00002685,41.00000000,0
1531186328570,1531186328565,1349297,0.00002685,40.00000000,0
1531186335585,1531186335580,1349298,0.00002683,2.00000000,1
1531186351024,1531186351018,1349299,0.00002683,41.00000000,1
1531186374457,1531186374452,1349300,0.00002683,41.00000000,1
1531186397771,1531186397766,1349301,0.00002685,40.00000000,0
1531186438162,1531186438156,1349302,0.00002685,35.00000000,0
1531186438162,1531186438156,1349303,0.00002686,6.00000000,0
1531186446195,1531186446189,1349304,0.00002683,5.00000000,1
1531186446195,1531186446189,1349305,0.00002680,10.00000000,1
1531186465959,1531186465953,1349306,0.00002680,41.00000000,1
1531186492085,1531186492080,1349307,0.00002686,40.00000000,0
1531186493380,1531186493374,1349308,0.00002680,40.00000000,1
1531186525042,1531186525036,1349309,0.00002686,1.00000000,0
1531186577138,1531186577131,1349310,0.00002680,41.00000000,1
1531186600191,1531186600186,1349311,0.00002686,40.00000000,0
1531186601106,1531186601101,1349312,0.00002680,40.00000000,1
1531186628851,1531186628845,1349313,0.00002680,41.00000000,1
1531186636844,1531186636838,1349314,0.00002680,1.00000000,1
1531186656136,1531186656131,1349315,0.00002686,40.00000000,0
1531186657357,1531186657353,1349316,0.00002680,39.00000000,1
1531186700124,1531186700118,1349317,0.00002680,26.00000000,1
1531186715260,1531186715255,1349318,0.00002680,41.00000000,1
1531186740091,1531186740086,1349319,0.00002685,40.00000000,0
1531186741067,1531186741061,1349320,0.00002680,40.00000000,1
1531186763146,1531186763141,1349321,0.00002685,200.00000000,0
1531186790615,1531186790610,1349322,0.00002683,51.00000000,1
1531186791070,1531186791065,1349323,0.00002685,7.00000000,0
1531186816186,1531186816180,1349324,0.00002686,40.00000000,0
1531186824159,1531186824154,1349325,0.00002686,466.00000000,0
1531186824159,1531186824154,1349326,0.00002690,747.00000000,0
1531186872548,1531186872543,1349327,0.00002686,41.00000000,1
1531186962373,1531186962367,1349328,0.00002686,1.00000000,1
1531186997462,1531186997456,1349329,0.00002686,41.00000000,1
1531187024085,1531187024079,1349330,0.00002686,41.00000000,1
1531187049130,1531187049125,1349331,0.00002686,399.00000000,1
1531187112619,1531187112613,1349332,0.00002686,1.00000000,1
1531187121486,1531187121482,1349333,0.00002686,18.00000000,1
1531187146516,1531187146511,1349334,0.00002686,1348.00000000,1
1531187146516,1531187146511,1349335,0.00002685,3652.00000000,1
1531187151658,1531187151654,1349336,0.00002691,95.00000000,0
1531187161998,1531187161993,1349337,0.00002685,207.00000000,1
1531187163246,1531187163240,1349338,0.00002689,142.00000000,0
1531187170078,1531187170073,1349339,0.00002685,2.00000000,1
1531187184930,1531187184926,1349340,0.00002685,142.00000000,1
1531187233295,1531187233290,1349341,0.00002685,101.00000000,1
1531187254764,1531187254758,1349342,0.00002685,40.00000000,1
1531187535121,1531187535116,1349343,0.00002684,68.00000000,1
1531187559323,1531187559317,1349344,0.00002684,67.00000000,1
1531187585875,1531187585869,1349345,0.00002684,129.00000000,1
1531187636224,1531187636220,1349346,0.00002689,118.00000000,0
1531187673712,1531187673707,1349347,0.00002684,1.00000000,1
1531187698749,1531187698744,1349348,0.00002684,39.00000000,1
1531187722175,1531187722170,1349349,0.00002689,111.00000000,0
1531187806661,1531187806655,1349350,0.00002687,126.00000000,0
1531187879220,1531187879216,1349351,0.00002684,4.00000000,1
1531187901103,1531187901099,1349352,0.00002684,464.00000000,1
1531187918988,1531187918983,1349353,0.00002684,717.00000000,1
1531187924168,1531187924163,1349354,0.00002685,376.00000000,0
1531187936435,1531187936432,1349355,0.00002684,1.00000000,1
1531187977430,1531187977426,1349356,0.00002684,325.00000000,1
1531187982565,1531187982561,1349357,0.00002684,42.00000000,1
1531187982565,1531187982561,1349358,0.00002681,298.00000000,1
1531187982565,1531187982561,1349359,0.00002677,306.00000000,1
1531188003166,1531188003161,1349360,0.00002677,30.00000000,1
1531188004146,1531188004142,1349361,0.00002682,290.00000000,0
1531188057198,1531188057194,1349362,0.00002682,73.00000000,0
1531188073913,1531188073909,1349363,0.00002682,1.00000000,0
1531188123289,1531188123284,1349364,0.00002682,1804.00000000,0
1531188134209,1531188134205,1349365,0.00002682,174.00000000,0
1531188321725,1531188321720,1349366,0.00002678,205.00000000,1
1531188324520,1531188324517,1349367,0.00002678,1326.00000000,1
1531188347179,1531188347175,1349368,0.00002686,144.00000000,0
1531188367325,1531188367320,1349369,0.00002686,372.00000000,0
1531188391487,1531188391483,1349370,0.00002678,239.00000000,1
1531188417823,1531188417818,1349371,0.00002685,239.00000000,0
1531188443822,1531188443819,1349372,0.00002685,848.00000000,1
1531188480057,1531188480052,1349373,0.00002678,88.00000000,1
1531188480057,1531188480052,1349374,0.00002677,180.00000000,1
1531188515260,1531188515256,1349375,0.00002685,166.00000000,0
1531188549241,1531188549236,1349376,0.00002686,372.00000000,0
1531188587329,1531188587326,1349377,0.00002684,42.00000000,0
1531188611184,1531188611181,1349378,0.00002684,48.00000000,0
1531188623348,1531188623345,1349379,0.00002679,1.00000000,1
1531188631740,1531188631737,1349380,0.00002685,217.00000000,0
1531188643385,1531188643381,1349381,0.00002686,372.00000000,0
1531188648515,1531188648511,1349382,0.00002679,143.00000000,1
1531188659179,1531188659175,1349383,0.00002686,104.00000000,0
1531188672303,1531188672299,1349384,0.00002679,4.00000000,1
1531188684200,1531188684197,1349385,0.00002686,147.00000000,0
1531188691959,1531188691955,1349386,0.00002679,31.00000000,1
1531188694319,1531188694314,1349387,0.00002679,2.00000000,1
1531188752543,1531188752538,1349388,0.00002679,3.00000000,1
1531188788763,1531188788759,1349389,0.00002679,1.00000000,1
1531188839120,1531188839114,1349390,0.00002679,7.00000000,1
1531188840304,1531188840300,1349391,0.00002685,40.00000000,0
1531188840304,1531188840300,1349392,0.00002686,46.00000000,0
1531188919176,1531188919172,1349393,0.00002686,178.00000000,0
1531188928171,1531188928167,1349394,0.00002686,253.00000000,0
1531188966933,1531188966931,1349395,0.00002680,116.00000000,1
1531188976517,1531188976513,1349396,0.00002679,123.00000000,1
1531189028258,1531189028257,1349397,0.00002685,280.00000000,0
1531189033918,1531189033914,1349398,0.00002679,38.00000000,1
1531189033918,1531189033914,1349399,0.00002678,38.00000000,1
1531189033918,1531189033914,1349400,0.00002677,204.00000000,1
1531189076689,1531189076685,1349401,0.00002683,302.00000000,0
1531189083298,1531189083295,1349402,0.00002677,58.00000000,1
1531189126989,1531189126985,1349403,0.00002677,79.00000000,1
1531189126989,1531189126985,1349404,0.00002676,166.00000000,1
1531189151187,1531189151183,1349405,0.00002682,79.00000000,0
1531189151187,1531189151183,1349406,0.00002683,163.00000000,0
1531189178940,1531189178937,1349407,0.00002676,220.00000000,1
1531189206064,1531189206062,1349408,0.00002681,122.00000000,0
1531189232191,1531189232188,1349409,0.00002681,188.00000000,0
1531189277016,1531189277013,1349410,0.00002676,5.00000000,1
1531189303071,1531189303068,1349411,0.00002681,204.00000000,0
1531189310105,1531189310102,1349412,0.00002676,183.00000000,1
1531189311502,1531189311500,1349413,0.00002676,1328.00000000,1
1531189316669,1531189316666,1349414,0.00002675,1.00000000,1
1531189337203,1531189337200,1349415,0.00002675,577.00000000,1
1531189354150,1531189354149,1349416,0.00002676,224.00000000,0
1531189355537,1531189355504,1349417,0.00002676,224.00000000,0
1531189361723,1531189361721,1349418,0.00002671,185.00000000,1
1531189378053,1531189378050,1349419,0.00002676,174.00000000,0
1531189424573,1531189424572,1349420,0.00002671,3352.00000000,1
1531189434239,1531189434219,1349421,0.00002671,3575.00000000,1
1531189439738,1531189439736,1349422,0.00002671,3362.00000000,1
1531189475185,1531189475181,1349423,0.00002676,268.00000000,0
1531189476367,1531189476365,1349424,0.00002671,268.00000000,1
1531189500191,1531189500187,1349425,0.00002671,202.00000000,1
1531189501327,1531189501323,1349426,0.00002676,37.00000000,0
1531189525175,1531189525175,1349427,0.00002676,198.00000000,0
1531189526795,1531189526791,1349428,0.00002671,198.00000000,1
1531189530474,1531189530472,1349429,0.00002671,38.00000000,1
1531189548842,1531189548839,1349430,0.00002676,137.00000000,0
1531189548875,1531189548871,1349431,0.00002671,181.00000000,1
1531189583395,1531189583392,1349432,0.00002676,593.00000000,0
1531189668264,1531189668261,1349433,0.00002674,46.00000000,1
1531189668264,1531189668261,1349434,0.00002671,138.00000000,1
1531189685062,1531189685058,1349435,0.00002671,11.00000000,1
1531189763484,1531189763481,1349436,0.00002672,189.00000000,1
1531189775512,1531189775510,1349437,0.00002673,222.00000000,1
1531189811240,1531189811238,1349438,0.00002673,100.00000000,0
1531189857756,1531189857754,1349439,0.00002672,4.00000000,1
1531189862168,1531189862164,1349440,0.00002672,2.00000000,1
1531189864193,1531189864190,1349441,0.00002673,159.00000000,0
1531189890239,1531189890235,1349442,0.00002672,298.00000000,1
1531189907470,1531189907468,1349443,0.00002672,2.00000000,1
1531189915358,1531189915356,1349444,0.00002673,122.00000000,0
1531189941068,1531189941066,1349445,0.00002672,142.00000000,1
1531189987102,1531189987101,1349446,0.00002678,136.00000000,0
1531190020157,1531190020153,1349447,0.00002678,53.00000000,0
1531190020157,1531190020153,1349448,0.00002680,320.00000000,0
1531190021421,1531190021420,1349449,0.00002672,23.00000000,1
1531190053066,1531190053062,1349450,0.00002672,1500.00000000,1
1531190067699,1531190067696,1349451,0.00002672,727.00000000,1
1531190073032,1531190073028,1349452,0.00002680,7.00000000,0
1531190103816,1531190103813,1349453,0.00002672,6.00000000,1
1531190233141,1531190233139,1349454,0.00002672,140.00000000,1
1531190281976,1531190281974,1349455,0.00002672,139.00000000,1
1531190301180,1531190301177,1349456,0.00002672,1.00000000,1
1531190316778,1531190316773,1349457,0.00002672,4.00000000,1
1531190329588,1531190329585,1349458,0.00002672,3494.00000000,1
1531190331257,1531190331255,1349459,0.00002672,124.00000000,1
1531190347324,1531190347320,1349460,0.00002672,28422.00000000,1
1531190347324,1531190347320,1349461,0.00002670,17813.00000000,1
1531190351454,1531190351453,1349462,0.00002673,33393.00000000,1
1531190356288,1531190356285,1349463,0.00002669,7.00000000,1
1531190356320,1531190356317,1349464,0.00002669,6.00000000,1
1531190356844,1531190356838,1349465,0.00002669,779.00000000,1
1531190356844,1531190356838,1349466,0.00002668,79.00000000,1
1531190356844,1531190356838,1349467,0.00002667,2839.00000000,1
1531190356844,1531190356838,1349468,0.00002666,7693.00000000,1
1531190356844,1531190356838,1349469,0.00002665,41.00000000,1
1531190356844,1531190356838,1349470,0.00002664,1395.00000000,1
1531190356844,1531190356838,1349471,0.00002663,75.00000000,1
1531190356844,1531190356838,1349472,0.00002661,507.00000000,1
1531190356844,1531190356838,1349473,0.00002660,37754.00000000,1
1531190356895,1531190356891,1349474,0.00002660,13.00000000,0
1531190361747,1531190361742,1349475,0.00002665,2651.00000000,1
1531190361747,1531190361742,1349476,0.00002664,299.00000000,1
1531190361747,1531190361742,1349477,0.00002662,6532.00000000,1
1531190361801,1531190361798,1349478,0.00002662,255.00000000,0
1531190361834,1531190361831,1349479,0.00002662,1274.00000000,0
1531190362731,1531190362728,1349480,0.00002660,6.00000000,1
1531190362750,1531190362747,1349481,0.00002660,7.00000000,1
1531190365428,1531190365424,1349482,0.00002665,19.00000000,0
1531190365450,1531190365448,1349483,0.00002665,19.00000000,0
1531190365488,1531190365485,1349484,0.00002665,19.00000000,0
1531190365611,1531190365608,1349485,0.00002665,16.00000000,0
1531190365611,1531190365608,1349486,0.00002677,3.00000000,0
1531190365637,1531190365633,1349487,0.00002677,19.00000000,0
1531190365716,1531190365714,1349488,0.00002677,33.00000000,0
1531190365743,1531190365740,1349489,0.00002677,33.00000000,0
1531190365813,1531190365810,1349490,0.00002677,25.00000000,0
1531190365844,1531190365840,1349491,0.00002677,25.00000000,0
1531190365884,1531190365880,1349492,0.00002677,25.00000000,0
1531190365930,1531190365927,1349493,0.00002677,32.00000000,0
1531190365932,1531190365930,1349494,0.00002677,57.00000000,0
1531190365973,1531190365971,1349495,0.00002677,30.00000000,0
1531190366006,1531190366002,1349496,0.00002677,5.00000000,0
1531190368617,1531190368615,1349497,0.00002663,300.00000000,1
1531190368617,1531190368615,1349498,0.00002662,566.00000000,1
1531190368617,1531190368615,1349499,0.00002661,1174.00000000,1
1531190373052,1531190373049,1349500,0.00002665,73.00000000,1
1531190373052,1531190373049,1349501,0.00002661,861.00000000,1
1531190373052,1531190373049,1349502,0.00002660,5000.00000000,1
1531190378461,1531190378458,1349503,0.00002662,43.00000000,1
1531190382176,1531190382170,1349504,0.00002662,884.00000000,1
1531190382176,1531190382170,1349505,0.00002660,2607.00000000,1
1531190382176,1531190382170,1349506,0.00002659,113.00000000,1
1531190382176,1531190382170,1349507,0.00002658,54.00000000,1
1531190382176,1531190382170,1349508,0.00002657,421.00000000,1
1531190382176,1531190382170,1349509,0.00002656,800.00000000,1
1531190382176,1531190382170,1349510,0.00002655,2973.00000000,1
1531190382176,1531190382170,1349511,0.00002653,166.00000000,1
1531190382975,1531190382971,1349512,0.00002674,13.00000000,0
1531190392308,1531190392305,1349513,0.00002657,1792.00000000,1
1531190393439,1531190393435,1349514,0.00002657,186.00000000,1
1531190395248,1531190395246,1349515,0.00002669,25.00000000,0
1531190395350,1531190395347,1349516,0.00002669,25.00000000,0
1531190395548,1531190395545,1349517,0.00002657,330.00000000,1
1531190395957,1531190395953,1349518,0.00002657,344.00000000,1
1531190396351,1531190396346,1349519,0.00002657,344.00000000,1
1531190396660,1531190396657,1349520,0.00002657,240.00000000,1
1531190398758,1531190398755,1349521,0.00002657,39.00000000,1
1531190399695,1531190399695,1349522,0.00002667,12.00000000,0
1531190400920,1531190400916,1349523,0.00002657,234.00000000,1
1531190401236,1531190401233,1349524,0.00002655,197.00000000,0
1531190401304,1531190401301,1349525,0.00002655,1230.00000000,0
1531190401437,1531190401433,1349526,0.00002666,20.00000000,0
1531190401823,1531190401819,1349527,0.00002666,33.00000000,0
1531190401889,1531190401886,1349528,0.00002666,27.00000000,0
1531190401956,1531190401953,1349529,0.00002666,21.00000000,0
1531190401989,1531190401987,1349530,0.00002666,33.00000000,0
1531190402020,1531190402017,1349531,0.00002666,25.00000000,0
1531190402069,1531190402065,1349532,0.00002666,25.00000000,0
1531190402085,1531190402081,1349533,0.00002666,21.00000000,0
1531190402112,1531190402111,1349534,0.00002666,18.00000000,0
1531190402150,1531190402147,1349535,0.00002666,12.00000000,0
1531190402150,1531190402147,1349536,0.00002667,13.00000000,0
1531190402192,1531190402190,1349537,0.00002667,25.00000000,0
1531190402313,1531190402309,1349538,0.00002667,32.00000000,0
1531190402429,1531190402426,1349539,0.00002658,7.00000000,1
1531190402485,1531190402482,1349540,0.00002659,6.00000000,1
1531190402531,1531190402526,1349541,0.00002666,32.00000000,0
1531190404398,1531190404396,1349542,0.00002658,6.00000000,1
1531190404699,1531190404695,1349543,0.00002664,100.00000000,0
1531190406154,1531190406151,1349544,0.00002658,1231.00000000,1
1531190406154,1531190406151,1349545,0.00002657,906.00000000,1
1531190406154,1531190406151,1349546,0.00002655,753.00000000,1
1531190406154,1531190406151,1349547,0.00002653,268.00000000,1
1531190406154,1531190406151,1349548,0.00002652,1038.00000000,1
1531190406240,1531190406237,1349549,0.00002652,236.00000000,0
1531190406371,1531190406367,1349550,0.00002664,236.00000000,0
1531190408193,1531190408191,1349551,0.00002652,67.00000000,1
1531190408193,1531190408191,1349552,0.00002651,6.00000000,1
1531190408316,1531190408314,1349553,0.00002651,132.00000000,1
1531190408316,1531190408314,1349554,0.00002650,51.00000000,1
1531190408633,1531190408632,1349555,0.00002650,73.00000000,1
1531190410451,1531190410450,1349556,0.00002662,50.00000000,0
1531190412740,1531190412736,1349557,0.00002661,25.00000000,0
1531190412768,1531190412765,1349558,0.00002661,39.00000000,0
1531190412857,1531190412853,1349559,0.00002661,36.00000000,0
1531190412857,1531190412853,1349560,0.00002662,1.00000000,0
1531190412928,1531190412924,1349561,0.00002653,6.00000000,1
1531190414465,1531190414460,1349562,0.00002653,2774.00000000,1
1531190414465,1531190414460,1349563,0.00002652,2099.00000000,1
1531190414465,1531190414460,1349564,0.00002650,1429.00000000,1
1531190414943,1531190414939,1349565,0.00002653,6.00000000,1
1531190416428,1531190416424,1349566,0.00002663,408.00000000,0
1531190419076,1531190419073,1349567,0.00002654,50.00000000,1
1531190419158,1531190419157,1349568,0.00002654,457.00000000,1
1531190419289,1531190419289,1349569,0.00002654,39.00000000,1
1531190420020,1531190420016,1349570,0.00002654,191.00000000,1
1531190421088,1531190421084,1349571,0.00002662,631.00000000,0
1531190421088,1531190421084,1349572,0.00002663,15.00000000,0
1531190422451,1531190422448,1349573,0.00002663,85.00000000,0
1531190422917,1531190422913,1349574,0.00002654,1935.00000000,1
1531190423273,1531190423269,1349575,0.00002651,764.00000000,0
1531190423310,1531190423307,1349576,0.00002651,377.00000000,0
1531190423368,1531190423366,1349577,0.00002651,299.00000000,0
1531190423368,1531190423366,1349578,0.00002664,42.00000000,0
1531190423368,1531190423366,1349579,0.00002665,751.00000000,0
1531190423368,1531190423366,1349580,0.00002674,348.00000000,0
1531190423567,1531190423563,1349581,0.00002674,10.00000000,0
1531190423590,1531190423587,1349582,0.00002674,148.00000000,0
1531190423590,1531190423587,1349583,0.00002679,182.00000000,0
1531190424428,1531190424424,1349584,0.00002666,20.00000000,1
1531190425564,1531190425560,1349585,0.00002679,250.00000000,0
1531190427274,1531190427270,1349586,0.00002667,330.00000000,1
1531190427999,1531190427997,1349587,0.00002668,257.00000000,1
1531190427999,1531190427997,1349588,0.00002667,83.00000000,1
1531190428716,1531190428712,1349589,0.00002665,357.00000000,1
1531190429161,1531190429157,1349590,0.00002665,357.00000000,1
1531190430619,1531190430616,1349591,0.00002666,225.00000000,1
1531190430619,1531190430616,1349592,0.00002665,140.00000000,1
1531190432132,1531190432128,1349593,0.00002657,127.00000000,1
1531190434360,1531190434358,1349594,0.00002657,2417.00000000,1
1531190434479,1531190434476,1349595,0.00002657,127.00000000,0
1531190434479,1531190434476,1349596,0.00002663,257.00000000,0
1531190434479,1531190434476,1349597,0.00002664,254.00000000,0
1531190436903,1531190436899,1349598,0.00002656,136.00000000,1
1531190436903,1531190436899,1349599,0.00002652,221.00000000,1
1531190440223,1531190440220,1349600,0.00002653,7.00000000,1
1531190440449,1531190440446,1349601,0.00002656,21.00000000,0
1531190440460,1531190440457,1349602,0.00002656,57.00000000,0
1531190440597,1531190440594,1349603,0.00002661,21.00000000,1
1531190441068,1531190441066,1349604,0.00002652,2747.00000000,1
1531190442682,1531190442680,1349605,0.00002656,72.00000000,0
1531190446482,1531190446479,1349606,0.00002656,22.00000000,0
1531190446482,1531190446479,1349607,0.00002660,28.00000000,0
1531190447424,1531190447420,1349608,0.00002664,63.00000000,0
1531190447949,1531190447946,1349609,0.00002655,258.00000000,1
1531190447949,1531190447946,1349610,0.00002654,2403.00000000,1
1531190451115,1531190451112,1349611,0.00002663,372.00000000,0
1531190451620,1531190451616,1349612,0.00002654,258.00000000,1
1531190451620,1531190451616,1349613,0.00002651,377.00000000,1
1531190451620,1531190451616,1349614,0.00002650,1603.00000000,1
1531190451620,1531190451616,1349615,0.00002648,103.00000000,1
1531190451620,1531190451616,1349616,0.00002646,930.00000000,1
1531190451620,1531190451616,1349617,0.00002645,1135.00000000,1
1531190451620,1531190451616,1349618,0.00002644,29978.00000000,1
1531190451621,1531190451616,1349619,0.00002643,39.00000000,1
1531190451621,1531190451616,1349620,0.00002642,361.00000000,1
1531190451623,1531190451616,1349621,0.00002642,2049.00000000,1
1531190451623,1531190451616,1349622,0.00002641,336.00000000,1
1531190451623,1531190451616,1349623,0.00002640,3887.00000000,1
1531190451623,1531190451616,1349624,0.00002640,1200.00000000,1
1531190451623,1531190451616,1349625,0.00002640,1996.00000000,1
1531190451624,1531190451616,1349626,0.00002640,3448.00000000,1
1531190451624,1531190451616,1349627,0.00002640,7074.00000000,1
1531190451887,1531190451884,1349628,0.00002647,569.00000000,0
1531190452972,1531190452969,1349629,0.00002659,300.00000000,0
1531190453295,1531190453292,1349630,0.00002644,7.00000000,1
1531190453321,1531190453317,1349631,0.00002644,6.00000000,1
1531190454204,1531190454201,1349632,0.00002662,111.00000000,0
1531190457134,1531190457128,1349633,0.00002649,3590.00000000,1
1531190457134,1531190457128,1349634,0.00002648,2752.00000000,1
1531190457134,1531190457128,1349635,0.00002646,301.00000000,1
1531190457134,1531190457128,1349636,0.00002641,21372.00000000,1
1531190457134,1531190457128,1349637,0.00002640,20493.00000000,1
1531190457134,1531190457128,1349638,0.00002639,5679.00000000,1
1531190457134,1531190457128,1349639,0.00002638,309.00000000,1
1531190457148,1531190457144,1349640,0.00002638,2050.00000000,0
1531190457151,1531190457147,1349641,0.00002638,291.00000000,0
1531190457160,1531190457157,1349642,0.00002638,291.00000000,0
1531190457180,1531190457176,1349643,0.00002638,291.00000000,0
1531190457180,1531190457177,1349644,0.00002638,344.00000000,0
1531190457192,1531190457189,1349645,0.00002638,291.00000000,0
1531190457229,1531190457227,1349646,0.00002638,1171.00000000,0
1531190457308,1531190457304,1349647,0.00002638,3412.00000000,0
1531190457318,1531190457317,1349648,0.00002638,1137.00000000,0
1531190457380,1531190457378,1349649,0.00002638,4734.00000000,0
1531190457380,1531190457378,1349650,0.00002648,291.00000000,0
1531190457380,1531190457378,1349651,0.00002663,300.00000000,0
1531190457380,1531190457378,1349652,0.00002665,489.00000000,0
1531190457380,1531190457378,1349653,0.00002668,330.00000000,0
1531190457380,1531190457378,1349654,0.00002676,1495.00000000,0
1531190457380,1531190457378,1349655,0.00002679,1644.00000000,0
1531190457519,1531190457516,1349656,0.00002679,82.00000000,0
1531190457582,1531190457579,1349657,0.00002679,240.00000000,0
1531190458258,1531190458255,1349658,0.00002674,25.00000000,0
1531190458301,1531190458298,1349659,0.00002674,33.00000000,0
1531190458344,1531190458339,1349660,0.00002674,33.00000000,0
1531190458367,1531190458362,1349661,0.00002674,33.00000000,0
1531190458416,1531190458415,1349662,0.00002653,6.00000000,1
1531190458455,1531190458451,1349663,0.00002653,7.00000000,1
1531190458943,1531190458941,1349664,0.00002661,501.00000000,0
1531190459239,1531190459234,1349665,0.00002662,100.00000000,0
1531190459239,1531190459234,1349666,0.00002674,150.00000000,0
1531190459387,1531190459383,1349667,0.00002654,73.00000000,1
1531190459518,1531190459517,1349668,0.00002654,77.00000000,1
1531190459676,1531190459673,1349669,0.00002654,1.00000000,1
1531190459676,1531190459673,1349670,0.00002653,1170.00000000,1
1531190459763,1531190459760,1349671,0.00002653,590.00000000,1
1531190459763,1531190459760,1349672,0.00002652,1500.00000000,1
1531190459763,1531190459760,1349673,0.00002651,301.00000000,1
1531190459763,1531190459760,1349674,0.00002648,2344.00000000,1
1531190461763,1531190461759,1349675,0.00002651,73.00000000,0
1531190463595,1531190463591,1349676,0.00002643,249.00000000,1
1531190463595,1531190463591,1349677,0.00002642,551.00000000,1
1531190464969,1531190464965,1349678,0.00002648,249.00000000,0
1531190466640,1531190466637,1349679,0.00002648,21.00000000,0
1531190466743,1531190466742,1349680,0.00002648,23.00000000,0
1531190466796,1531190466796,1349681,0.00002648,25.00000000,0
1531190466825,1531190466821,1349682,0.00002648,23.00000000,0
1531190466856,1531190466853,1349683,0.00002648,21.00000000,0
1531190466976,1531190466972,1349684,0.00002643,2306.00000000,1
1531190466976,1531190466972,1349685,0.00002641,1120.00000000,1
1531190466976,1531190466972,1349686,0.00002638,30465.00000000,1
1531190467040,1531190467037,1349687,0.00002647,25.00000000,0
1531190467057,1531190467054,1349688,0.00002647,27.00000000,0
1531190467061,1531190467059,1349689,0.00002647,32.00000000,0
1531190467087,1531190467084,1349690,0.00002647,32.00000000,0
1531190467165,1531190467162,1349691,0.00002647,25.00000000,0
1531190467306,1531190467303,1349692,0.00002646,32.00000000,0
1531190467433,1531190467429,1349693,0.00002646,5.00000000,0
1531190467435,1531190467433,1349694,0.00002646,32.00000000,0
1531190467491,1531190467489,1349695,0.00002646,39.00000000,0
1531190468748,1531190468747,1349696,0.00002646,84.00000000,0
1531190468863,1531190468860,1349697,0.00002646,52.00000000,0
1531190471985,1531190471981,1349698,0.00002643,108.00000000,0
1531190471985,1531190471981,1349699,0.00002644,1312.00000000,0
1531190473350,1531190473347,1349700,0.00002644,21.00000000,0
1531190473381,1531190473379,1349701,0.00002644,18.00000000,0
1531190473421,1531190473418,1349702,0.00002644,25.00000000,0
1531190473453,1531190473450,1349703,0.00002644,33.00000000,0
1531190473527,1531190473524,1349704,0.00002644,25.00000000,0
1531190473590,1531190473586,1349705,0.00002644,25.00000000,0
1531190473641,1531190473636,1349706,0.00002644,25.00000000,0
1531190473666,1531190473663,1349707,0.00002644,25.00000000,0
1531190473845,1531190473843,1349708,0.00002644,25.00000000,0
1531190473877,1531190473874,1349709,0.00002644,25.00000000,0
1531190474167,1531190474164,1349710,0.00002644,25.00000000,0
1531190474770,1531190474769,1349711,0.00002647,176.00000000,0
1531190474770,1531190474769,1349712,0.00002648,328.00000000,0
1531190474770,1531190474769,1349713,0.00002649,301.00000000,0
1531190474770,1531190474769,1349714,0.00002650,213.00000000,0
1531190474770,1531190474769,1349715,0.00002652,73.00000000,0
1531190474770,1531190474769,1349716,0.00002657,288.00000000,0
1531190476101,1531190476097,1349717,0.00002642,147.00000000,1
1531190476215,1531190476213,1349718,0.00002657,55.00000000,0
1531190478256,1531190478252,1349719,0.00002646,903.00000000,0
1531190478367,1531190478363,1349720,0.00002652,28.00000000,0
1531190478398,1531190478398,1349721,0.00002642,7.00000000,1
1531190478525,1531190478522,1349722,0.00002642,6.00000000,1
1531190480176,1531190480172,1349723,0.00002644,106.00000000,1
1531190480528,1531190480524,1349724,0.00002644,460.00000000,1
1531190480930,1531190480926,1349725,0.00002649,344.00000000,1
1531190480933,1531190480931,1349726,0.00002649,179.00000000,1
1531190482006,1531190482002,1349727,0.00002646,98.00000000,0
1531190482040,1531190482037,1349728,0.00002646,42.00000000,0
1531190483331,1531190483327,1349729,0.00002645,1.00000000,1
1531190483614,1531190483613,1349730,0.00002646,57.00000000,0
1531190484028,1531190484027,1349731,0.00002651,160.00000000,0
1531190484783,1531190484781,1349732,0.00002646,184.00000000,1
1531190488883,1531190488879,1349733,0.00002648,358.00000000,1
1531190489272,1531190489268,1349734,0.00002649,366.00000000,1
1531190490028,1531190490025,1349735,0.00002656,300.00000000,0
1531190493548,1531190493544,1349736,0.00002650,272.00000000,1
1531190493548,1531190493544,1349737,0.00002649,87.00000000,1
1531190493781,1531190493777,1349738,0.00002655,100.00000000,0
1531190493781,1531190493777,1349739,0.00002656,246.00000000,0
1531190494128,1531190494124,1349740,0.00002649,358.00000000,1
1531190494854,1531190494851,1349741,0.00002650,366.00000000,1
1531190496039,1531190496037,1349742,0.00002656,50.00000000,0
1531190499923,1531190499919,1349743,0.00002650,65.00000000,1
1531190500116,1531190500112,1349744,0.00002656,3.00000000,0
1531190500506,1531190500502,1349745,0.00002651,39.00000000,1
1531190500743,1531190500739,1349746,0.00002651,39.00000000,1
1531190501212,1531190501210,1349747,0.00002651,39.00000000,1
1531190501257,1531190501255,1349748,0.00002651,39.00000000,1
1531190505895,1531190505893,1349749,0.00002656,57.00000000,0
1531190510251,1531190510247,1349750,0.00002652,56.00000000,1
1531190513690,1531190513687,1349751,0.00002656,274.00000000,0
1531190513690,1531190513687,1349752,0.00002657,33.00000000,0
1531190517073,1531190517071,1349753,0.00002662,228.00000000,0
1531190527153,1531190527152,1349754,0.00002660,1706.00000000,0
1531190527153,1531190527152,1349755,0.00002661,1879.00000000,0
1531190527924,1531190527922,1349756,0.00002661,20.00000000,1
1531190543098,1531190543094,1349757,0.00002661,5789.00000000,1
1531190552123,1531190552120,1349758,0.00002662,120.00000000,0
1531190558853,1531190558851,1349759,0.00002654,632.00000000,1
1531190558853,1531190558851,1349760,0.00002653,609.00000000,1
1531190571423,1531190571420,1349761,0.00002654,368.00000000,0
1531190576067,1531190576065,1349762,0.00002653,134.00000000,1
1531190580610,1531190580606,1349763,0.00002654,12.00000000,0
1531190580610,1531190580606,1349764,0.00002659,364.00000000,0
1531190581611,1531190581608,1349765,0.00002653,191.00000000,1
1531190600103,1531190600100,1349766,0.00002651,124.00000000,1
1531190605054,1531190605050,1349767,0.00002657,165.00000000,0
1531190620866,1531190620862,1349768,0.00002652,27.00000000,1
1531190626922,1531190626917,1349769,0.00002652,171.00000000,1
1531190628082,1531190628080,1349770,0.00002642,2601.00000000,1
1531190640116,1531190640113,1349771,0.00002654,1.00000000,0
1531190710969,1531190710966,1349772,0.00002641,728.00000000,1
1531190711017,1531190711013,1349773,0.00002640,728.00000000,1
1531190713572,1531190713570,1349774,0.00002647,179.00000000,0
1531190713590,1531190713586,1349775,0.00002647,286.00000000,0
1531190713596,1531190713592,1349776,0.00002647,1.00000000,0
1531190713662,1531190713659,1349777,0.00002650,47.00000000,0
1531190716182,1531190716179,1349778,0.00002647,974.00000000,1
1531190716182,1531190716179,1349779,0.00002641,150.00000000,1
1531190719185,1531190719184,1349780,0.00002649,932.00000000,0
1531190729323,1531190729319,1349781,0.00002649,37.00000000,0
1531190764098,1531190764097,1349782,0.00002641,39.00000000,1
1531190804879,1531190804875,1349783,0.00002643,82.00000000,0
1531190824898,1531190824894,1349784,0.00002643,70.00000000,0
1531190837861,1531190837859,1349785,0.00002643,450.00000000,0
1531190855301,1531190855297,1349786,0.00002643,1.00000000,0
1531190855301,1531190855297,1349787,0.00002647,39.00000000,0
1531190855301,1531190855297,1349788,0.00002648,338.00000000,0
1531190859163,1531190859160,1349789,0.00002648,794.00000000,0
1531190859163,1531190859160,1349790,0.00002649,150.00000000,0
1531190860562,1531190860548,1349791,0.00002649,41.00000000,0
1531190860963,1531190860959,1349792,0.00002641,632.00000000,1
1531190860963,1531190860959,1349793,0.00002640,368.00000000,1
1531190875164,1531190875160,1349794,0.00002647,82.00000000,0
1531190875164,1531190875160,1349795,0.00002648,8.00000000,0
1531190875205,1531190875202,1349796,0.00002648,575.00000000,0
1531190875205,1531190875202,1349797,0.00002649,177.00000000,0
1531190924334,1531190924331,1349798,0.00002643,1911.00000000,1
1531190930629,1531190930628,1349799,0.00002643,11.00000000,1
1531190943512,1531190943508,1349800,0.00002643,19.00000000,1
1531190945196,1531190945152,1349801,0.00002647,61.00000000,0
1531190945196,1531190945152,1349802,0.00002649,316.00000000,0
1531191000044,1531191000042,1349803,0.00002649,1.00000000,0
1531191062893,1531191062891,1349804,0.00002643,224.00000000,1
1531191087033,1531191087032,1349805,0.00002649,37.00000000,0
1531191088622,1531191088619,1349806,0.00002645,279.00000000,1
1531191098532,1531191098531,1349807,0.00002645,279.00000000,1
1531191122250,1531191122246,1349808,0.00002645,92.00000000,1
1531191132704,1531191132700,1349809,0.00002645,568.00000000,1
1531191132704,1531191132700,1349810,0.00002643,484.00000000,1
1531191132704,1531191132700,1349811,0.00002642,347.00000000,1
1531191132981,1531191132979,1349812,0.00002642,235.00000000,1
1531191132981,1531191132979,1349813,0.00002641,66.00000000,1
1531191132981,1531191132979,1349814,0.00002640,267.00000000,1
1531191133645,1531191133642,1349815,0.00002641,313.00000000,1
1531191133645,1531191133642,1349816,0.00002640,4505.00000000,1
1531191152568,1531191152564,1349817,0.00002645,108.00000000,0
1531191152818,1531191152815,1349818,0.00002645,2.00000000,0
1531191241541,1531191241540,1349819,0.00002641,160.00000000,0
1531191241569,1531191241565,1349820,0.00002641,965.00000000,0
1531191305167,1531191305163,1349821,0.00002645,122.00000000,0
1531191307693,1531191307689,1349822,0.00002645,646.00000000,0
1531191361264,1531191361261,1349823,0.00002638,17.00000000,1
1531191377099,1531191377098,1349824,0.00002645,83.00000000,0
1531191377099,1531191377098,1349825,0.00002646,30.00000000,0
1531191449577,1531191449574,1349826,0.00002646,93.00000000,0
1531191465252,1531191465250,1349827,0.00002639,349.00000000,1
1531191536912,1531191536909,1349828,0.00002645,37.00000000,0
1531191571187,1531191571183,1349829,0.00002645,156.00000000,0
1531191580689,1531191580684,1349830,0.00002639,7.00000000,1
1531191612644,1531191612643,1349831,0.00002639,14.00000000,1
1531191624206,1531191624201,1349832,0.00002643,612.00000000,0
1531191647225,1531191647223,1349833,0.00002642,166.00000000,0
1531191671227,1531191671224,1349834,0.00002642,46.00000000,0
1531191671227,1531191671224,1349835,0.00002643,1.00000000,0
1531191671227,1531191671224,1349836,0.00002645,150.00000000,0
1531191718684,1531191718680,1349837,0.00002639,315.00000000,1
1531191718684,1531191718680,1349838,0.00002638,697.00000000,1
1531191774245,1531191774242,1349839,0.00002638,701.00000000,1
1531191782955,1531191782954,1349840,0.00002638,185.00000000,1
1531191842488,1531191842486,1349841,0.00002646,258.00000000,0
1531191880446,1531191880442,1349842,0.00002639,64.00000000,1
1531191891694,1531191891689,1349843,0.00002642,123.00000000,0
1531191955603,1531191955602,1349844,0.00002642,3080.00000000,0
1531191957344,1531191957341,1349845,0.00002642,123.00000000,0
1531191997889,1531191997885,1349846,0.00002639,5.00000000,1
1531192025200,1531192025195,1349847,0.00002641,42.00000000,0
1531192025200,1531192025195,1349848,0.00002642,81.00000000,0
1531192040994,1531192040989,1349849,0.00002639,86.00000000,1
1531192060111,1531192060106,1349850,0.00002639,27.00000000,1
1531192063118,1531192063116,1349851,0.00002638,93.00000000,1
1531192069788,1531192069788,1349852,0.00002642,182.00000000,0
1531192069827,1531192069824,1349853,0.00002642,123.00000000,0
