event_time,trade_time,trade_id,price,quantity,maker
1531160279384,1531160279380,356552,0.00358100,0.28200000,0
1531160292686,1531160292682,356553,0.00358100,3.80200000,0
1531160298329,1531160298326,356554,0.00358100,0.48000000,0
1531160298747,1531160298744,356555,0.00358100,0.28200000,0
1531160298819,1531160298816,356556,0.00358100,0.28200000,0
1531160319112,1531160319109,356557,0.00358100,0.28200000,0
1531160328288,1531160328284,356558,0.00358100,11.79200000,0
1531160341914,1531160341910,356559,0.00358100,65.20000000,0
1531160345652,1531160345648,356560,0.00358100,0.10200000,0
1531160367750,1531160367747,356561,0.00358100,4.58800000,0
1531160368261,1531160368259,356562,0.00358100,0.90000000,0
1531160369915,1531160369912,356563,0.00358100,0.00100000,0
1531160371368,1531160371365,356564,0.00357800,0.55900000,1
1531160371562,1531160371558,356565,0.00358100,0.00200000,0
1531160373126,1531160373123,356566,0.00358100,0.00400000,0
1531160375175,1531160375173,356567,0.00358100,0.00400000,0
1531160375702,1531160375698,356568,0.00358100,4.47000000,0
1531160378246,1531160378242,356569,0.00358100,0.01500000,0
1531160381938,1531160381935,356570,0.00358100,0.02000000,0
1531160384379,1531160384375,356571,0.00358100,0.00400000,0
1531160386738,1531160386734,356572,0.00358100,0.00600000,0
1531160386930,1531160386926,356573,0.00358100,2.94200000,0
1531160388645,1531160388642,356574,0.00358100,0.00500000,0
1531160390419,1531160390416,356575,0.00358100,0.00300000,0
1531160391401,1531160391399,356576,0.00358100,0.00100000,0
1531160395953,1531160395950,356577,0.00358100,3.32400000,0
1531160425525,1531160425521,356578,0.00358100,7.70800000,0
1531160426675,1531160426672,356579,0.00357000,0.10000000,1
1531160429004,1531160429001,356580,0.00358100,458.00000000,0
1531160527299,1531160527296,356581,0.00357100,4.46500000,1
1531160562812,1531160562809,356582,0.00358100,0.28200000,0
1531160578058,1531160578055,356583,0.00357200,5.00000000,1
1531160587099,1531160587097,356584,0.00357200,93.64400000,1
1531160648645,1531160648642,356585,0.00358100,14.45000000,0
1531160667249,1531160667246,356586,0.00358100,2.45500000,0
1531160667455,1531160667452,356587,0.00358100,3.79400000,0
1531160668491,1531160668488,356588,0.00358100,0.81900000,0
1531160685468,1531160685464,356589,0.00358100,729.06500000,0
1531160704727,1531160704723,356590,0.00358200,0.28400000,0
1531160735913,1531160735909,356591,0.00358500,5.05100000,1
1531160737112,1531160737108,356592,0.00358500,12.00000000,1
1531160737934,1531160737933,356593,0.00358700,0.84000000,0
1531160741951,1531160741947,356594,0.00358500,1.33200000,1
1531160753938,1531160753933,356595,0.00358700,0.28200000,0
1531160765641,1531160765636,356596,0.00358500,4.19000000,1
1531160781975,1531160781971,356597,0.00358500,0.40200000,1
1531160781975,1531160781971,356598,0.00358500,0.52500000,1
1531160781975,1531160781971,356599,0.00357500,19.47500000,1
1531160781980,1531160781977,356600,0.00357500,20.00000000,1
1531160782012,1531160782007,356601,0.00357500,13.67500000,1
1531160782017,1531160782016,356602,0.00357500,20.26600000,1
1531160782023,1531160782020,356603,0.00357500,13.67500000,1
1531160782024,1531160782020,356604,0.00357500,13.67500000,1
1531160794401,1531160794398,356605,0.00358600,0.73900000,0
1531160837333,1531160837329,356606,0.00358600,1.50600000,0
1531160856969,1531160856966,356607,0.00358600,4.44600000,0
1531160857054,1531160857052,356608,0.00358600,2.81900000,1
1531160857626,1531160857623,356609,0.00358600,2.27000000,1
1531160869913,1531160869908,356610,0.00358600,0.57900000,0
1531160899663,1531160899659,356611,0.00358700,1.98700000,0
1531160899663,1531160899659,356612,0.00358800,1.40800000,0
1531160899663,1531160899659,356613,0.00358900,1.60500000,0
1531160919636,1531160919636,356614,0.00358800,2.78600000,0
1531160926734,1531160926731,356615,0.00358900,0.28200000,0
1531160927097,1531160927092,356616,0.00358800,1.40800000,0
1531160967274,1531160967269,356617,0.00358900,0.28200000,0
1531160967493,1531160967489,356618,0.00358900,5.88300000,0
1531160968703,1531160968699,356619,0.00358900,5.04500000,0
1531160969982,1531160969979,356620,0.00358900,12.51100000,0
1531160969982,1531160969979,356621,0.00359000,8.82000000,0
1531160969982,1531160969979,356622,0.00359000,0.76300000,0
1531160972501,1531160972497,356623,0.00358600,13.79300000,1
1531160972501,1531160972497,356624,0.00358000,1.95500000,1
1531160978213,1531160978208,356625,0.00359000,2.79300000,0
1531160978213,1531160978208,356626,0.00359100,6.27500000,0
1531160978213,1531160978208,356627,0.00359200,19.10800000,0
1531160978213,1531160978208,356628,0.00359300,0.85300000,0
1531160978213,1531160978208,356629,0.00359400,1.08700000,0
1531160978213,1531160978208,356630,0.00359500,0.56400000,0
1531160978213,1531160978208,356631,0.00359700,8.67400000,0
1531160978213,1531160978208,356632,0.00359800,1.70300000,0
1531160978213,1531160978208,356633,0.00359900,7.21300000,0
1531160978213,1531160978208,356634,0.00360000,18.55500000,0
1531160978213,1531160978208,356635,0.00360000,1.16000000,0
1531160981079,1531160981074,356636,0.00360000,140.42700000,0
1531160983076,1531160983070,356637,0.00360100,0.28300000,0
1531160983076,1531160983070,356638,0.00360200,50.00000000,0
1531160983076,1531160983070,356639,0.00360300,0.28100000,0
1531160983076,1531160983070,356640,0.00360700,1.28300000,0
1531160983076,1531160983070,356641,0.00360800,70.40400000,0
1531160983076,1531160983070,356642,0.00360900,0.28200000,0
1531160983076,1531160983070,356643,0.00361000,186.37900000,0
1531160987052,1531160987048,356644,0.00360000,7.01500000,1
1531160987204,1531160987201,356645,0.00360000,16.29200000,1
1531160987240,1531160987237,356646,0.00360000,25.91200000,1
1531160988214,1531160988211,356647,0.00360000,1.97300000,1
1531160988219,1531160988215,356648,0.00360000,16.29200000,1
1531160988238,1531160988235,356649,0.00360000,25.90400000,1
1531160989205,1531160989202,356650,0.00360100,16.40400000,1
1531160989235,1531160989232,356651,0.00360100,18.32700000,1
1531160989633,1531160989628,356652,0.00360000,66.82500000,1
1531160990891,1531160990888,356653,0.00360100,0.01800000,0
1531160990902,1531160990898,356654,0.00360800,8.13500000,1
1531160990915,1531160990912,356655,0.00360000,8.13500000,1
1531160991086,1531160991082,356656,0.00360000,2.84700000,1
1531160991320,1531160991317,356657,0.00360000,25.88800000,1
1531160992243,1531160992239,356658,0.00360000,25.88100000,1
1531160993257,1531160993254,356659,0.00360000,25.87400000,1
1531160994239,1531160994235,356660,0.00360000,17.09600000,1
1531160996355,1531160996350,356661,0.00360100,9.22200000,1
1531161006470,1531161006465,356662,0.00359300,2.12300000,1
1531161006939,1531161006935,356663,0.00361200,0.28000000,0
1531161007450,1531161007447,356664,0.00361200,0.28000000,0
1531161008189,1531161008187,356665,0.00361000,0.60400000,1
1531161010119,1531161010114,356666,0.00361000,4.68400000,1
1531161011131,1531161011126,356667,0.00361000,0.79700000,1
1531161011131,1531161011126,356668,0.00360300,1.38800000,1
1531161011131,1531161011126,356669,0.00359000,1.11400000,1
1531161011131,1531161011126,356670,0.00358800,2.38000000,1
1531161020106,1531161020101,356671,0.00360000,1.31300000,1
1531161026864,1531161026862,356672,0.00360900,0.28000000,0
1531161027607,1531161027606,356673,0.00360900,0.56000000,0
1531161027881,1531161027878,356674,0.00360900,0.28000000,0
1531161027925,1531161027922,356675,0.00360900,0.28000000,0
1531161028018,1531161028014,356676,0.00360900,0.28000000,0
1531161028037,1531161028031,356677,0.00360900,3.39600000,0
1531161028037,1531161028031,356678,0.00361000,38.16600000,0
1531161028066,1531161028063,356679,0.00361000,0.40500000,1
1531161028353,1531161028350,356680,0.00361000,0.28000000,1
1531161028602,1531161028598,356681,0.00361000,0.33600000,1
1531161029457,1531161029452,356682,0.00361000,0.28000000,1
1531161029829,1531161029825,356683,0.00361000,0.55800000,1
1531161031034,1531161031031,356684,0.00361000,0.28200000,1
1531161032802,1531161032797,356685,0.00361400,10.28100000,0
1531161032802,1531161032797,356686,0.00361500,1.39800000,0
1531161032802,1531161032797,356687,0.00361800,4.22800000,0
1531161032802,1531161032797,356688,0.00362000,2.86300000,0
1531161032802,1531161032797,356689,0.00362100,8.96100000,0
1531161034214,1531161034210,356690,0.00361400,3.91300000,1
1531161034214,1531161034211,356691,0.00360200,3.91900000,1
1531161034998,1531161034994,356692,0.00361100,2.02500000,0
1531161034998,1531161034994,356693,0.00362100,2.48900000,0
1531161034998,1531161034994,356694,0.00362200,4.64400000,0
1531161036895,1531161036893,356695,0.00362000,5.08800000,0
1531161038113,1531161038110,356696,0.00361500,0.64300000,1
1531161046477,1531161046474,356697,0.00361900,3.91900000,0
1531161046477,1531161046474,356698,0.00362000,0.32100000,0
1531161047400,1531161047397,356699,0.00362000,0.28000000,0
1531161047426,1531161047422,356700,0.00362000,1.40700000,0
1531161047907,1531161047901,356701,0.00360800,0.98300000,1
1531161053218,1531161053213,356702,0.00360900,5.60800000,1
1531161054396,1531161054392,356703,0.00360900,12.93700000,1
1531161057110,1531161057105,356704,0.00361900,0.83700000,0
1531161057301,1531161057296,356705,0.00360900,0.53300000,1
1531161057927,1531161057922,356706,0.00361900,0.14600000,0
1531161057927,1531161057922,356707,0.00362000,1.25000000,0
1531161058271,1531161058267,356708,0.00361900,0.41600000,1
1531161058289,1531161058285,356709,0.00360900,0.41700000,1
1531161060974,1531161060970,356710,0.00361500,0.26900000,0
1531161067313,1531161067309,356711,0.00361200,5.58700000,0
1531161071923,1531161071919,356712,0.00361100,2.38000000,0
1531161071923,1531161071919,356713,0.00361200,11.77800000,0
1531161089063,1531161089060,356714,0.00361200,3.57500000,0
1531161091742,1531161091737,356715,0.00361200,0.55000000,0
1531161098018,1531161098013,356716,0.00361200,2.22300000,0
1531161103020,1531161103015,356717,0.00360800,0.27800000,1
1531161103020,1531161103015,356718,0.00360700,0.55500000,1
1531161103020,1531161103015,356719,0.00360300,0.27800000,1
1531161103020,1531161103015,356720,0.00360100,3.97700000,1
1531161103379,1531161103375,356721,0.00360100,0.26900000,1
1531161118681,1531161118678,356722,0.00361200,10.22300000,0
1531161129061,1531161129055,356723,0.00361200,24.35900000,0
1531161132007,1531161132003,356724,0.00361200,7.94300000,0
1531161132007,1531161132003,356725,0.00361500,0.14700000,0
1531161132007,1531161132003,356726,0.00362000,0.02900000,0
1531161151297,1531161151295,356727,0.00362000,0.55500000,0
1531161151322,1531161151317,356728,0.00362000,0.90200000,1
1531161160903,1531161160899,356729,0.00362200,2.00500000,0
1531161176058,1531161176052,356730,0.00361000,1.84900000,1
1531161176058,1531161176052,356731,0.00360900,0.68900000,1
1531161176058,1531161176052,356732,0.00360400,17.08100000,1
1531161176058,1531161176052,356733,0.00360300,13.78000000,1
1531161176058,1531161176052,356734,0.00360200,7.23700000,1
1531161180538,1531161180534,356735,0.00362100,3.69500000,0
1531161190981,1531161190975,356736,0.00362100,16.14800000,0
1531161190981,1531161190975,356737,0.00362200,20.65500000,0
1531161191004,1531161190999,356738,0.00362200,6.00600000,1
1531161191016,1531161191011,356739,0.00362200,2.59400000,1
1531161191020,1531161191015,356740,0.00362200,2.35200000,1
1531161191193,1531161191189,356741,0.00362200,2.30000000,1
1531161191398,1531161191393,356742,0.00362200,2.59400000,1
1531161193939,1531161193936,356743,0.00362200,11.39500000,1
1531161194930,1531161194925,356744,0.00362300,0.28000000,0
1531161194930,1531161194925,356745,0.00362500,1.84200000,0
1531161196453,1531161196448,356746,0.00362200,2.33600000,1
1531161198712,1531161198708,356747,0.00362500,0.15300000,0
1531161198768,1531161198766,356748,0.00362200,2.77400000,1
1531161203442,1531161203439,356749,0.00362500,102.21700000,0
1531161206097,1531161206091,356750,0.00362500,9.65600000,0
1531161208690,1531161208688,356751,0.00362200,5.64200000,1
1531161212966,1531161212961,356752,0.00362500,0.27900000,0
1531161213354,1531161213351,356753,0.00362500,60.85300000,0
1531161224441,1531161224438,356754,0.00362600,0.59700000,0
1531161225051,1531161225047,356755,0.00362800,0.27900000,0
1531161225051,1531161225047,356756,0.00363000,0.50000000,0
1531161225051,1531161225047,356757,0.00363100,0.28000000,0
1531161225051,1531161225047,356758,0.00363200,0.64300000,0
1531161225051,1531161225047,356759,0.00363600,0.27900000,0
1531161225096,1531161225091,356760,0.00363600,18.31700000,1
1531161226082,1531161226078,356761,0.00363600,1.00000000,1
1531161226470,1531161226466,356762,0.00363600,0.68600000,1
1531161234587,1531161234583,356763,0.00363700,0.28000000,0
1531161234587,1531161234583,356764,0.00363800,0.56200000,0
1531161234587,1531161234583,356765,0.00363900,1.54200000,0
1531161235021,1531161235017,356766,0.00363900,4.32900000,1
1531161237723,1531161237718,356767,0.00364000,0.27800000,0
1531161237965,1531161237960,356768,0.00364000,0.22200000,0
1531161237965,1531161237960,356769,0.00364100,0.33300000,0
1531161237983,1531161237979,356770,0.00364100,0.27800000,0
1531161238014,1531161238008,356771,0.00364100,0.22300000,0
1531161240863,1531161240858,356772,0.00364200,9.18200000,0
1531161240863,1531161240858,356773,0.00364300,0.28100000,0
1531161240863,1531161240858,356774,0.00364400,1.12400000,0
1531161240863,1531161240858,356775,0.00364600,0.41900000,0
1531161241874,1531161241872,356776,0.00364100,0.54000000,1
1531161243269,1531161243265,356777,0.00364100,0.59700000,1
1531161244564,1531161244559,356778,0.00364600,2.74900000,0
1531161244946,1531161244942,356779,0.00364600,8.68500000,0
1531161245682,1531161245679,356780,0.00364600,7.01400000,0
1531161246102,1531161246097,356781,0.00364600,0.91100000,0
1531161247605,1531161247601,356782,0.00364600,64.35100000,0
1531161248248,1531161248244,356783,0.00364600,4.38700000,0
1531161249189,1531161249185,356784,0.00364600,42.59400000,0
1531161249189,1531161249185,356785,0.00364700,2.04500000,0
1531161250219,1531161250215,356786,0.00364700,14.87500000,0
1531161258376,1531161258372,356787,0.00364700,8.14400000,0
1531161258866,1531161258861,356788,0.00364100,3.32400000,1
1531161259175,1531161259172,356789,0.00364700,5.90000000,0
1531161259650,1531161259646,356790,0.00364100,0.57300000,1
1531161261124,1531161261121,356791,0.00364700,51.83400000,0
1531161261172,1531161261168,356792,0.00364700,0.27700000,0
1531161261952,1531161261949,356793,0.00364700,0.27700000,0
1531161262172,1531161262167,356794,0.00364700,0.97000000,0
1531161262285,1531161262281,356795,0.00364700,0.27700000,0
1531161262790,1531161262785,356796,0.00364700,0.27700000,0
1531161262931,1531161262925,356797,0.00364700,0.27700000,0
1531161267128,1531161267123,356798,0.00364700,4.96400000,0
1531161270468,1531161270464,356799,0.00364700,1.65500000,0
1531161280667,1531161280663,356800,0.00364700,47.76900000,0
1531161281769,1531161281765,356801,0.00364700,8.72600000,0
1531161283959,1531161283957,356802,0.00364600,0.27700000,0
1531161284525,1531161284520,356803,0.00364600,0.55400000,0
1531161285202,1531161285198,356804,0.00364600,16.82000000,0
1531161285291,1531161285288,356805,0.00364600,1.63700000,0
1531161285292,1531161285288,356806,0.00364400,9.52600000,1
1531161289029,1531161289027,356807,0.00364400,0.15300000,1
1531161295977,1531161295973,356808,0.00364500,3.91900000,0
1531161295984,1531161295980,356809,0.00364500,0.68400000,0
1531161296675,1531161296671,356810,0.00364500,2.50700000,0
1531161296830,1531161296826,356811,0.00364500,1.04300000,0
1531161300207,1531161300203,356812,0.00364600,0.97900000,0
1531161301978,1531161301974,356813,0.00364600,0.32600000,0
1531161305663,1531161305658,356814,0.00364600,16.70700000,0
1531161305663,1531161305658,356815,0.00364700,43.18000000,0
1531161312617,1531161312613,356816,0.00364700,1.81000000,0
1531161317355,1531161317350,356817,0.00364700,50.00000000,0
1531161328290,1531161328285,356818,0.00364700,3.73200000,0
1531161328935,1531161328931,356819,0.00364700,5.50000000,0
1531161333649,1531161333644,356820,0.00364700,3.83000000,0
1531161337768,1531161337764,356821,0.00364700,1.10800000,0
1531161338301,1531161338297,356822,0.00364700,26.08100000,0
1531161341045,1531161341040,356823,0.00364600,21.47900000,1
1531161341045,1531161341040,356824,0.00364500,7.39000000,1
1531161341667,1531161341663,356825,0.00364700,46.45800000,0
1531161348838,1531161348834,356826,0.00364500,0.89700000,1
1531161352310,1531161352306,356827,0.00364700,0.45900000,0
1531161356763,1531161356759,356828,0.00364700,27.04600000,0
1531161362706,1531161362701,356829,0.00364500,1.22900000,1
1531161363218,1531161363214,356830,0.00364700,1.88800000,0
1531161378509,1531161378505,356831,0.00364600,1.63600000,0
1531161390051,1531161390046,356832,0.00364600,0.00100000,0
1531161390051,1531161390046,356833,0.00364700,0.26300000,0
1531161390739,1531161390735,356834,0.00364700,11.52000000,0
1531161398198,1531161398195,356835,0.00364500,4.38300000,1
1531161402468,1531161402465,356836,0.00364500,0.05000000,1
1531161412196,1531161412191,356837,0.00364700,11.32800000,0
1531161417637,1531161417634,356838,0.00364700,4.08800000,0
1531161418586,1531161418582,356839,0.00364700,9.44300000,0
1531161419775,1531161419771,356840,0.00364700,0.52800000,0
1531161424168,1531161424165,356841,0.00364700,11.80300000,0
1531161440008,1531161440003,356842,0.00364700,0.27700000,0
1531161448474,1531161448471,356843,0.00364600,0.00100000,0
1531161448814,1531161448809,356844,0.00364600,0.00100000,0
1531161448924,1531161448920,356845,0.00364600,0.00100000,0
1531161449100,1531161449096,356846,0.00364600,0.00100000,0
1531161449338,1531161449335,356847,0.00364600,0.00100000,0
1531161449563,1531161449559,356848,0.00364600,0.00100000,0
1531161449753,1531161449748,356849,0.00364600,0.00100000,0
1531161450190,1531161450186,356850,0.00364600,0.00100000,0
1531161450323,1531161450319,356851,0.00364600,0.00100000,0
1531161450791,1531161450786,356852,0.00364600,0.00100000,0
1531161450934,1531161450930,356853,0.00364600,0.00100000,0
1531161451126,1531161451123,356854,0.00364600,0.00200000,0
1531161451239,1531161451237,356855,0.00364600,0.00100000,0
1531161451445,1531161451441,356856,0.00364600,0.00100000,0
1531161451572,1531161451570,356857,0.00364600,0.00100000,0
1531161451768,1531161451764,356858,0.00364600,0.00100000,0
1531161451909,1531161451905,356859,0.00364600,0.00100000,0
1531161452080,1531161452076,356860,0.00364600,0.00100000,0
1531161452289,1531161452286,356861,0.00364600,0.00100000,0
1531161452419,1531161452415,356862,0.00364600,0.00100000,0
1531161452556,1531161452553,356863,0.00364600,0.00100000,0
1531161452760,1531161452756,356864,0.00364600,0.00100000,0
1531161452905,1531161452903,356865,0.00364600,0.00100000,0
1531161453106,1531161453101,356866,0.00364600,0.00100000,0
1531161453293,1531161453288,356867,0.00364600,0.00100000,0
1531161453312,1531161453311,356868,0.00364600,23.82400000,0
1531161453323,1531161453320,356869,0.00364600,9.44400000,0
1531161453423,1531161453419,356870,0.00364600,0.00100000,0
1531161453556,1531161453552,356871,0.00364600,0.00100000,0
1531161453726,1531161453722,356872,0.00364600,0.00100000,0
1531161453895,1531161453891,356873,0.00364600,0.00100000,0
1531161454061,1531161454057,356874,0.00364600,0.00100000,0
1531161454395,1531161454390,356875,0.00364600,0.00100000,0
1531161454592,1531161454589,356876,0.00364600,0.00100000,0
1531161454818,1531161454814,356877,0.00364600,0.00100000,0
1531161454976,1531161454971,356878,0.00364600,0.00100000,0
1531161455273,1531161455268,356879,0.00364600,0.00100000,0
1531161455323,1531161455318,356880,0.00364600,0.00100000,0
1531161455489,1531161455484,356881,0.00364600,0.00100000,0
1531161455640,1531161455636,356882,0.00364600,0.00100000,0
1531161455962,1531161455961,356883,0.00364600,0.00100000,0
1531161456110,1531161456105,356884,0.00364600,0.00100000,0
1531161456198,1531161456192,356885,0.00364600,36.30300000,0
1531161456450,1531161456446,356886,0.00364500,9.44400000,1
1531161456458,1531161456456,356887,0.00364600,0.00100000,0
1531161456655,1531161456650,356888,0.00364600,0.00100000,0
1531161456814,1531161456810,356889,0.00364600,0.00100000,0
1531161456970,1531161456966,356890,0.00364600,0.00100000,0
1531161457276,1531161457271,356891,0.00364600,0.00100000,0
1531161457292,1531161457288,356892,0.00364600,0.00100000,0
1531161457455,1531161457452,356893,0.00364600,0.00200000,0
1531161457624,1531161457619,356894,0.00364600,0.00100000,0
1531161458048,1531161458043,356895,0.00364600,8.77300000,0
1531161458181,1531161458176,356896,0.00364600,8.07300000,0
1531161458224,1531161458219,356897,0.00364500,5.49400000,1
1531161458544,1531161458540,356898,0.00364600,22.79600000,0
1531161458544,1531161458540,356899,0.00364700,23.48200000,0
1531161459221,1531161459217,356900,0.00364700,3.29100000,0
1531161462675,1531161462671,356901,0.00364700,5.48200000,0
1531161463116,1531161463114,356902,0.00364700,46.00000000,0
1531161466120,1531161466116,356903,0.00364700,3.21200000,0
1531161466883,1531161466881,356904,0.00364700,10.97000000,0
1531161468036,1531161468031,356905,0.00364700,521.69400000,0
1531161470998,1531161470994,356906,0.00364700,10.76400000,0
1531161473970,1531161473965,356907,0.00364700,2.25000000,0
1531161479092,1531161479089,356908,0.00364600,1.09700000,1
1531161490873,1531161490869,356909,0.00364600,8.16300000,0
1531161494035,1531161494029,356910,0.00364500,13.43900000,1
1531161494035,1531161494029,356911,0.00364300,12.63100000,1
1531161494035,1531161494029,356912,0.00364100,16.11800000,1
1531161494035,1531161494029,356913,0.00363600,1.92700000,1
1531161494035,1531161494029,356914,0.00363400,1.37600000,1
1531161494035,1531161494029,356915,0.00363300,4.22000000,1
1531161494035,1531161494029,356916,0.00363100,0.28900000,1
1531161494035,1531161494029,356917,0.00363100,1.08900000,1
1531161494058,1531161494055,356918,0.00363000,1.92300000,0
1531161494063,1531161494059,356919,0.00363000,0.98800000,0
1531161497366,1531161497363,356920,0.00362900,0.27700000,1
1531161504955,1531161504950,356921,0.00363900,0.68400000,0
1531161504955,1531161504950,356922,0.00364000,0.41300000,0
1531161520260,1531161520257,356923,0.00364000,0.27800000,0
1531161520455,1531161520449,356924,0.00364000,0.81400000,0
1531161531454,1531161531449,356925,0.00364300,1.60700000,0
1531161533175,1531161533171,356926,0.00364300,0.04300000,0
1531161538826,1531161538820,356927,0.00364400,1.57900000,1
1531161538826,1531161538820,356928,0.00364000,2.11200000,1
1531161541409,1531161541406,356929,0.00364600,19.52400000,0
1531161548116,1531161548114,356930,0.00364300,0.41600000,1
1531161549126,1531161549122,356931,0.00364600,1.50000000,0
1531161549338,1531161549335,356932,0.00364600,17.11500000,0
1531161558154,1531161558150,356933,0.00364600,1.09700000,0
1531161560709,1531161560704,356934,0.00364600,0.27700000,0
1531161572491,1531161572485,356935,0.00364600,11.14600000,0
1531161574001,1531161573998,356936,0.00364600,1.09700000,0
1531161582681,1531161582676,356937,0.00364600,0.27700000,0
1531161589407,1531161589406,356938,0.00364600,1.09700000,0
1531161591485,1531161591480,356939,0.00364600,42.21400000,0
1531161597808,1531161597804,356940,0.00364600,6.00000000,0
1531161601750,1531161601746,356941,0.00364600,0.27700000,0
1531161604909,1531161604905,356942,0.00364600,1.09700000,0
1531161604997,1531161604995,356943,0.00364300,0.68100000,1
1531161604997,1531161604995,356944,0.00364000,5.47400000,1
1531161616822,1531161616818,356945,0.00364400,10.00000000,0
1531161616822,1531161616818,356946,0.00364600,3.71900000,0
1531161620417,1531161620412,356947,0.00364600,1.09700000,0
1531161639002,1531161638998,356948,0.00364500,0.27800000,1
1531161642105,1531161642099,356949,0.00364500,0.27700000,0
1531161646401,1531161646398,356950,0.00364400,1.09700000,1
1531161646401,1531161646398,356951,0.00363900,1.00000000,1
1531161646401,1531161646398,356952,0.00363500,1.37600000,1
1531161646401,1531161646398,356953,0.00363300,0.10200000,1
1531161651438,1531161651434,356954,0.00364500,4.55200000,0
1531161651801,1531161651796,356955,0.00364500,0.13700000,0
1531161651801,1531161651796,356956,0.00364600,0.96000000,0
1531161663262,1531161663257,356957,0.00363500,9.68300000,1
1531161663262,1531161663257,356958,0.00363300,1.27500000,1
1531161663262,1531161663257,356959,0.00363100,176.33700000,1
1531161667318,1531161667314,356960,0.00364200,1.09700000,0
1531161668610,1531161668606,356961,0.00364200,0.50000000,0
1531161676933,1531161676930,356962,0.00363300,9.68300000,1
1531161676949,1531161676948,356963,0.00363300,29.61800000,0
1531161682711,1531161682705,356964,0.00364200,1.09800000,0
1531161685706,1531161685701,356965,0.00364200,36.22100000,0
1531161697976,1531161697975,356966,0.00364200,1.09800000,0
1531161698424,1531161698419,356967,0.00363800,1.65200000,1
1531161698424,1531161698419,356968,0.00363100,0.85300000,1
1531161713243,1531161713238,356969,0.00364200,0.55300000,0
1531161720590,1531161720586,356970,0.00363300,9.68300000,1
1531161720605,1531161720601,356971,0.00363300,9.82100000,0
1531161729563,1531161729558,356972,0.00364400,0.84800000,0
1531161730313,1531161730310,356973,0.00364400,50.72500000,0
1531161737256,1531161737252,356974,0.00363500,1.81000000,1
1531161739264,1531161739258,356975,0.00364000,1.00000000,0
1531161742857,1531161742854,356976,0.00363500,0.00100000,1
1531161743692,1531161743689,356977,0.00364000,0.27800000,0
1531161748165,1531161748160,356978,0.00364000,0.94300000,0
1531161748165,1531161748160,356979,0.00364400,13.40400000,0
1531161749489,1531161749482,356980,0.00364500,1.65300000,0
1531161749489,1531161749482,356981,0.00364600,6.05400000,0
1531161749489,1531161749482,356982,0.00364700,3646.19200000,0
1531161749489,1531161749482,356983,0.00364800,0.55000000,0
1531161749489,1531161749482,356984,0.00364900,1.14000000,0
1531161749489,1531161749482,356985,0.00365000,13.47200000,0
1531161749714,1531161749711,356986,0.00365000,1.92300000,1
1531161755019,1531161755015,356987,0.00365000,7.00200000,1
1531161757233,1531161757228,356988,0.00365300,0.53700000,0
1531161757564,1531161757559,356989,0.00365300,1.11500000,0
1531161757603,1531161757597,356990,0.00365300,3.99100000,1
1531161758059,1531161758055,356991,0.00365400,1.38800000,0
1531161758059,1531161758055,356992,0.00365600,0.83700000,0
1531161758083,1531161758079,356993,0.00365600,1.47100000,1
1531161758273,1531161758271,356994,0.00365600,6.21700000,1
1531161758398,1531161758394,356995,0.00365600,1.47200000,1
1531161759296,1531161759290,356996,0.00365800,0.55500000,0
1531161759296,1531161759290,356997,0.00365900,0.27700000,0
1531161759296,1531161759290,356998,0.00366000,0.95000000,0
1531161759296,1531161759290,356999,0.00366200,0.27800000,0
1531161759296,1531161759290,357000,0.00366300,11.36900000,0
1531161759296,1531161759290,357001,0.00366400,1.52200000,0
1531161759296,1531161759290,357002,0.00366500,1.37500000,0
1531161759296,1531161759290,357003,0.00366900,0.27700000,0
1531161759296,1531161759290,357004,0.00367000,49.20700000,0
1531161759311,1531161759309,357005,0.00367000,44.35000000,1
1531161759368,1531161759362,357006,0.00367000,0.48500000,1
1531161759412,1531161759409,357007,0.00367000,0.58800000,1
1531161759792,1531161759787,357008,0.00367000,6.08700000,1
1531161762799,1531161762794,357009,0.00367000,2.42900000,1
1531161763067,1531161763063,357010,0.00367000,1.64900000,1
1531161763078,1531161763073,357011,0.00367000,1.64900000,1
1531161763220,1531161763218,357012,0.00367000,12.00000000,1
1531161763594,1531161763589,357013,0.00367200,0.46600000,0
1531161763594,1531161763589,357014,0.00367400,0.27500000,0
1531161763594,1531161763589,357015,0.00367700,1.89800000,0
1531161763594,1531161763589,357016,0.00367900,0.55400000,0
1531161763594,1531161763589,357017,0.00368000,0.60000000,0
1531161766448,1531161766439,357018,0.00368400,0.82700000,0
1531161766448,1531161766439,357019,0.00368500,5.15000000,0
1531161766448,1531161766439,357020,0.00368600,0.33600000,0
1531161766448,1531161766439,357021,0.00368900,0.35000000,0
1531161766448,1531161766439,357022,0.00369000,101.63700000,0
1531161766448,1531161766439,357023,0.00369500,1.87000000,0
1531161766448,1531161766439,357024,0.00369600,0.55400000,0
1531161766448,1531161766439,357025,0.00369800,37.00000000,0
1531161766448,1531161766439,357026,0.00369900,2.00000000,0
1531161766448,1531161766439,357027,0.00370000,148.77500000,0
1531161766448,1531161766439,357028,0.00370000,0.28500000,1
1531161766473,1531161766468,357029,0.00370000,3.50800000,1
1531161766496,1531161766490,357030,0.00368000,0.28500000,1
1531161766719,1531161766715,357031,0.00368700,1.39700000,1
1531161767810,1531161767806,357032,0.00368400,2.69300000,1
1531161768303,1531161768298,357033,0.00369000,20.40700000,1
1531161768328,1531161768324,357034,0.00369000,0.39000000,1
1531161768631,1531161768628,357035,0.00369000,6.08700000,1
1531161768734,1531161768730,357036,0.00370400,4.05300000,0
1531161768734,1531161768730,357037,0.00370500,1.34700000,0
1531161768887,1531161768883,357038,0.00369000,0.17100000,1
1531161768887,1531161768883,357039,0.00368300,14.17600000,1
1531161769618,1531161769613,357040,0.00370500,1.59300000,0
1531161769813,1531161769809,357041,0.00370000,10.86600000,1
1531161770483,1531161770482,357042,0.00370000,3.11800000,1
1531161770927,1531161770923,357043,0.00370000,6.09000000,1
1531161772202,1531161772197,357044,0.00370600,1.10800000,0
1531161772202,1531161772197,357045,0.00370700,0.40500000,0
1531161772202,1531161772197,357046,0.00371100,0.81700000,0
1531161772202,1531161772197,357047,0.00371300,2.16600000,0
1531161772202,1531161772197,357048,0.00371500,19.34800000,0
1531161773667,1531161773661,357049,0.00370500,2.48700000,1
1531161773667,1531161773661,357050,0.00370000,2.98900000,1
1531161773917,1531161773912,357051,0.00370000,6.07500000,1
1531161775561,1531161775557,357052,0.00371500,6.90200000,0
1531161776405,1531161776400,357053,0.00370000,300.00000000,1
1531161777048,1531161777043,357054,0.00371500,20.02800000,0
1531161777048,1531161777043,357055,0.00371700,36.57100000,0
1531161777048,1531161777043,357056,0.00371800,41.14500000,0
1531161777048,1531161777043,357057,0.00371900,1.84200000,0
1531161777048,1531161777043,357058,0.00372000,47.56200000,0
1531161777048,1531161777043,357059,0.00372100,34.91400000,0
1531161777098,1531161777094,357060,0.00370000,4.76000000,1
1531161777484,1531161777480,357061,0.00372100,1.55800000,0
1531161778922,1531161778917,357062,0.00370300,1.86700000,1
1531161778922,1531161778917,357063,0.00370200,16.43600000,1
1531161778922,1531161778917,357064,0.00370100,38.57900000,1
1531161778922,1531161778917,357065,0.00370000,143.11800000,1
1531161778989,1531161778984,357066,0.00372000,5.03100000,0
1531161779309,1531161779305,357067,0.00372000,31.27200000,0
1531161779309,1531161779305,357068,0.00372100,28.16400000,0
1531161780248,1531161780243,357069,0.00372000,5.12700000,0
1531161780886,1531161780883,357070,0.00371600,1.25900000,0
1531161781210,1531161781206,357071,0.00371500,0.00800000,0
1531161782476,1531161782472,357072,0.00371400,1.86700000,0
1531161782476,1531161782472,357073,0.00371500,16.70500000,0
1531161782476,1531161782472,357074,0.00371600,14.96700000,0
1531161782504,1531161782500,357075,0.00370800,0.30300000,1
1531161782504,1531161782500,357076,0.00370100,128.95400000,1
1531161782504,1531161782500,357077,0.00370000,70.74300000,1
1531161782545,1531161782543,357078,0.00371600,0.95000000,0
1531161782673,1531161782669,357079,0.00371600,1.28500000,0
1531161783227,1531161783222,357080,0.00370000,0.00100000,1
1531161783526,1531161783522,357081,0.00371500,0.27200000,0
1531161783534,1531161783528,357082,0.00371500,0.27200000,0
1531161783655,1531161783651,357083,0.00371500,0.31700000,0
1531161783678,1531161783672,357084,0.00371500,0.27200000,0
1531161783815,1531161783811,357085,0.00371500,0.00500000,0
1531161783881,1531161783880,357086,0.00371500,0.27200000,0
1531161783881,1531161783880,357087,0.00371500,0.27200000,0
1531161783910,1531161783906,357088,0.00371500,0.54300000,0
1531161783997,1531161783996,357089,0.00371500,0.27200000,0
1531161784074,1531161784071,357090,0.00371500,0.54300000,0
1531161784105,1531161784099,357091,0.00371500,1.35700000,0
1531161784221,1531161784216,357092,0.00371500,1.08600000,0
1531161784514,1531161784509,357093,0.00370000,0.36300000,1
1531161784561,1531161784557,357094,0.00371400,14.30500000,0
1531161784561,1531161784557,357095,0.00371500,13.80600000,0
1531161785099,1531161785094,357096,0.00371600,0.27200000,0
1531161785936,1531161785935,357097,0.00371600,8.32200000,0
1531161785936,1531161785935,357098,0.00372100,19.59700000,0
1531161786310,1531161786305,357099,0.00372100,0.42700000,0
1531161787029,1531161787025,357100,0.00372100,0.10500000,0
1531161787491,1531161787486,357101,0.00372100,97.38300000,0
1531161787491,1531161787486,357102,0.00372200,38.76900000,0
1531161787912,1531161787909,357103,0.00372200,28.72300000,1
1531161788580,1531161788576,357104,0.00372000,48.00000000,0
1531161788672,1531161788668,357105,0.00372000,16.33900000,0
1531161789231,1531161789227,357106,0.00372000,21.53000000,0
1531161789623,1531161789619,357107,0.00372000,0.28200000,0
1531161789986,1531161789982,357108,0.00372000,11.83000000,0
1531161790002,1531161789998,357109,0.00372000,14.00000000,0
1531161790735,1531161790731,357110,0.00372000,2.17100000,0
1531161791883,1531161791879,357111,0.00372000,57.12500000,0
1531161792653,1531161792649,357112,0.00372400,2.00000000,0
1531161792733,1531161792728,357113,0.00372200,12.00000000,1
1531161792975,1531161792969,357114,0.00372200,1.39700000,1
1531161794197,1531161794193,357115,0.00372300,1.61400000,1
1531161797123,1531161797119,357116,0.00372300,2.98800000,1
1531161797123,1531161797119,357117,0.00372200,1.63000000,1
1531161797367,1531161797363,357118,0.00372000,9.09300000,0
1531161797817,1531161797812,357119,0.00372000,3.00000000,0
1531161798604,1531161798599,357120,0.00372000,43.66300000,0
1531161799105,1531161799100,357121,0.00372000,11.50700000,0
1531161799849,1531161799845,357122,0.00372000,0.57200000,0
1531161800203,1531161800200,357123,0.00371500,2.48700000,0
1531161800204,1531161800200,357124,0.00372000,0.52500000,0
1531161802128,1531161802124,357125,0.00370900,0.34000000,1
1531161802128,1531161802124,357126,0.00370600,0.20800000,1
1531161803085,1531161803082,357127,0.00372000,0.54300000,0
1531161803270,1531161803266,357128,0.00372000,40.67200000,0
1531161803501,1531161803500,357129,0.00372000,0.27200000,0
1531161803520,1531161803516,357130,0.00372000,0.32600000,0
1531161804540,1531161804536,357131,0.00372000,0.27200000,0
1531161804945,1531161804941,357132,0.00372000,4.98300000,0
1531161817173,1531161817168,357133,0.00371400,14.17600000,0
1531161817173,1531161817168,357134,0.00372000,69.79100000,0
1531161818513,1531161818510,357135,0.00372000,10.16300000,0
1531161819975,1531161819971,357136,0.00372100,3.55400000,1
1531161819975,1531161819971,357137,0.00372000,0.32500000,1
1531161819975,1531161819971,357138,0.00371000,1.51600000,1
1531161822316,1531161822312,357139,0.00372000,1.28000000,0
1531161823996,1531161823992,357140,0.00372000,0.27200000,0
1531161824228,1531161824226,357141,0.00372000,0.27200000,0
1531161824464,1531161824459,357142,0.00372000,198.17600000,0
1531161824464,1531161824459,357143,0.00372400,152.45800000,0
1531161824732,1531161824729,357144,0.00372500,5.10600000,1
1531161828056,1531161828055,357145,0.00372500,225.63400000,1
1531161828056,1531161828055,357146,0.00371100,6.73900000,1
1531161828056,1531161828055,357147,0.00371000,67.62700000,1
1531161837312,1531161837308,357148,0.00372000,182.82600000,0
1531161838029,1531161838027,357149,0.00372000,5.02400000,0
1531161838372,1531161838368,357150,0.00372000,1.96300000,0
1531161838373,1531161838372,357151,0.00372000,2.46300000,0
1531161838391,1531161838386,357152,0.00372000,2.46300000,0
1531161843679,1531161843675,357153,0.00372000,200.00000000,0
1531161844081,1531161844076,357154,0.00372000,0.27200000,0
1531161847791,1531161847786,357155,0.00372000,0.01900000,0
1531161849125,1531161849121,357156,0.00372000,2.78600000,0
1531161849594,1531161849590,357157,0.00372000,3.80500000,0
1531161851430,1531161851426,357158,0.00372000,7.58700000,0
1531161858200,1531161858196,357159,0.00372000,0.01000000,0
1531161864252,1531161864248,357160,0.00372000,5.42900000,0
1531161870799,1531161870795,357161,0.00371200,28.08200000,1
1531161874502,1531161874499,357162,0.00371200,5.42800000,1
1531161876530,1531161876526,357163,0.00371200,5.00000000,1
1531161880306,1531161880301,357164,0.00372000,41.00000000,0
1531161885194,1531161885189,357165,0.00372000,0.53700000,0
1531161887660,1531161887657,357166,0.00372000,1.34400000,0
1531161887784,1531161887781,357167,0.00372000,0.53700000,0
1531161899187,1531161899183,357168,0.00371300,1.94900000,1
1531161899187,1531161899183,357169,0.00371200,3.10200000,1
1531161916378,1531161916375,357170,0.00371300,4.97700000,1
1531161916378,1531161916375,357171,0.00371200,52.94900000,1
1531161916378,1531161916375,357172,0.00371100,11.01900000,1
1531161916378,1531161916375,357173,0.00371000,0.90600000,1
1531161916400,1531161916397,357174,0.00371000,6.38000000,0
1531161916407,1531161916403,357175,0.00371000,6.38300000,0
1531161916438,1531161916434,357176,0.00371000,0.76400000,0
1531161919508,1531161919505,357177,0.00370700,1.34900000,1
1531161919657,1531161919653,357178,0.00370600,0.00100000,1
1531161920404,1531161920402,357179,0.00370600,1.07400000,1
1531161921314,1531161921311,357180,0.00371000,64.28400000,0
1531161922121,1531161922117,357181,0.00370600,0.60700000,1
1531161922121,1531161922117,357182,0.00370400,1.35000000,1
1531161922121,1531161922117,357183,0.00370000,1.33000000,1
1531161922121,1531161922117,357184,0.00370000,8.67000000,1
1531161922145,1531161922141,357185,0.00370000,6.05100000,0
1531161922198,1531161922196,357186,0.00370000,10.70900000,0
1531161922209,1531161922207,357187,0.00370000,6.10000000,0
1531161923159,1531161923129,357188,0.00369600,0.27100000,1
1531161924835,1531161924830,357189,0.00369400,0.27100000,1
1531161924835,1531161924830,357190,0.00369300,2.24900000,1
1531161924877,1531161924873,357191,0.00369300,2.35200000,0
1531161926687,1531161926681,357192,0.00369300,0.55600000,0
1531161926687,1531161926681,357193,0.00369600,1.37400000,0
1531161926706,1531161926702,357194,0.00369600,1.92800000,0
1531161926746,1531161926742,357195,0.00369200,1.45000000,1
1531161930003,1531161929995,357196,0.00369000,2.57600000,1
1531161930003,1531161929995,357197,0.00368800,2.49800000,1
1531161930003,1531161929995,357198,0.00368700,1.35500000,1
1531161930003,1531161929995,357199,0.00368400,6.76200000,1
1531161930003,1531161929995,357200,0.00368300,5.19800000,1
1531161930003,1531161929995,357201,0.00368200,0.27200000,1
1531161930003,1531161929995,357202,0.00368100,0.34900000,1
1531161930003,1531161929995,357203,0.00368000,16.82500000,1
1531161930003,1531161929995,357204,0.00367900,1.01700000,1
1531161930722,1531161930718,357205,0.00367900,1.42800000,1
1531161930722,1531161930718,357206,0.00367800,1.39200000,1
1531161931291,1531161931287,357207,0.00367900,2.80500000,1
1531161931435,1531161931430,357208,0.00367900,2.86000000,1
1531161931695,1531161931691,357209,0.00367900,2.79100000,1
1531161931867,1531161931863,357210,0.00367900,0.34000000,1
1531161932436,1531161932433,357211,0.00367800,2.14100000,1
1531161932436,1531161932433,357212,0.00367700,0.72000000,1
1531161932885,1531161932882,357213,0.00367700,2.83200000,1
1531161934582,1531161934576,357214,0.00368700,8.40500000,0
1531161934582,1531161934576,357215,0.00368800,27.91900000,0
1531161934582,1531161934576,357216,0.00369500,3.55200000,0
1531161934582,1531161934576,357217,0.00369600,1.61200000,0
1531161935387,1531161935382,357218,0.00369600,5.47200000,1
1531161935387,1531161935382,357219,0.00367400,18.45900000,1
1531161935387,1531161935382,357220,0.00367300,2.30100000,1
1531161935387,1531161935382,357221,0.00367200,1.62200000,1
1531161935387,1531161935382,357222,0.00367000,6.91200000,1
1531161938926,1531161938922,357223,0.00367900,3.00000000,0
1531161939876,1531161939874,357224,0.00367100,2.81300000,1
1531161939989,1531161939985,357225,0.00367700,2.92700000,0
1531161940177,1531161940172,357226,0.00367100,2.82800000,1
1531161940321,1531161940317,357227,0.00367100,2.82900000,1
1531161940398,1531161940393,357228,0.00367100,1.84200000,1
1531161940398,1531161940393,357229,0.00367000,1.00800000,1
1531161940590,1531161940585,357230,0.00367000,2.81900000,1
1531161940635,1531161940631,357231,0.00367700,1.76200000,0
1531161940635,1531161940631,357232,0.00367900,4.93400000,0
1531161940635,1531161940631,357233,0.00369400,17.26100000,0
1531161940987,1531161940982,357234,0.00367000,28.82200000,1
1531161941095,1531161941091,357235,0.00367000,2.82400000,1
1531161941647,1531161941644,357236,0.00367100,1.90600000,1
1531161941647,1531161941644,357237,0.00367000,0.92800000,1
1531161941685,1531161941681,357238,0.00367000,0.30300000,1
1531161942347,1531161942345,357239,0.00367000,2.82500000,1
1531161942759,1531161942754,357240,0.00367500,0.27400000,0
1531161943056,1531161943051,357241,0.00367000,2.78600000,1
1531161944810,1531161944806,357242,0.00367000,12.10500000,1
1531161946279,1531161946277,357243,0.00367000,1.99800000,1
1531161947412,1531161947410,357244,0.00367000,5.84800000,1
1531161952552,1531161952548,357245,0.00367000,1.90600000,1
1531161952574,1531161952567,357246,0.00367000,11.47000000,1
1531161952574,1531161952567,357247,0.00366800,0.54600000,1
1531161952574,1531161952567,357248,0.00366700,1.21400000,1
1531161952574,1531161952567,357249,0.00366500,0.30100000,1
1531161952574,1531161952567,357250,0.00366400,1.14400000,1
1531161952574,1531161952567,357251,0.00366300,0.83600000,1
1531161952574,1531161952567,357252,0.00366100,0.27400000,1
1531161952574,1531161952567,357253,0.00366000,23.56300000,1
1531161952574,1531161952567,357254,0.00365600,7.67700000,1
1531161952574,1531161952567,357255,0.00365500,1.62900000,1
1531161952574,1531161952567,357256,0.00365400,29.00200000,1
1531161952588,1531161952584,357257,0.00365400,6.33300000,0
1531161952588,1531161952584,357258,0.00365400,0.34200000,0
1531161952621,1531161952617,357259,0.00365400,0.30000000,0
1531161952629,1531161952622,357260,0.00365400,1.97600000,0
1531161954832,1531161954828,357261,0.00366900,1.26100000,0
1531161954832,1531161954828,357262,0.00367000,15.35200000,0
1531161958695,1531161958691,357263,0.00366300,6.54500000,1
1531161958695,1531161958691,357264,0.00366200,0.46300000,1
1531161959253,1531161959248,357265,0.00366200,9.31500000,0
1531161959875,1531161959869,357266,0.00367800,1.03000000,0
1531161962092,1531161962087,357267,0.00367200,1.40400000,1
1531161962388,1531161962383,357268,0.00367600,0.33700000,0
1531161963136,1531161963130,357269,0.00367100,14.24500000,1
1531161963744,1531161963740,357270,0.00367100,0.43100000,1
1531161967222,1531161967217,357271,0.00367400,0.30700000,1
1531161968277,1531161968273,357272,0.00367400,0.05300000,0
1531161968277,1531161968273,357273,0.00367500,13.80500000,0
1531161974046,1531161974042,357274,0.00367600,1.66400000,1
1531161977223,1531161977218,357275,0.00367600,1.86300000,1
1531161978835,1531161978831,357276,0.00367500,12.90600000,0
1531161984778,1531161984773,357277,0.00366600,0.87100000,0
1531161984778,1531161984773,357278,0.00367000,2.16900000,0
1531161984778,1531161984773,357279,0.00367500,0.44800000,0
1531161985607,1531161985599,357280,0.00367500,10.89800000,0
1531161985607,1531161985599,357281,0.00367700,3.82600000,0
1531161985607,1531161985599,357282,0.00368500,1.21400000,0
1531161985607,1531161985599,357283,0.00368700,6.29900000,0
1531161985607,1531161985599,357284,0.00369200,0.30700000,0
1531161985607,1531161985599,357285,0.00369700,2.84500000,0
1531161985607,1531161985599,357286,0.00369800,23.99800000,0
1531161985607,1531161985599,357287,0.00369900,10.26400000,0
1531161985607,1531161985599,357288,0.00370100,4.05600000,0
1531161985607,1531161985599,357289,0.00370200,25.36100000,0
1531161985624,1531161985620,357290,0.00370200,6.52100000,1
1531161985644,1531161985640,357291,0.00370200,2.35200000,1
1531161986199,1531161986195,357292,0.00370200,3.61400000,1
1531161991883,1531161991879,357293,0.00370300,2.29300000,0
1531161991883,1531161991879,357294,0.00370500,1.32500000,0
1531161992973,1531161992967,357295,0.00370500,1.14100000,0
1531161992973,1531161992967,357296,0.00370700,5.00900000,0
1531161992973,1531161992967,357297,0.00370800,4.36600000,0
1531161992973,1531161992967,357298,0.00370900,0.54400000,0
1531161992973,1531161992967,357299,0.00371200,4.08300000,0
1531161992973,1531161992967,357300,0.00371300,1.51700000,0
1531161992973,1531161992967,357301,0.00371500,2.17300000,0
1531161992973,1531161992967,357302,0.00371900,0.20000000,0
1531161999872,1531161999866,357303,0.00370800,13.05200000,0
1531161999872,1531161999866,357304,0.00371900,1.42500000,0
1531161999885,1531161999881,357305,0.00371900,3.73800000,1
1531162000352,1531162000347,357306,0.00371900,0.46300000,1
1531162000986,1531162000983,357307,0.00371900,2.32900000,1
1531162002928,1531162002924,357308,0.00371900,174.38600000,1
1531162003385,1531162003380,357309,0.00372000,42.07300000,0
1531162003802,1531162003797,357310,0.00372000,15.35200000,0
1531162005729,1531162005723,357311,0.00371000,0.27200000,0
1531162006293,1531162006289,357312,0.00371000,13.57600000,0
1531162006679,1531162006675,357313,0.00371000,11.08300000,0
1531162006811,1531162006807,357314,0.00371000,0.27200000,0
1531162019389,1531162019385,357315,0.00370000,2.32800000,0
1531162022028,1531162022023,357316,0.00370000,73.09200000,1
1531162022068,1531162022064,357317,0.00370000,4.81900000,1
1531162025608,1531162025603,357318,0.00370900,0.27300000,0
1531162026154,1531162026149,357319,0.00370900,0.27300000,0
1531162026156,1531162026153,357320,0.00370900,1.22600000,0
1531162026368,1531162026364,357321,0.00370900,1.36200000,0
1531162026491,1531162026486,357322,0.00370900,0.27300000,0
1531162027044,1531162027039,357323,0.00370900,0.27300000,0
1531162027241,1531162027235,357324,0.00370900,0.27300000,0
1531162029133,1531162029128,357325,0.00370900,13.39400000,0
1531162034543,1531162034539,357326,0.00370000,2.12200000,1
1531162036106,1531162036105,357327,0.00370900,8.69300000,0
1531162036657,1531162036652,357328,0.00370000,1.54300000,1
1531162039862,1531162039858,357329,0.00370000,1.46200000,0
1531162044020,1531162044015,357330,0.00369800,1.35300000,1
1531162044020,1531162044015,357331,0.00369600,1.35300000,1
1531162044020,1531162044015,357332,0.00368400,0.86200000,1
1531162045012,1531162045009,357333,0.00370000,0.48000000,0
1531162045012,1531162045009,357334,0.00370800,0.33700000,0
1531162046065,1531162046062,357335,0.00370800,0.27300000,0
1531162046153,1531162046148,357336,0.00370800,0.54500000,0
1531162053661,1531162053656,357337,0.00369900,1.35200000,1
1531162053661,1531162053656,357338,0.00368700,1.43800000,1
1531162053661,1531162053656,357339,0.00368400,3.91500000,1
1531162055983,1531162055978,357340,0.00370800,6.40800000,0
1531162056506,1531162056502,357341,0.00370900,8.77300000,1
1531162060464,1531162060460,357342,0.00371000,42.03000000,1
1531162063679,1531162063674,357343,0.00371000,79.64100000,1
1531162063825,1531162063822,357344,0.00371000,0.81500000,0
1531162065791,1531162065786,357345,0.00371000,0.27200000,0
1531162066494,1531162066490,357346,0.00371000,0.27200000,0
1531162067078,1531162067076,357347,0.00370900,1.62400000,1
1531162067421,1531162067417,357348,0.00371000,0.27200000,0
1531162076723,1531162076719,357349,0.00370900,15.50100000,1
1531162080432,1531162080431,357350,0.00370300,0.70300000,1
1531162080928,1531162080924,357351,0.00370100,0.10500000,0
1531162084634,1531162084630,357352,0.00369500,0.70400000,1
1531162085561,1531162085557,357353,0.00369300,0.04600000,0
1531162085561,1531162085557,357354,0.00370000,0.08300000,0
1531162088512,1531162088508,357355,0.00369000,4.51800000,1
1531162100381,1531162100376,357356,0.00369900,71.00000000,0
1531162100381,1531162100376,357357,0.00370000,2.98100000,0
1531162104122,1531162104118,357358,0.00370800,30.75000000,0
1531162104730,1531162104726,357359,0.00370000,28.01900000,1
1531162106750,1531162106745,357360,0.00370000,0.27300000,0
1531162118221,1531162118217,357361,0.00370000,94.91400000,0
1531162118662,1531162118657,357362,0.00370000,1.36600000,1
1531162119607,1531162119603,357363,0.00370000,1.18800000,1
1531162122051,1531162122045,357364,0.00370000,100.00000000,1
1531162126398,1531162126395,357365,0.00370000,9.82200000,1
1531162130920,1531162130915,357366,0.00370000,14.38900000,0
1531162132989,1531162132985,357367,0.00370000,22.70200000,0
1531162137947,1531162137945,357368,0.00371900,1.62300000,0
1531162143580,1531162143576,357369,0.00372000,0.00200000,0
1531162145962,1531162145957,357370,0.00372000,0.27000000,0
1531162147234,1531162147229,357371,0.00372100,0.27200000,0
1531162147563,1531162147558,357372,0.00372100,0.27200000,0
1531162150307,1531162150302,357373,0.00372000,1.76000000,1
1531162150311,1531162150308,357374,0.00372000,1.76000000,1
1531162150536,1531162150532,357375,0.00372100,0.37200000,0
1531162156619,1531162156614,357376,0.00372100,0.44000000,0
1531162157003,1531162156999,357377,0.00372100,1.70000000,1
1531162157196,1531162157190,357378,0.00372100,0.63600000,1
1531162157196,1531162157190,357379,0.00372000,6.13700000,1
1531162158432,1531162158429,357380,0.00372000,8.51500000,0
1531162162373,1531162162372,357381,0.00372000,4.25600000,0
1531162168305,1531162168302,357382,0.00372000,0.54300000,0
1531162168463,1531162168461,357383,0.00372000,0.54300000,0
1531162168668,1531162168662,357384,0.00372000,0.27200000,0
1531162175854,1531162175845,357385,0.00371700,0.53900000,1
1531162175854,1531162175845,357386,0.00371100,1.34800000,1
1531162175854,1531162175845,357387,0.00371000,1.88800000,1
1531162175854,1531162175845,357388,0.00370400,16.87600000,1
1531162175854,1531162175845,357389,0.00370300,20.00000000,1
1531162175854,1531162175845,357390,0.00370200,0.54100000,1
1531162175854,1531162175845,357391,0.00370000,62.57300000,1
1531162175854,1531162175845,357392,0.00369900,1.43300000,1
1531162175854,1531162175845,357393,0.00369500,1.76000000,1
1531162175854,1531162175845,357394,0.00369400,4.30400000,1
1531162175854,1531162175845,357395,0.00369300,50.27100000,1
1531162175854,1531162175845,357396,0.00369000,31.20700000,1
1531162175854,1531162175845,357397,0.00368900,1.18000000,1
1531162175854,1531162175845,357398,0.00368700,0.97800000,1
1531162175854,1531162175845,357399,0.00368600,0.29900000,1
1531162175931,1531162175927,357400,0.00368600,1.22600000,1
1531162175931,1531162175927,357401,0.00368500,0.27200000,1
1531162175931,1531162175927,357402,0.00368400,0.40300000,1
1531162179197,1531162179192,357403,0.00370200,0.40300000,0
1531162179197,1531162179192,357404,0.00370900,0.37500000,0
1531162179197,1531162179192,357405,0.00371900,4.52200000,0
1531162187326,1531162187321,357406,0.00371900,0.27200000,0
1531162191828,1531162191826,357407,0.00370600,1.35000000,1
1531162197072,1531162197068,357408,0.00370500,2.14900000,0
1531162197253,1531162197247,357409,0.00369100,21.50800000,1
1531162208855,1531162208851,357410,0.00370500,13.16100000,0
1531162210946,1531162210942,357411,0.00371600,0.70800000,0
1531162211855,1531162211850,357412,0.00371600,2.66800000,0
1531162214856,1531162214850,357413,0.00371900,7.03000000,0
1531162216172,1531162216167,357414,0.00369500,2.40100000,1
1531162216172,1531162216167,357415,0.00369100,16.60600000,1
1531162217887,1531162217881,357416,0.00371900,2.40100000,0
1531162219089,1531162219083,357417,0.00369600,4.69800000,1
1531162219089,1531162219083,357418,0.00369100,0.59600000,1
1531162220954,1531162220950,357419,0.00371900,1.78300000,0
1531162220954,1531162220950,357420,0.00372000,39.06400000,0
1531162228255,1531162228251,357421,0.00370600,0.27200000,0
1531162235869,1531162235864,357422,0.00370600,2.79600000,0
1531162235869,1531162235864,357423,0.00372000,2.51100000,0
1531162237704,1531162237700,357424,0.00371800,1.75300000,0
1531162246410,1531162246405,357425,0.00369400,4.62500000,1
1531162246410,1531162246405,357426,0.00369300,6.26100000,1
1531162246410,1531162246405,357427,0.00368800,0.93200000,1
1531162248408,1531162248403,357428,0.00371800,0.27200000,0
1531162248500,1531162248496,357429,0.00371800,0.27200000,0
1531162267543,1531162267542,357430,0.00371000,0.75000000,1
1531162268641,1531162268637,357431,0.00370900,0.92800000,1
1531162268720,1531162268716,357432,0.00370900,1.47200000,1
1531162268895,1531162268891,357433,0.00370900,1.68100000,1
1531162268985,1531162268980,357434,0.00371000,0.27200000,0
1531162269557,1531162269553,357435,0.00371000,0.27200000,0
1531162272426,1531162272421,357436,0.00371000,3.50500000,0
1531162273371,1531162273366,357437,0.00370900,0.27200000,1
1531162273371,1531162273366,357438,0.00370700,1.34900000,1
1531162280966,1531162280962,357439,0.00370000,2.08100000,0
1531162281015,1531162281011,357440,0.00370000,7.24100000,0
1531162281096,1531162281091,357441,0.00370000,6.11000000,0
1531162289443,1531162289438,357442,0.00370000,0.27300000,0
1531162289604,1531162289599,357443,0.00369700,1.35300000,1
1531162289639,1531162289637,357444,0.00369700,4.90700000,0
1531162305122,1531162305118,357445,0.00369700,15.43700000,0
1531162310482,1531162310477,357446,0.00369700,0.00300000,0
1531162318670,1531162318666,357447,0.00369800,4.62500000,1
1531162328114,1531162328109,357448,0.00369600,1.43400000,1
1531162331693,1531162331691,357449,0.00369600,1.34200000,0
1531162331693,1531162331691,357450,0.00369700,3.76200000,0
1531162331722,1531162331717,357451,0.00369800,14.37400000,0
1531162343906,1531162343901,357452,0.00369800,11.13000000,1
1531162343906,1531162343901,357453,0.00369300,1.76100000,1
1531162343920,1531162343917,357454,0.00369300,6.45700000,0
1531162343944,1531162343943,357455,0.00369300,0.00300000,0
1531162344359,1531162344353,357456,0.00369800,19.81200000,0
1531162349266,1531162349262,357457,0.00369800,4.01300000,0
1531162361843,1531162361839,357458,0.00369800,2.62700000,0
1531162372375,1531162372370,357459,0.00369800,10.58000000,0
1531162398529,1531162398524,357460,0.00369000,1.78100000,1
1531162398529,1531162398524,357461,0.00368800,0.04300000,1
1531162403208,1531162403204,357462,0.00368800,7.05300000,1
1531162411096,1531162411091,357463,0.00368800,2.29100000,1
1531162418826,1531162418816,357464,0.00368800,106.73300000,1
1531162418826,1531162418816,357465,0.00368700,0.81200000,1
1531162418826,1531162418816,357466,0.00368600,0.54300000,1
1531162418826,1531162418816,357467,0.00368300,15.10200000,1
1531162418826,1531162418816,357468,0.00368200,2.27000000,1
1531162418826,1531162418816,357469,0.00368100,1.16400000,1
1531162418826,1531162418816,357470,0.00367900,0.97900000,1
1531162418826,1531162418816,357471,0.00367800,0.54400000,1
1531162418826,1531162418816,357472,0.00367700,22.00000000,1
1531162418826,1531162418816,357473,0.00367600,2.29900000,1
1531162418826,1531162418816,357474,0.00367500,57.53000000,1
1531162418826,1531162418816,357475,0.00367500,5.89000000,1
1531162420164,1531162420159,357476,0.00367700,0.28300000,1
1531162434004,1531162434000,357477,0.00368900,0.28300000,0
1531162434004,1531162434000,357478,0.00369000,38.92600000,0
1531162446654,1531162446650,357479,0.00368800,15.33700000,0
1531162446654,1531162446650,357480,0.00368900,1.88000000,0
1531162451130,1531162451125,357481,0.00368900,0.27400000,0
1531162458183,1531162458178,357482,0.00368900,17.84600000,0
1531162458183,1531162458178,357483,0.00369000,81.40800000,0
1531162458183,1531162458178,357484,0.00369700,3.07500000,0
1531162458183,1531162458178,357485,0.00369800,9.86900000,0
1531162458183,1531162458178,357486,0.00370000,40.42900000,0
1531162458340,1531162458335,357487,0.00370000,8.74700000,1
1531162460429,1531162460424,357488,0.00370000,0.34900000,1
1531162460873,1531162460870,357489,0.00370000,0.99300000,1
1531162461187,1531162461182,357490,0.00370000,5.23900000,1
1531162462069,1531162462064,357491,0.00370000,50.00000000,1
1531162463715,1531162463709,357492,0.00370000,5.89400000,1
1531162464258,1531162464253,357493,0.00370000,2.34300000,1
1531162468283,1531162468278,357494,0.00370000,19.47200000,0
1531162490380,1531162490375,357495,0.00370000,0.27300000,0
1531162518934,1531162518929,357496,0.00368800,4.25100000,1
1531162536964,1531162536958,357497,0.00368900,1.27400000,1
1531162536964,1531162536958,357498,0.00368800,1.16900000,1
1531162536964,1531162536958,357499,0.00368700,1.35700000,1
1531162536964,1531162536958,357500,0.00368400,35.51200000,1
1531162539518,1531162539517,357501,0.00369700,3.13900000,0
1531162555881,1531162555877,357502,0.00368500,0.52000000,0
1531162592151,1531162592146,357503,0.00367700,8.50800000,1
1531162592151,1531162592146,357504,0.00367500,173.61500000,1
1531162599260,1531162599255,357505,0.00367600,1.37400000,1
1531162599260,1531162599255,357506,0.00367500,12.76900000,1
1531162633860,1531162633854,357507,0.00368000,0.27500000,0
1531162644985,1531162644981,357508,0.00368000,3.00600000,0
1531162655971,1531162655966,357509,0.00368000,8.80300000,1
1531162655971,1531162655966,357510,0.00367500,4.10300000,1
1531162669037,1531162669032,357511,0.00367600,6.55600000,1
1531162669037,1531162669032,357512,0.00367500,16.65000000,1
1531162671221,1531162671216,357513,0.00368900,0.71000000,0
1531162694055,1531162694049,357514,0.00368600,0.27400000,0
1531162703168,1531162703162,357515,0.00368000,0.10000000,1
1531162710577,1531162710573,357516,0.00368600,0.79100000,0
1531162712708,1531162712703,357517,0.00368900,4.62800000,1
1531162733298,1531162733292,357518,0.00369600,0.27400000,0
1531162736571,1531162736566,357519,0.00369100,0.75500000,1
1531162748493,1531162748489,357520,0.00369100,1.24500000,1
1531162748493,1531162748489,357521,0.00368900,1.75400000,1
1531162748499,1531162748494,357522,0.00368900,37.20000000,1
1531162748539,1531162748531,357523,0.00368900,6.69700000,1
1531162770654,1531162770649,357524,0.00368900,59.12300000,1
1531162793620,1531162793615,357525,0.00369500,0.27400000,0
1531162793874,1531162793868,357526,0.00369100,3.00400000,1
1531162793983,1531162793979,357527,0.00369500,0.27400000,0
1531162794068,1531162794062,357528,0.00369500,4.40600000,0
1531162796078,1531162796074,357529,0.00369100,4.68900000,1
1531162796078,1531162796074,357530,0.00368900,43.31100000,1
1531162797124,1531162797120,357531,0.00369500,0.28500000,0
1531162800116,1531162800110,357532,0.00369500,2.90100000,0
1531162808179,1531162808173,357533,0.00369400,4.78100000,0
1531162808179,1531162808173,357534,0.00369500,1.11500000,0
1531162811846,1531162811842,357535,0.00369400,2.20000000,0
1531162819144,1531162819138,357536,0.00369400,1.70900000,0
1531162819144,1531162819138,357537,0.00369500,0.28900000,0
1531162824391,1531162824386,357538,0.00369500,29.04700000,0
1531162845283,1531162845278,357539,0.00369500,2.84100000,0
1531162851502,1531162851497,357540,0.00369500,150.00000000,0
1531162857067,1531162857061,357541,0.00369500,90.65600000,0
1531162857067,1531162857061,357542,0.00369600,1.35300000,0
1531162857067,1531162857061,357543,0.00369800,8.79200000,0
1531162857067,1531162857061,357544,0.00370000,15.00000000,0
1531162868803,1531162868797,357545,0.00370200,10.53000000,0
1531162868803,1531162868797,357546,0.00370300,0.27500000,0
1531162871713,1531162871707,357547,0.00370900,1.63200000,0
1531162871713,1531162871707,357548,0.00371000,42.92200000,0
1531162871713,1531162871707,357549,0.00371400,3.51700000,0
1531162871713,1531162871707,357550,0.00371500,0.54100000,0
1531162871713,1531162871707,357551,0.00371800,0.38800000,0
1531162875061,1531162875055,357552,0.00371800,1.24200000,0
1531162875061,1531162875055,357553,0.00371900,0.81200000,0
1531162875061,1531162875055,357554,0.00372200,0.27200000,0
1531162875061,1531162875055,357555,0.00372300,2.73700000,0
1531162880512,1531162880508,357556,0.00372300,3.36900000,0
1531162883199,1531162883195,357557,0.00372300,1.59300000,1
1531162885582,1531162885573,357558,0.00372500,5.42000000,0
1531162885582,1531162885573,357559,0.00372600,2.84900000,0
1531162885582,1531162885573,357560,0.00372800,27.69500000,0
1531162885582,1531162885573,357561,0.00373000,0.93000000,0
1531162885582,1531162885573,357562,0.00373100,1.15500000,0
1531162885582,1531162885573,357563,0.00373300,0.81500000,0
1531162885582,1531162885573,357564,0.00373500,1.08700000,0
1531162885582,1531162885573,357565,0.00373600,0.54800000,0
1531162885582,1531162885573,357566,0.00373700,6.41200000,0
1531162885582,1531162885573,357567,0.00373800,3.53700000,0
1531162885582,1531162885573,357568,0.00374000,5.50000000,0
1531162885582,1531162885573,357569,0.00374200,0.81700000,0
1531162885582,1531162885573,357570,0.00374200,1.59300000,1
1531162885582,1531162885573,357571,0.00373500,8.40700000,1
1531162885628,1531162885624,357572,0.00373500,1.59300000,1
1531162885650,1531162885644,357573,0.00373500,0.62600000,1
1531162885706,1531162885701,357574,0.00373500,0.61800000,1
1531162885987,1531162885983,357575,0.00373500,0.97600000,1
1531162889971,1531162889965,357576,0.00372400,1.02200000,1
1531162894213,1531162894208,357577,0.00373500,0.00200000,0
1531162894213,1531162894208,357578,0.00373900,0.69900000,0
1531162894213,1531162894208,357579,0.00374000,25.61400000,0
1531162898947,1531162898940,357580,0.00373800,15.86800000,0
1531162898947,1531162898940,357581,0.00373900,10.44700000,0
1531162901079,1531162901074,357582,0.00373900,10.00000000,0
1531162913580,1531162913576,357583,0.00373700,0.81100000,0
1531162913641,1531162913635,357584,0.00373700,0.54100000,0
1531162913651,1531162913646,357585,0.00373700,0.27100000,0
1531162914332,1531162914328,357586,0.00373700,0.27100000,0
1531162914353,1531162914347,357587,0.00373700,0.27100000,0
1531162914395,1531162914390,357588,0.00373700,0.54100000,0
1531162914472,1531162914467,357589,0.00373700,0.27100000,0
1531162914480,1531162914474,357590,0.00373700,1.35100000,0
1531162914517,1531162914513,357591,0.00373700,0.54100000,0
1531162914607,1531162914602,357592,0.00373700,0.27100000,0
1531162914831,1531162914827,357593,0.00373700,1.21600000,0
1531162914870,1531162914866,357594,0.00373700,0.27100000,0
1531162914890,1531162914883,357595,0.00373700,0.27100000,0
1531162914917,1531162914913,357596,0.00373700,0.27100000,0
1531162914931,1531162914926,357597,0.00373700,0.81100000,0
1531162914940,1531162914934,357598,0.00373700,0.27100000,0
1531162924429,1531162924425,357599,0.00373800,0.26800000,0
1531162925131,1531162925125,357600,0.00373700,0.36200000,1
1531162926186,1531162926181,357601,0.00373500,13.00000000,0
1531162930555,1531162930550,357602,0.00373500,0.27100000,0
1531162930874,1531162930862,357603,0.00372800,1.34200000,1
1531162930874,1531162930862,357604,0.00372600,1.34200000,1
1531162930874,1531162930862,357605,0.00372300,0.53800000,1
1531162930874,1531162930862,357606,0.00371400,1.42800000,1
1531162930874,1531162930862,357607,0.00371300,6.13200000,1
1531162930874,1531162930862,357608,0.00371200,1.75200000,1
1531162930874,1531162930862,357609,0.00371100,0.37300000,1
1531162930874,1531162930862,357610,0.00371000,4.41800000,1
1531162930874,1531162930862,357611,0.00370900,0.81000000,1
1531162930874,1531162930862,357612,0.00370800,0.81000000,1
1531162930874,1531162930862,357613,0.00370600,0.80100000,1
1531162930874,1531162930862,357614,0.00370500,2.40400000,1
1531162930874,1531162930862,357615,0.00370400,0.81000000,1
1531162930874,1531162930862,357616,0.00370200,4.24500000,1
1531162930874,1531162930862,357617,0.00370100,2.00100000,1
1531162930874,1531162930862,357618,0.00370000,6.21000000,1
1531162930874,1531162930862,357619,0.00369900,2.15600000,1
1531162930874,1531162930862,357620,0.00369800,1.20400000,1
1531162930874,1531162930862,357621,0.00369400,7.64800000,1
1531162930874,1531162930862,357622,0.00369200,13.03000000,1
1531162930896,1531162930889,357623,0.00373500,0.27100000,0
1531162931054,1531162931050,357624,0.00373400,0.27100000,0
1531162932888,1531162932886,357625,0.00371800,0.27100000,0
1531162934601,1531162934594,357626,0.00371800,1.34400000,0
1531162934632,1531162934629,357627,0.00371800,0.53700000,0
1531162935195,1531162935189,357628,0.00370300,3.18400000,1
1531162935195,1531162935189,357629,0.00370200,2.80000000,1
1531162935195,1531162935189,357630,0.00370100,8.42900000,1
1531162935760,1531162935755,357631,0.00371800,0.53800000,0
1531162938019,1531162938013,357632,0.00371600,0.53900000,1
1531162938019,1531162938013,357633,0.00370800,0.54000000,1
1531162938019,1531162938013,357634,0.00370600,1.44400000,1
1531162938019,1531162938013,357635,0.00370100,5.57100000,1
1531162938019,1531162938013,357636,0.00370000,1.90600000,1
1531162959908,1531162959903,357637,0.00370200,0.26400000,1
1531162964433,1531162964428,357638,0.00370200,2.04900000,1
1531162964433,1531162964428,357639,0.00370000,147.95100000,1
1531162964848,1531162964841,357640,0.00370300,0.81100000,1
1531162965097,1531162965087,357641,0.00371100,2.80000000,0
1531162965097,1531162965087,357642,0.00371800,4.28100000,0
1531162965097,1531162965087,357643,0.00371900,3.05500000,0
1531162965097,1531162965087,357644,0.00372100,11.40900000,0
1531162965097,1531162965087,357645,0.00372700,0.34700000,0
1531162965097,1531162965087,357646,0.00372800,20.00000000,0
1531162965097,1531162965087,357647,0.00372900,5.80000000,0
1531162965097,1531162965087,357648,0.00373000,100.37300000,0
1531162965097,1531162965087,357649,0.00373100,0.99800000,0
1531162965097,1531162965087,357650,0.00373300,18.59400000,0
1531162965097,1531162965087,357651,0.00373400,8.55400000,0
1531162965097,1531162965087,357652,0.00373500,190.72500000,0
1531162965135,1531162965129,357653,0.00373500,4.43800000,1
1531162965152,1531162965148,357654,0.00373500,3.22200000,1
1531162970264,1531162970261,357655,0.00373500,4.39200000,1
1531162973454,1531162973448,357656,0.00373700,12.35600000,0
1531162973454,1531162973448,357657,0.00373800,28.11500000,0
1531162974447,1531162974443,357658,0.00373500,0.44100000,1
1531162977973,1531162977967,357659,0.00373500,178.11200000,1
1531162979785,1531162979780,357660,0.00373000,4.43700000,0
1531162998798,1531162998792,357661,0.00373000,27.02200000,0
1531162998798,1531162998792,357662,0.00373400,0.51900000,0
1531163024215,1531163024209,357663,0.00373500,0.12800000,1
1531163024270,1531163024262,357664,0.00373500,6.85300000,1
1531163024270,1531163024262,357665,0.00371500,6.12900000,1
1531163024270,1531163024262,357666,0.00370500,18.07500000,1
1531163024270,1531163024262,357667,0.00370400,4.73200000,1
1531163024270,1531163024262,357668,0.00370300,19.80000000,1
1531163024270,1531163024262,357669,0.00370100,44.41100000,1
1531163024323,1531163024320,357670,0.00370200,1.17300000,1
1531163035258,1531163035254,357671,0.00370500,1.85800000,1
1531163035258,1531163035254,357672,0.00370200,0.67500000,1
1531163035258,1531163035254,357673,0.00370100,16.87500000,1
1531163040405,1531163040400,357674,0.00371900,0.19700000,0
1531163041616,1531163041611,357675,0.00371900,0.06400000,0
1531163046037,1531163046033,357676,0.00371900,1.59700000,0
1531163046042,1531163046039,357677,0.00372000,0.52700000,0
1531163046101,1531163046096,357678,0.00372600,0.37700000,0
1531163052184,1531163052177,357679,0.00372900,12.76000000,0
1531163052192,1531163052188,357680,0.00372900,5.34100000,0
1531163061631,1531163061626,357681,0.00372800,15.28300000,0
1531163064018,1531163064013,357682,0.00372600,1.52300000,0
1531163064042,1531163064039,357683,0.00372600,0.00100000,0
1531163068623,1531163068617,357684,0.00372800,0.01500000,0
1531163068623,1531163068617,357685,0.00372900,0.67500000,0
1531163068623,1531163068617,357686,0.00373000,1.45700000,0
1531163080186,1531163080181,357687,0.00372900,3.94900000,0
1531163095192,1531163095186,357688,0.00372800,1.35400000,0
1531163097215,1531163097209,357689,0.00372800,0.27100000,0
1531163103087,1531163103083,357690,0.00371900,5.00000000,1
1531163103088,1531163103083,357691,0.00371900,0.01000000,1
1531163103088,1531163103083,357692,0.00370400,4.60100000,1
1531163111982,1531163111978,357693,0.00372600,0.27100000,0
1531163125657,1531163125653,357694,0.00372100,1.10400000,0
1531163137223,1531163137217,357695,0.00372000,0.17600000,0
1531163138102,1531163138096,357696,0.00372000,0.58700000,0
1531163139180,1531163139176,357697,0.00371900,0.43900000,0
1531163144698,1531163144692,357698,0.00370400,21.00000000,1
1531163144698,1531163144692,357699,0.00370200,0.27100000,1
1531163144698,1531163144692,357700,0.00370100,66.36600000,1
1531163147094,1531163147087,357701,0.00370100,78.49200000,1
1531163147094,1531163147087,357702,0.00370000,54.14800000,1
1531163152473,1531163152468,357703,0.00370000,10.73700000,0
1531163155100,1531163155094,357704,0.00370000,1.57500000,0
1531163161325,1531163161319,357705,0.00369900,0.27100000,1
1531163166160,1531163166155,357706,0.00369900,0.27300000,0
1531163166177,1531163166173,357707,0.00369900,0.27300000,0
1531163167218,1531163167212,357708,0.00369900,0.27300000,0
1531163168468,1531163168463,357709,0.00369900,1.22900000,0
1531163180963,1531163180957,357710,0.00369900,2.20800000,0
1531163185716,1531163185709,357711,0.00370000,1.70300000,1
1531163185716,1531163185709,357712,0.00369900,15.52600000,1
1531163185716,1531163185709,357713,0.00369800,0.27100000,1
1531163185716,1531163185709,357714,0.00369100,2.03200000,1
1531163185716,1531163185709,357715,0.00369000,11.80800000,1
1531163185716,1531163185709,357716,0.00368800,1.35600000,1
1531163185716,1531163185709,357717,0.00368600,1.35700000,1
1531163185716,1531163185709,357718,0.00368500,0.54300000,1
1531163185716,1531163185709,357719,0.00368100,0.27200000,1
1531163185716,1531163185709,357720,0.00367800,2.64900000,1
1531163185716,1531163185709,357721,0.00367700,1.51000000,1
1531163194096,1531163194090,357722,0.00368400,1.60100000,1
1531163194096,1531163194090,357723,0.00368200,0.54700000,1
1531163214883,1531163214878,357724,0.00368200,1.57500000,1
1531163223209,1531163223206,357725,0.00368400,0.26100000,1
1531163273825,1531163273819,357726,0.00368400,0.06400000,1
1531163273825,1531163273819,357727,0.00368300,0.35200000,1
1531163273825,1531163273819,357728,0.00368200,0.84800000,1
1531163286193,1531163286188,357729,0.00368200,0.25800000,1
1531163286193,1531163286188,357730,0.00367700,0.32900000,1
1531163287244,1531163287238,357731,0.00367700,2.83800000,1
1531163293589,1531163293584,357732,0.00367700,5.88000000,0
1531163294342,1531163294337,357733,0.00367700,4.59700000,0
1531163294342,1531163294337,357734,0.00368900,0.54700000,0
1531163294342,1531163294337,357735,0.00369000,1.70300000,0
1531163294342,1531163294337,357736,0.00369500,1.62700000,0
1531163294388,1531163294349,357737,0.00369600,2.00300000,1
1531163294389,1531163294366,357738,0.00367500,1.76900000,1
1531163294389,1531163294366,357739,0.00367400,0.23400000,1
1531163302313,1531163302307,357740,0.00367500,1.71000000,1
1531163302313,1531163302307,357741,0.00367400,0.31200000,1
1531163304515,1531163304510,357742,0.00367400,0.99300000,0
1531163316530,1531163316524,357743,0.00367300,0.30000000,1
1531163317866,1531163317860,357744,0.00367300,18.12000000,0
1531163340175,1531163340172,357745,0.00367200,2.05800000,0
1531163349885,1531163349879,357746,0.00367100,2.29200000,1
1531163349885,1531163349879,357747,0.00367000,1.62500000,1
1531163385593,1531163385586,357748,0.00366900,1.71000000,0
1531163392402,1531163392397,357749,0.00366900,0.47000000,1
1531163392402,1531163392397,357750,0.00366800,0.49200000,1
1531163392998,1531163392993,357751,0.00366800,8.87300000,0
1531163393791,1531163393785,357752,0.00366600,0.56000000,1
1531163436772,1531163436768,357753,0.00366800,3.37200000,0
1531163438628,1531163438622,357754,0.00366600,0.25900000,1
1531163438628,1531163438622,357755,0.00366400,8.21700000,1
1531163439744,1531163439739,357756,0.00366400,1.58800000,0
1531163443941,1531163443936,357757,0.00366400,0.00100000,0
1531163443941,1531163443936,357758,0.00366800,6.02900000,0
1531163443941,1531163443936,357759,0.00367000,30.30900000,0
1531163443988,1531163443982,357760,0.00367000,8.76800000,0
1531163444063,1531163444059,357761,0.00367000,0.62500000,0
1531163444063,1531163444059,357762,0.00367200,18.49800000,0
1531163444063,1531163444059,357763,0.00367500,1.45700000,0
1531163444942,1531163444936,357764,0.00367700,8.05500000,1
1531163444942,1531163444936,357765,0.00367500,13.20100000,1
1531163449423,1531163449416,357766,0.00369000,3.07100000,0
1531163449423,1531163449416,357767,0.00369200,2.34800000,0
1531163459504,1531163459500,357768,0.00367800,1.53400000,1
1531163464721,1531163464714,357769,0.00369100,1.53400000,0
1531163464721,1531163464714,357770,0.00369200,0.33300000,0
1531163464721,1531163464714,357771,0.00369600,19.33700000,0
1531163464721,1531163464714,357772,0.00370000,11.81700000,0
1531163464753,1531163464748,357773,0.00370000,16.97900000,1
1531163482583,1531163482580,357774,0.00368600,9.69700000,1
1531163482638,1531163482632,357775,0.00368600,1.16000000,1
1531163482638,1531163482632,357776,0.00368100,0.67900000,1
1531163482638,1531163482632,357777,0.00367500,2.65900000,1
1531163493603,1531163493599,357778,0.00369700,4.22800000,0
1531163508714,1531163508707,357779,0.00369800,0.27400000,0
1531163508891,1531163508887,357780,0.00369800,0.27400000,0
1531163509123,1531163509118,357781,0.00369800,0.27400000,0
1531163515047,1531163515041,357782,0.00369800,2.86700000,0
1531163515047,1531163515041,357783,0.00369900,0.67900000,0
1531163515047,1531163515041,357784,0.00370000,15.08700000,0
1531163515073,1531163515067,357785,0.00370000,11.49100000,1
1531163515075,1531163515069,357786,0.00370000,2.35200000,1
1531163515525,1531163515519,357787,0.00370000,11.48900000,1
1531163518722,1531163518715,357788,0.00370600,0.27000000,0
1531163520332,1531163520327,357789,0.00370000,1.79800000,1
1531163532412,1531163532405,357790,0.00370600,1.70500000,0
1531163532412,1531163532405,357791,0.00370700,4.00500000,0
1531163532412,1531163532405,357792,0.00370800,2.82400000,0
1531163532412,1531163532405,357793,0.00371000,0.81200000,0
1531163532412,1531163532405,357794,0.00371200,1.51000000,0
1531163532412,1531163532405,357795,0.00371300,0.26000000,0
1531163540798,1531163540793,357796,0.00370100,1.73700000,1
1531163540798,1531163540793,357797,0.00370000,33.00000000,1
1531163549637,1531163549632,357798,0.00371000,37.91200000,1
1531163553708,1531163553701,357799,0.00371000,1.61200000,1
1531163572938,1531163572932,357800,0.00371000,14.52800000,1
1531163581946,1531163581939,357801,0.00370000,69.43900000,1
1531163587155,1531163587149,357802,0.00370000,2.07800000,1
1531163613703,1531163613698,357803,0.00370200,2.54700000,1
1531163613703,1531163613698,357804,0.00370000,8.58800000,1
1531163628083,1531163628077,357805,0.00370000,22.46100000,1
1531163628083,1531163628077,357806,0.00369000,26.53900000,1
1531163632070,1531163632064,357807,0.00370500,0.27300000,0
1531163636081,1531163636077,357808,0.00370500,1.06600000,0
1531163661680,1531163661675,357809,0.00370500,0.67800000,0
1531163665437,1531163665431,357810,0.00370500,11.11800000,1
1531163726537,1531163726531,357811,0.00370700,0.41600000,1
1531163771336,1531163771330,357812,0.00370900,1.18800000,0
1531163789234,1531163789227,357813,0.00370800,4.22400000,1
1531163792675,1531163792670,357814,0.00370900,0.54900000,0
1531163804047,1531163804042,357815,0.00370900,0.11800000,1
1531163815816,1531163815813,357816,0.00371000,2.00000000,0
1531163815816,1531163815813,357817,0.00371400,1.60300000,0
1531163821438,1531163821434,357818,0.00370900,0.00100000,1
1531163825424,1531163825418,357819,0.00371400,0.22700000,0
1531163826753,1531163826747,357820,0.00371400,0.07500000,0
1531163831886,1531163831879,357821,0.00371400,6.27500000,0
1531163834009,1531163834004,357822,0.00371400,3.60300000,1
1531163865722,1531163865717,357823,0.00371500,2.14800000,0
1531163865723,1531163865717,357824,0.00371500,12.31000000,0
1531163867352,1531163867347,357825,0.00371500,30.28800000,0
1531163874023,1531163874018,357826,0.00371500,0.40300000,1
1531163891986,1531163891983,357827,0.00371500,0.68400000,1
1531163915373,1531163915370,357828,0.00371600,1.22900000,0
1531163935519,1531163935513,357829,0.00371800,0.27300000,0
1531163935519,1531163935513,357830,0.00372000,14.64100000,0
1531163935709,1531163935704,357831,0.00372000,6.22000000,1
1531163954286,1531163954279,357832,0.00372100,0.84100000,0
1531163954286,1531163954279,357833,0.00372200,0.38100000,0
1531163955202,1531163955197,357834,0.00372200,0.06400000,0
1531163955726,1531163955723,357835,0.00372000,0.57000000,1
1531163956477,1531163956471,357836,0.00372200,0.02200000,0
1531163970002,1531163969997,357837,0.00372200,1.87200000,0
1531163974703,1531163974697,357838,0.00372200,0.81400000,0
1531163975815,1531163975810,357839,0.00372200,1.35700000,0
1531163976017,1531163976012,357840,0.00372200,0.27200000,0
1531163984142,1531163984134,357841,0.00372200,16.76100000,0
1531163984142,1531163984134,357842,0.00372300,9.18600000,0
1531163984142,1531163984134,357843,0.00372400,11.95700000,0
1531163984142,1531163984134,357844,0.00372600,134.24800000,0
1531163984142,1531163984134,357845,0.00372300,0.49800000,0
1531164012937,1531164012931,357846,0.00372800,11.36700000,0
1531164025101,1531164025095,357847,0.00373000,27.98400000,0
1531164025238,1531164025234,357848,0.00373000,1.32300000,1
1531164026639,1531164026634,357849,0.00373100,0.14300000,0
1531164036128,1531164036124,357850,0.00373100,0.27100000,0
1531164036147,1531164036141,357851,0.00373100,0.27100000,0
1531164036175,1531164036172,357852,0.00373100,0.54200000,0
1531164036214,1531164036211,357853,0.00373100,0.54200000,0
1531164036659,1531164036654,357854,0.00373100,0.27100000,0
1531164036884,1531164036878,357855,0.00373100,0.27100000,0
1531164040932,1531164040927,357856,0.00373100,0.39400000,0
1531164043124,1531164043120,357857,0.00373100,8.99900000,0
1531164047148,1531164047141,357858,0.00373100,30.58600000,0
1531164047148,1531164047141,357859,0.00373200,0.54200000,0
1531164047148,1531164047141,357860,0.00373400,6.12900000,0
1531164047148,1531164047141,357861,0.00373500,1.23600000,0
1531164051069,1531164051064,357862,0.00373200,0.81200000,1
1531164051069,1531164051064,357863,0.00373100,1.14800000,1
1531164051954,1531164051948,357864,0.00373100,0.80800000,1
1531164052974,1531164052970,357865,0.00373500,0.10500000,0
1531164053376,1531164053370,357866,0.00373500,0.58500000,1
1531164053376,1531164053370,357867,0.00372800,0.27500000,1
1531164055003,1531164054997,357868,0.00373800,6.15400000,0
1531164055882,1531164055876,357869,0.00373800,32.49600000,0
1531164056094,1531164056088,357870,0.00373800,19.30900000,1
1531164056359,1531164056353,357871,0.00373200,0.27100000,1
1531164056359,1531164056353,357872,0.00372800,3.26100000,1
1531164057694,1531164057689,357873,0.00373000,0.81500000,0
1531164057695,1531164057689,357874,0.00374000,1.86600000,0
1531164063605,1531164063599,357875,0.00374000,7.07300000,0
1531164066982,1531164066977,357876,0.00373900,0.32100000,1
1531164066982,1531164066977,357877,0.00372900,5.09300000,1
1531164075340,1531164075334,357878,0.00374000,0.02900000,0
1531164075340,1531164075334,357879,0.00374100,0.24100000,0
1531164096525,1531164096519,357880,0.00374100,0.30100000,0
1531164096525,1531164096519,357881,0.00374200,0.27100000,0
1531164098561,1531164098555,357882,0.00374200,0.64300000,1
1531164103121,1531164103116,357883,0.00374000,3.22200000,0
1531164105058,1531164105052,357884,0.00374000,2.35700000,0
1531164108112,1531164108107,357885,0.00373300,0.26500000,1
1531164136330,1531164136327,357886,0.00373900,0.27000000,0
1531164136707,1531164136701,357887,0.00373900,0.27000000,0
1531164144042,1531164144037,357888,0.00373300,1.62500000,1
1531164150193,1531164150187,357889,0.00373900,1.93500000,0
1531164155948,1531164155942,357890,0.00373800,2.14800000,0
1531164155948,1531164155942,357891,0.00373900,2.50800000,0
1531164155948,1531164155942,357892,0.00374000,13.44400000,0
1531164164940,1531164164935,357893,0.00374000,225.63700000,0
1531164172571,1531164172565,357894,0.00373500,1.24100000,1
1531164172571,1531164172565,357895,0.00373400,21.75600000,1
1531164172571,1531164172565,357896,0.00373300,2.45800000,1
1531164224786,1531164224781,357897,0.00373400,5.01800000,1
1531164235143,1531164235137,357898,0.00373900,0.55600000,0
1531164235143,1531164235137,357899,0.00374000,4.65900000,0
1531164242472,1531164242464,357900,0.00373400,0.59200000,1
1531164242472,1531164242464,357901,0.00373300,9.04600000,1
1531164242472,1531164242464,357902,0.00372600,1.34200000,1
1531164242472,1531164242464,357903,0.00372200,8.69800000,1
1531164242472,1531164242464,357904,0.00372100,51.34400000,1
1531164242491,1531164242489,357905,0.00372100,9.62800000,0
1531164242492,1531164242490,357906,0.00372100,3.17000000,0
1531164242498,1531164242492,357907,0.00374000,9.62800000,0
1531164242596,1531164242592,357908,0.00372300,6.45800000,1
1531164242596,1531164242592,357909,0.00372100,3.17000000,1
1531164242624,1531164242619,357910,0.00372100,3.17000000,1
1531164242650,1531164242645,357911,0.00372100,5.74300000,1
1531164242652,1531164242646,357912,0.00372100,0.71500000,1
1531164245736,1531164245732,357913,0.00371500,6.45800000,1
1531164282226,1531164282221,357914,0.00371800,1.77500000,1
1531164282783,1531164282779,357915,0.00371600,0.52600000,1
1531164289092,1531164289087,357916,0.00371600,39.30200000,1
1531164314711,1531164314704,357917,0.00371600,10.17200000,1
1531164314711,1531164314704,357918,0.00371500,22.51400000,1
1531164314711,1531164314704,357919,0.00371100,1.44200000,1
1531164314711,1531164314704,357920,0.00370900,1.42900000,1
1531164314711,1531164314704,357921,0.00370500,1.48500000,1
1531164314729,1531164314723,357922,0.00370500,21.78200000,0
1531164314735,1531164314730,357923,0.00370500,113.15500000,0
1531164314735,1531164314730,357924,0.00371800,0.09700000,0
1531164314735,1531164314730,357925,0.00373000,1.77500000,0
1531164314735,1531164314730,357926,0.00373100,1.61500000,0
1531164314735,1531164314730,357927,0.00373500,1.61000000,0
1531164314735,1531164314730,357928,0.00373900,4.23600000,0
1531164319321,1531164319318,357929,0.00373900,1.00000000,0
1531164332095,1531164332089,357930,0.00371900,1.42900000,1
1531164333496,1531164333490,357931,0.00371800,1.44000000,1
1531164345246,1531164345240,357932,0.00373100,0.12800000,0
1531164351104,1531164351098,357933,0.00371400,0.67200000,1
1531164360327,1531164360319,357934,0.00373100,0.27100000,0
1531164378713,1531164378707,357935,0.00373100,0.27100000,0
1531164379597,1531164379590,357936,0.00373100,0.27100000,0
1531164379668,1531164379662,357937,0.00373100,0.27100000,0
1531164389121,1531164389115,357938,0.00372700,0.53700000,1
1531164389121,1531164389115,357939,0.00372000,1.88300000,1
1531164400511,1531164400507,357940,0.00372000,0.08000000,0
1531164412836,1531164412830,357941,0.00371800,0.21700000,1
1531164437222,1531164437216,357942,0.00372400,0.30000000,1
1531164438018,1531164438012,357943,0.00371800,1.12800000,1
1531164438018,1531164438012,357944,0.00371200,0.53900000,1
1531164438018,1531164438012,357945,0.00370800,18.40500000,1
1531164450629,1531164450620,357946,0.00370400,1.62000000,1
1531164450629,1531164450620,357947,0.00370300,2.25600000,1
1531164450629,1531164450620,357948,0.00370200,0.27100000,1
1531164450629,1531164450620,357949,0.00370100,0.81100000,1
1531164450629,1531164450620,357950,0.00369800,1.62400000,1
1531164450629,1531164450620,357951,0.00369600,1.52100000,1
1531164450629,1531164450620,357952,0.00369400,1.08400000,1
1531164450629,1531164450620,357953,0.00369300,1.59700000,1
1531164450629,1531164450620,357954,0.00369000,0.82600000,1
1531164450629,1531164450620,357955,0.00369000,20.67700000,1
1531164454000,1531164453996,357956,0.00370500,3.67000000,0
1531164460302,1531164460296,357957,0.00370300,0.27300000,0
1531164469819,1531164469813,357958,0.00369100,1.70600000,1
1531164469852,1531164469847,357959,0.00369100,2.35200000,0
1531164469894,1531164469889,357960,0.00369100,0.87400000,0
1531164470309,1531164470303,357961,0.00369100,0.87500000,0
1531164470943,1531164470939,357962,0.00369100,12.27400000,0
1531164471205,1531164471201,357963,0.00369800,1.74900000,1
1531164479288,1531164479283,357964,0.00369000,3.27100000,1
1531164487279,1531164487274,357965,0.00369000,29.27700000,1
1531164490471,1531164490464,357966,0.00369800,8.11700000,0
1531164495811,1531164495806,357967,0.00369000,48.37800000,1
1531164495842,1531164495838,357968,0.00369000,0.87400000,0
1531164496443,1531164496437,357969,0.00369000,12.97900000,0
1531164509212,1531164509206,357970,0.00369000,14.93500000,1
1531164536617,1531164536612,357971,0.00369800,8.77900000,0
1531164536714,1531164536709,357972,0.00369800,1.78500000,0
1531164536714,1531164536709,357973,0.00370000,6.14800000,0
1531164549655,1531164549650,357974,0.00370000,35.49200000,0
1531164552154,1531164552147,357975,0.00370700,27.10600000,0
1531164552154,1531164552147,357976,0.00370800,21.41500000,0
1531164552154,1531164552147,357977,0.00371100,1.32400000,0
1531164552154,1531164552147,357978,0.00371500,54.56700000,0
1531164552154,1531164552147,357979,0.00371700,1.89500000,0
1531164552154,1531164552147,357980,0.00371800,3.05700000,0
1531164552154,1531164552147,357981,0.00372000,26.73600000,0
1531164552166,1531164552163,357982,0.00372000,63.90000000,1
1531164555678,1531164555671,357983,0.00372000,16.00000000,0
1531164564229,1531164564224,357984,0.00372300,18.36200000,0
1531164564229,1531164564224,357985,0.00372400,0.54200000,0
1531164564229,1531164564224,357986,0.00372500,23.03000000,0
1531164564229,1531164564224,357987,0.00372600,4.68900000,0
1531164573050,1531164573045,357988,0.00372600,1.00000000,0
1531164573592,1531164573585,357989,0.00372600,8.33400000,0
1531164573592,1531164573585,357990,0.00372700,1.62800000,0
1531164573592,1531164573585,357991,0.00373100,2.85100000,0
1531164573592,1531164573585,357992,0.00373400,2.43000000,0
1531164573592,1531164573585,357993,0.00373500,2.42200000,0
1531164573592,1531164573585,357994,0.00373600,0.54000000,0
1531164573592,1531164573585,357995,0.00373700,8.31700000,0
1531164573592,1531164573585,357996,0.00373800,33.58300000,0
1531164573592,1531164573585,357997,0.00373900,2.04800000,0
1531164573592,1531164573585,357998,0.00374000,200.23400000,0
1531164573610,1531164573605,357999,0.00374000,12.08700000,1
1531164573644,1531164573641,358000,0.00374000,2.35200000,1
1531164577584,1531164577579,358001,0.00374000,5.34300000,1
1531164579204,1531164579198,358002,0.00374000,2.68100000,1
1531164590598,1531164590593,358003,0.00374000,50.00000000,1
1531164594579,1531164594575,358004,0.00374000,0.85400000,1
1531164594679,1531164594672,358005,0.00374100,1.62400000,0
1531164594679,1531164594672,358006,0.00374200,7.85200000,0
1531164594679,1531164594672,358007,0.00374300,5.39400000,0
1531164594679,1531164594672,358008,0.00374500,13.57900000,0
1531164594679,1531164594672,358009,0.00374600,4.42800000,0
1531164594679,1531164594672,358010,0.00374800,0.80400000,0
1531164594709,1531164594702,358011,0.00374800,2.08700000,1
1531164603929,1531164603921,358012,0.00374200,0.94800000,1
1531164621392,1531164621388,358013,0.00374900,0.80900000,0
1531164622104,1531164622099,358014,0.00374900,0.80900000,0
1531164622194,1531164622189,358015,0.00374900,1.12000000,0
1531164622194,1531164622189,358016,0.00375000,0.09300000,0
1531164622251,1531164622246,358017,0.00375000,0.27000000,0
1531164623433,1531164623426,358018,0.00375000,1.07800000,0
1531164631994,1531164631992,358019,0.00374300,10.00000000,1
1531164633923,1531164633918,358020,0.00375000,0.12800000,0
1531164637134,1531164637127,358021,0.00375000,0.27000000,0
1531164641885,1531164641883,358022,0.00375000,0.27000000,0
1531164643156,1531164643150,358023,0.00375000,0.27000000,0
1531164648292,1531164648286,358024,0.00375000,11.10700000,0
1531164651228,1531164651223,358025,0.00374200,0.36900000,1
1531164652500,1531164652495,358026,0.00375000,0.27000000,0
1531164653327,1531164653318,358027,0.00375000,0.27000000,0
1531164654166,1531164654162,358028,0.00375000,0.27000000,0
1531164654319,1531164654316,358029,0.00375000,0.27000000,0
1531164654801,1531164654792,358030,0.00374900,0.16700000,0
1531164687902,1531164687896,358031,0.00374900,5.86400000,0
1531164688053,1531164688051,358032,0.00374600,0.80100000,1
1531164698119,1531164698114,358033,0.00374600,9.19900000,0
1531164698152,1531164698145,358034,0.00374700,20.83000000,1
1531164703373,1531164703372,358035,0.00374900,0.32400000,0
1531164709184,1531164709178,358036,0.00374000,39.29600000,1
1531164718251,1531164718249,358037,0.00374000,5.27900000,0
1531164758625,1531164758623,358038,0.00373900,1.33800000,1
1531164758625,1531164758623,358039,0.00373800,0.27700000,1
1531164763353,1531164763346,358040,0.00373800,0.52600000,1
1531164763353,1531164763346,358041,0.00373500,0.53600000,1
1531164763353,1531164763346,358042,0.00373100,0.80500000,1
1531164763353,1531164763346,358043,0.00372900,1.34100000,1
1531164763383,1531164763377,358044,0.00372900,1.79200000,0
1531164763997,1531164763992,358045,0.00374000,0.27000000,0
1531164765252,1531164765245,358046,0.00374000,1.89800000,0
1531164766846,1531164766841,358047,0.00372700,1.42300000,1
1531164773437,1531164773430,358048,0.00372400,1.81700000,1
1531164773437,1531164773430,358049,0.00372300,7.02000000,1
1531164773487,1531164773482,358050,0.00372300,1.90200000,0
1531164775228,1531164775221,358051,0.00372200,2.73700000,1
1531164775530,1531164775525,358052,0.00372300,0.35600000,0
1531164795882,1531164795876,358053,0.00372400,0.34100000,1
1531164795882,1531164795876,358054,0.00372200,5.54900000,1
1531164800504,1531164800498,358055,0.00373500,1.72300000,0
1531164802506,1531164802470,358056,0.00372300,0.09400000,1
1531164807302,1531164807296,358057,0.00373400,0.34100000,0
1531164807302,1531164807296,358058,0.00373800,0.08500000,0
1531164810635,1531164810630,358059,0.00373800,0.10500000,0
1531164810655,1531164810649,358060,0.00372300,4.50000000,1
1531164812841,1531164812835,358061,0.00373800,0.02600000,0
1531164814731,1531164814726,358062,0.00373800,0.00900000,0
1531164850348,1531164850343,358063,0.00372200,1.59300000,1
1531164864585,1531164864580,358064,0.00372200,2.00000000,1
1531164879931,1531164879929,358065,0.00372200,0.30000000,1
1531164898283,1531164898277,358066,0.00372200,9.75700000,1
1531164898283,1531164898277,358067,0.00372000,7.53900000,1
1531164905064,1531164905059,358068,0.00372200,3.11900000,1
1531164924091,1531164924085,358069,0.00373000,0.27100000,0
1531164946930,1531164946924,358070,0.00372200,3.92900000,1
1531164946930,1531164946924,358071,0.00372000,10.35600000,1
1531164968280,1531164968274,358072,0.00372000,84.25200000,1
1531164970158,1531164970153,358073,0.00371900,4.94800000,0
1531164978474,1531164978467,358074,0.00371800,21.75700000,0
1531164988230,1531164988226,358075,0.00371900,1.87900000,1
1531164999077,1531164999076,358076,0.00371700,1.34700000,1
1531165027897,1531165027890,358077,0.00371600,0.27000000,1
1531165027897,1531165027890,358078,0.00371500,1.51300000,1
1531165027897,1531165027890,358079,0.00371400,1.71100000,1
1531165027897,1531165027890,358080,0.00371300,0.81000000,1
1531165027897,1531165027890,358081,0.00371200,1.48300000,1
1531165027897,1531165027890,358082,0.00371100,0.27000000,1
1531165027897,1531165027890,358083,0.00371000,2.08700000,1
1531165032209,1531165032203,358084,0.00371000,8.64800000,1
1531165038008,1531165038003,358085,0.00371000,28.55400000,1
1531165049688,1531165049682,358086,0.00371000,1.36900000,1
1531165116252,1531165116248,358087,0.00371200,2.62400000,1
1531165126462,1531165126456,358088,0.00371500,0.27200000,0
1531165141853,1531165141848,358089,0.00371200,1.06400000,1
1531165175261,1531165175255,358090,0.00371300,1.05900000,0
1531165176481,1531165176475,358091,0.00371200,1.98600000,1
1531165186399,1531165186393,358092,0.00371000,14.27700000,1
1531165186939,1531165186934,358093,0.00371100,2.10900000,0
1531165203795,1531165203790,358094,0.00371000,46.62300000,1
1531165207186,1531165207181,358095,0.00371000,1.67300000,1
1531165207186,1531165207181,358096,0.00370300,1.59300000,1
1531165207186,1531165207181,358097,0.00370000,0.28000000,1
1531165209830,1531165209824,358098,0.00370100,1.75200000,1
1531165209830,1531165209824,358099,0.00370000,21.24800000,1
1531165216293,1531165216287,358100,0.00370000,58.62200000,1
1531165221315,1531165221312,358101,0.00370000,0.30600000,1
1531165228903,1531165228898,358102,0.00370000,37.09100000,1
1531165253280,1531165253274,358103,0.00369800,0.81200000,1
1531165253280,1531165253274,358104,0.00369600,1.54900000,1
1531165253280,1531165253274,358105,0.00369400,0.97900000,1
1531165259941,1531165259935,358106,0.00369400,0.71100000,1
1531165259941,1531165259935,358107,0.00369300,0.35800000,1
1531165259941,1531165259935,358108,0.00369000,18.93100000,1
1531165273960,1531165273958,358109,0.00369000,7.13900000,1
1531165278793,1531165278789,358110,0.00369000,3.50000000,1
1531165282266,1531165282260,358111,0.00369000,0.36200000,1
1531165294677,1531165294674,358112,0.00369000,1.71000000,1
1531165300943,1531165300938,358113,0.00369000,54.81000000,1
1531165307736,1531165307733,358114,0.00369900,0.68300000,0
1531165315374,1531165315368,358115,0.00369900,1.38700000,0
1531165378393,1531165378388,358116,0.00369100,5.00000000,1
1531165390436,1531165390430,358117,0.00369100,0.45700000,1
1531165393437,1531165393431,358118,0.00369100,1.31900000,1
1531165393746,1531165393741,358119,0.00369100,8.81900000,0
1531165394397,1531165394390,358120,0.00369100,7.96900000,0
1531165395986,1531165395980,358121,0.00369000,13.54800000,1
1531165396955,1531165396949,358122,0.00368900,2.18600000,1
1531165396955,1531165396949,358123,0.00368700,0.54400000,1
1531165396955,1531165396949,358124,0.00368500,1.06400000,1
1531165400594,1531165400589,358125,0.00369000,48.09600000,0
1531165412247,1531165412244,358126,0.00369000,13.74100000,1
1531165416334,1531165416327,358127,0.00369100,27.91900000,0
1531165416334,1531165416327,358128,0.00369500,1.75200000,0
1531165416334,1531165416327,358129,0.00369900,4.14800000,0
1531165416334,1531165416327,358130,0.00370000,3.29700000,0
1531165449233,1531165449227,358131,0.00370000,21.43200000,1
1531165499876,1531165499870,358132,0.00370000,322.72600000,1
1531165519180,1531165519174,358133,0.00369700,1.59300000,0
1531165519558,1531165519552,358134,0.00370000,9.42100000,1
1531165536388,1531165536380,358135,0.00370000,105.98600000,1
1531165536388,1531165536380,358136,0.00369000,138.16300000,1
1531165536388,1531165536380,358137,0.00368500,0.97200000,1
1531165536388,1531165536380,358138,0.00368400,61.78500000,1
1531165536388,1531165536380,358139,0.00368300,0.83100000,1
1531165536388,1531165536380,358140,0.00368200,0.48900000,1
1531165536388,1531165536380,358141,0.00368100,0.27200000,1
1531165536388,1531165536380,358142,0.00368000,104.62700000,1
1531165536403,1531165536399,358143,0.00368000,22.69700000,0
1531165536413,1531165536408,358144,0.00368000,5.66200000,0
1531165536451,1531165536443,358145,0.00368900,8.78600000,1
1531165536451,1531165536443,358146,0.00367900,0.81600000,1
1531165536451,1531165536443,358147,0.00367700,1.16800000,1
1531165536451,1531165536443,358148,0.00367600,0.31900000,1
1531165536451,1531165536443,358149,0.00367500,3.35900000,1
1531165539544,1531165539539,358150,0.00368100,0.00100000,1
1531165539756,1531165539750,358151,0.00368100,1.60100000,1
1531165539756,1531165539750,358152,0.00368000,7.18500000,1
1531165552020,1531165552012,358153,0.00368300,5.39800000,1
1531165552020,1531165552012,358154,0.00368200,1.61900000,1
1531165552020,1531165552012,358155,0.00368100,250.00000000,1
1531165552020,1531165552012,358156,0.00368000,100.81500000,1
1531165562067,1531165562061,358157,0.00367800,5.80100000,0
1531165562067,1531165562061,358158,0.00368000,140.78200000,0
1531165562832,1531165562825,358159,0.00368100,2.90000000,1
1531165576839,1531165576833,358160,0.00369000,0.89600000,0
1531165576852,1531165576845,358161,0.00370000,6.47100000,1
1531165584178,1531165584176,358162,0.00369400,1.59800000,1
1531165587643,1531165587637,358163,0.00368300,21.00000000,1
1531165587643,1531165587637,358164,0.00368200,32.00000000,1
1531165587643,1531165587637,358165,0.00368100,100.51700000,1
1531165587660,1531165587656,358166,0.00368000,4.04900000,0
1531165587676,1531165587671,358167,0.00368000,4.04900000,0
1531165587685,1531165587680,358168,0.00368000,4.04900000,0
1531165589438,1531165589430,358169,0.00367500,0.10700000,1
1531165589438,1531165589430,358170,0.00367400,0.65000000,1
1531165595384,1531165595376,358171,0.00367400,1.12000000,1
1531165595384,1531165595376,358172,0.00367300,0.27300000,1
1531165597198,1531165597194,358173,0.00367000,17.19900000,1
1531165597199,1531165597194,358174,0.00367000,9.18700000,1
1531165606754,1531165606753,358175,0.00367100,5.64100000,1
1531165631544,1531165631537,358176,0.00367300,0.20500000,0
1531165631611,1531165631604,358177,0.00367500,1.84900000,1
1531165631611,1531165631604,358178,0.00367400,0.62000000,1
1531165631611,1531165631604,358179,0.00367100,244.35900000,1
1531165631611,1531165631604,358180,0.00367000,73.61400000,1
1531165650999,1531165650991,358181,0.00366600,6.54300000,1
1531165650999,1531165650991,358182,0.00366400,3.83500000,1
1531165650999,1531165650991,358183,0.00366300,1.01300000,1
1531165650999,1531165650991,358184,0.00366100,0.55800000,1
1531165650999,1531165650991,358185,0.00366000,0.55900000,1
1531165675842,1531165675836,358186,0.00366000,8.64900000,1
1531165711615,1531165711609,358187,0.00366100,3.32500000,1
1531165716395,1531165716388,358188,0.00366100,14.56000000,1
1531165720013,1531165720007,358189,0.00366100,2.28500000,1
1531165720013,1531165720007,358190,0.00366000,71.50000000,1
1531165745266,1531165745260,358191,0.00366000,2.27300000,1
1531165747380,1531165747373,358192,0.00366300,1.84900000,0
1531165811474,1531165811469,358193,0.00366700,1.05900000,0
1531165822625,1531165822619,358194,0.00366700,3.64700000,1
1531165858431,1531165858425,358195,0.00366700,19.87000000,1
1531165885200,1531165885196,358196,0.00367200,0.73400000,0
1531165891564,1531165891557,358197,0.00366700,3.00900000,1
1531165891564,1531165891557,358198,0.00366000,21.50500000,1
1531165891564,1531165891557,358199,0.00365800,0.85400000,1
1531165891564,1531165891557,358200,0.00365700,50.00000000,1
1531165891564,1531165891557,358201,0.00365600,2.31200000,1
1531165891564,1531165891557,358202,0.00365200,1.79500000,1
1531165891564,1531165891557,358203,0.00365100,1.70000000,1
1531165891578,1531165891571,358204,0.00365000,144.87700000,0
1531165891580,1531165891574,358205,0.00365000,144.87700000,0
1531165891586,1531165891582,358206,0.00365000,41.96400000,0
1531165891612,1531165891593,358207,0.00364700,1.23200000,1
1531165891612,1531165891593,358208,0.00364400,0.54300000,1
1531165891612,1531165891593,358209,0.00364300,0.55000000,1
1531165891612,1531165891593,358210,0.00364200,0.82500000,1
1531165891612,1531165891593,358211,0.00364000,102.27800000,1
1531165891612,1531165891593,358212,0.00363900,1.10700000,1
1531165891612,1531165891593,358213,0.00363800,4.32600000,1
1531165891612,1531165891593,358214,0.00363700,3.11400000,1
1531165891612,1531165891593,358215,0.00363600,25.36900000,1
1531165891612,1531165891593,358216,0.00363500,13.58800000,1
1531165891612,1531165891593,358217,0.00363400,0.27600000,1
1531165891612,1531165891593,358218,0.00363300,1.31900000,1
1531165891612,1531165891593,358219,0.00363200,3.34200000,1
1531165891612,1531165891593,358220,0.00363100,1.96500000,1
1531165891612,1531165891593,358221,0.00363000,13.11400000,1
1531165891612,1531165891593,358222,0.00362900,9.42400000,1
1531165891612,1531165891593,358223,0.00362800,4.46900000,1
1531165891614,1531165891606,358224,0.00363600,0.40000000,0
1531165891649,1531165891643,358225,0.00367200,5.57100000,0
1531165892027,1531165892021,358226,0.00365900,1.63600000,1
1531165892040,1531165892034,358227,0.00365900,0.41200000,1
1531165892059,1531165892054,358228,0.00365900,1.63700000,1
1531165892230,1531165892225,358229,0.00365900,1.16700000,1
1531165892489,1531165892484,358230,0.00365900,4.12000000,1
1531165892505,1531165892504,358231,0.00365900,4.67600000,1
1531165892567,1531165892535,358232,0.00365900,1.15500000,1
1531165892587,1531165892581,358233,0.00365900,0.90500000,1
1531165892682,1531165892677,358234,0.00365900,1.12700000,1
1531165892691,1531165892688,358235,0.00365900,1.37400000,1
1531165892700,1531165892696,358236,0.00365900,1.23700000,1
1531165892717,1531165892711,358237,0.00365900,1.22500000,1
1531165892943,1531165892942,358238,0.00365000,0.29900000,0
