event_time,trade_time,trade_id,price,quantity,maker
1531160319329,1531160319324,3142702,0.00450700,0.23000000,0
1531160389312,1531160389308,3142703,0.00450700,3.73000000,0
1531160395449,1531160395445,3142704,0.00450700,2.24000000,0
1531160432010,1531160432005,3142705,0.00450700,27.38000000,0
1531160444528,1531160444526,3142706,0.00450900,2.23000000,0
1531160444547,1531160444544,3142707,0.00450900,2.21000000,0
1531160444552,1531160444549,3142708,0.00450900,8.51000000,0
1531160444581,1531160444577,3142709,0.00450900,1.49000000,0
1531160444603,1531160444600,3142710,0.00450900,4.63000000,0
1531160444603,1531160444601,3142711,0.00450900,5.00000000,0
1531160444610,1531160444610,3142712,0.00450100,0.36000000,1
1531160447693,1531160447688,3142713,0.00450000,0.31000000,1
1531160447693,1531160447688,3142714,0.00449700,0.05000000,1
1531160450568,1531160450565,3142715,0.00450900,2.21000000,0
1531160522065,1531160522062,3142716,0.00450800,5.82000000,0
1531160522081,1531160522081,3142717,0.00450800,5.82000000,0
1531160522101,1531160522098,3142718,0.00450800,1.66000000,0
1531160522168,1531160522165,3142719,0.00449900,1.97000000,1
1531160664744,1531160664740,3142720,0.00450800,0.23000000,0
1531160700277,1531160700272,3142721,0.00449900,0.28000000,1
1531160700277,1531160700272,3142722,0.00449800,2.22000000,1
1531160700277,1531160700272,3142723,0.00449700,0.49000000,1
1531160774097,1531160774093,3142724,0.00450800,11.17000000,0
1531160774097,1531160774093,3142725,0.00450900,35.13000000,0
1531160821621,1531160821616,3142726,0.00450900,2.21000000,0
1531160916785,1531160916782,3142727,0.00450000,1.84000000,1
1531160986141,1531160986137,3142728,0.00450900,18.07000000,0
1531161006793,1531161006786,3142729,0.00450900,15.76000000,0
1531161006793,1531161006786,3142730,0.00451000,5.04000000,0
1531161006793,1531161006786,3142731,0.00451200,1.84000000,0
1531161006793,1531161006786,3142732,0.00451300,1.00000000,0
1531161006793,1531161006786,3142733,0.00452000,0.33000000,0
1531161006793,1531161006786,3142734,0.00452200,0.23000000,0
1531161006793,1531161006786,3142735,0.00452400,0.33000000,0
1531161006793,1531161006786,3142736,0.00452500,1.58000000,0
1531161006793,1531161006786,3142737,0.00452600,24.70000000,0
1531161006793,1531161006786,3142738,0.00453000,0.30000000,0
1531161006793,1531161006786,3142739,0.00453300,0.46000000,0
1531161006793,1531161006786,3142740,0.00453400,0.69000000,0
1531161006793,1531161006786,3142741,0.00453600,7.54000000,0
1531161006809,1531161006808,3142742,0.00453600,25.46000000,0
1531161006811,1531161006809,3142743,0.00453700,0.83000000,0
1531161006822,1531161006819,3142744,0.00453700,0.17000000,0
1531161006822,1531161006819,3142745,0.00453900,3.56000000,0
1531161006827,1531161006824,3142746,0.00450300,18.14000000,1
1531161006832,1531161006827,3142747,0.00453900,0.11000000,0
1531161006832,1531161006827,3142748,0.00454000,0.46000000,0
1531161006832,1531161006827,3142749,0.00454400,0.90000000,0
1531161006832,1531161006827,3142750,0.00454600,1.32000000,0
1531161006832,1531161006827,3142751,0.00455100,0.33000000,0
1531161006832,1531161006827,3142752,0.00455200,1.03000000,0
1531161006832,1531161006827,3142753,0.00455300,0.23000000,0
1531161006832,1531161006827,3142754,0.00455400,26.14000000,0
1531161006832,1531161006827,3142755,0.00455500,1.38000000,0
1531161006832,1531161006827,3142756,0.00455700,1.26000000,0
1531161006832,1531161006827,3142757,0.00456000,6.73000000,0
1531161006832,1531161006827,3142758,0.00456300,11.97000000,0
1531161006832,1531161006827,3142759,0.00456500,0.33000000,0
1531161006832,1531161006827,3142760,0.00456700,0.07000000,0
1531161006885,1531161006882,3142761,0.00450900,4.07000000,1
1531161007374,1531161007370,3142762,0.00452500,1.31000000,1
1531161007380,1531161007380,3142763,0.00452500,0.47000000,1
1531161007603,1531161007597,3142764,0.00452500,8.96000000,1
1531161008396,1531161008392,3142765,0.00452300,4.40000000,1
1531161013972,1531161013968,3142766,0.00452500,10.46000000,0
1531161018150,1531161018147,3142767,0.00452500,21.94000000,0
1531161031182,1531161031178,3142768,0.00452600,0.32000000,1
1531161052069,1531161052066,3142769,0.00452600,0.31000000,1
1531161065617,1531161065593,3142770,0.00452600,1.40000000,1
1531161073193,1531161073190,3142771,0.00452800,0.10000000,1
1531161077073,1531161077069,3142772,0.00452800,0.10000000,1
1531161156559,1531161156555,3142773,0.00452800,2.50000000,1
1531161211332,1531161211329,3142774,0.00452800,1.00000000,1
1531161325290,1531161325286,3142775,0.00453600,0.10000000,0
1531161330606,1531161330603,3142776,0.00453600,0.10000000,0
1531161335858,1531161335855,3142777,0.00453600,0.10000000,0
1531161339836,1531161339831,3142778,0.00453600,0.10000000,0
1531161343619,1531161343615,3142779,0.00453600,0.10000000,0
1531161343704,1531161343698,3142780,0.00453600,0.13000000,0
1531161343704,1531161343698,3142781,0.00454000,1.85000000,0
1531161347900,1531161347898,3142782,0.00454000,0.10000000,0
1531161352164,1531161352160,3142783,0.00454000,0.10000000,0
1531161355876,1531161355873,3142784,0.00454000,0.10000000,0
1531161359745,1531161359742,3142785,0.00454000,0.10000000,0
1531161361745,1531161361740,3142786,0.00454000,0.04000000,0
1531161377376,1531161377371,3142787,0.00454300,8.12000000,0
1531161377376,1531161377371,3142788,0.00454600,3.54000000,0
1531161380198,1531161380195,3142789,0.00454300,1.01000000,1
1531161380466,1531161380462,3142790,0.00454300,0.58000000,1
1531161380610,1531161380606,3142791,0.00454300,1.01000000,1
1531161389260,1531161389256,3142792,0.00454600,3.48000000,0
1531161394971,1531161394969,3142793,0.00455100,0.23000000,0
1531161397244,1531161397240,3142794,0.00455200,0.87000000,1
1531161406255,1531161406250,3142795,0.00455200,4.38000000,1
1531161408566,1531161408561,3142796,0.00455200,3.86000000,1
1531161418323,1531161418318,3142797,0.00455200,0.22000000,1
1531161439714,1531161439710,3142798,0.00455300,0.22000000,0
1531161439714,1531161439710,3142799,0.00456100,0.01000000,0
1531161440070,1531161440068,3142800,0.00456100,0.23000000,0
1531161460870,1531161460865,3142801,0.00456100,0.23000000,0
1531161465195,1531161465193,3142802,0.00455400,5.34000000,1
1531161466289,1531161466285,3142803,0.00455600,2.66000000,1
1531161488184,1531161488180,3142804,0.00456100,1.75000000,0
1531161488184,1531161488180,3142805,0.00456200,0.44000000,0
1531161491921,1531161491917,3142806,0.00456200,0.55000000,0
1531161520932,1531161520929,3142807,0.00456200,0.23000000,0
1531161582276,1531161582272,3142808,0.00456200,0.23000000,0
1531161594199,1531161594194,3142809,0.00454400,1.76000000,1
1531161604877,1531161604872,3142810,0.00455900,0.10000000,0
1531161605268,1531161605264,3142811,0.00455900,1.34000000,0
1531161606431,1531161606425,3142812,0.00455900,1.54000000,1
1531161609374,1531161609368,3142813,0.00456000,2.27000000,0
1531161617289,1531161617283,3142814,0.00456100,1.82000000,0
1531161620591,1531161620585,3142815,0.00456200,0.10000000,0
1531161621639,1531161621633,3142816,0.00456200,6.00000000,0
1531161623370,1531161623365,3142817,0.00456200,6.00000000,0
1531161679676,1531161679671,3142818,0.00456200,0.23000000,0
1531161699295,1531161699290,3142819,0.00454500,0.37000000,1
1531161955816,1531161955810,3142820,0.00456100,0.61000000,0
1531161955816,1531161955810,3142821,0.00456200,1.58000000,0
1531162003606,1531162003602,3142822,0.00454900,1.39000000,1
1531162005701,1531162005696,3142823,0.00454900,0.23000000,0
1531162006240,1531162006235,3142824,0.00454900,1.39000000,0
1531162013692,1531162013687,3142825,0.00453800,0.33000000,1
1531162013692,1531162013687,3142826,0.00453700,1.50000000,1
1531162072690,1531162072687,3142827,0.00454100,0.51000000,1
1531162082806,1531162082801,3142828,0.00454100,1.00000000,1
1531162120098,1531162120093,3142829,0.00454100,0.78000000,1
1531162135523,1531162135519,3142830,0.00454100,0.22000000,0
1531162242784,1531162242778,3142831,0.00454900,2.19000000,0
1531162349879,1531162349876,3142832,0.00454900,5.01000000,0
1531162471051,1531162471045,3142833,0.00454100,11.11000000,1
1531162471076,1531162471071,3142834,0.00454100,5.79000000,1
1531162471689,1531162471684,3142835,0.00454100,6.00000000,1
1531162473452,1531162473447,3142836,0.00454100,6.00000000,1
1531162473985,1531162473980,3142837,0.00454100,5.30000000,1
1531162541875,1531162541870,3142838,0.00454900,0.61000000,0
1531162541875,1531162541870,3142839,0.00455300,1.63000000,0
1531162541875,1531162541870,3142840,0.00456400,0.23000000,0
1531162541875,1531162541870,3142841,0.00456500,0.56000000,0
1531162541875,1531162541870,3142842,0.00456600,0.97000000,0
1531162553502,1531162553497,3142843,0.00456500,0.23000000,0
1531162554619,1531162554613,3142844,0.00456500,2.06000000,0
1531162572815,1531162572810,3142845,0.00456400,0.23000000,0
1531162592991,1531162592988,3142846,0.00454900,0.22000000,1
1531162733220,1531162733214,3142847,0.00455500,0.23000000,0
1531162733491,1531162733486,3142848,0.00455500,0.23000000,0
1531162894768,1531162894762,3142849,0.00455500,3.54000000,0
1531162894797,1531162894794,3142850,0.00455600,4.76000000,1
1531162895256,1531162895253,3142851,0.00455600,3.02000000,1
1531162959212,1531162959208,3142852,0.00454700,0.58000000,1
1531163012839,1531163012833,3142853,0.00454100,3.06000000,1
1531163017957,1531163017952,3142854,0.00454100,2.48000000,1
1531163030114,1531163030110,3142855,0.00454100,0.54000000,1
1531163032572,1531163032568,3142856,0.00454100,1.03000000,1
1531163032572,1531163032568,3142857,0.00453800,0.33000000,1
1531163032572,1531163032568,3142858,0.00453700,0.64000000,1
1531163079398,1531163079393,3142859,0.00454600,2.20000000,0
1531163085928,1531163085921,3142860,0.00453500,0.23000000,1
1531163085928,1531163085921,3142861,0.00453400,0.23000000,1
1531163085928,1531163085921,3142862,0.00453300,0.23000000,1
1531163085928,1531163085921,3142863,0.00452900,1.26000000,1
1531163151090,1531163151085,3142864,0.00452800,3.48000000,1
1531163152128,1531163152125,3142865,0.00452800,1.26000000,0
1531163154032,1531163154027,3142866,0.00452700,0.23000000,1
1531163161188,1531163161183,3142867,0.00452700,0.22000000,0
1531163163734,1531163163729,3142868,0.00452500,0.47000000,1
1531163199435,1531163199429,3142869,0.00452500,0.09000000,1
1531163199435,1531163199429,3142870,0.00452200,1.52000000,1
1531163214143,1531163214137,3142871,0.00452500,2.37000000,0
1531163219300,1531163219295,3142872,0.00452500,2.37000000,1
1531163219300,1531163219295,3142873,0.00452200,9.54000000,1
1531163220370,1531163220364,3142874,0.00452200,3.07000000,0
1531163257305,1531163257298,3142875,0.00452000,0.46000000,1
1531163257305,1531163257298,3142876,0.00451800,2.88000000,1
1531163257305,1531163257298,3142877,0.00451700,0.02000000,1
1531163257499,1531163257493,3142878,0.00451700,0.88000000,1
1531163257499,1531163257493,3142879,0.00451500,0.23000000,1
1531163257499,1531163257493,3142880,0.00451100,0.33000000,1
1531163257499,1531163257493,3142881,0.00450900,0.76000000,1
1531163260613,1531163260610,3142882,0.00451100,2.96000000,0
1531163280037,1531163280032,3142883,0.00451100,3.09000000,0
1531163337404,1531163337398,3142884,0.00450900,2.22000000,1
1531163339015,1531163339012,3142885,0.00451000,0.22000000,0
1531163342731,1531163342727,3142886,0.00451000,0.22000000,0
1531163442884,1531163442878,3142887,0.00451000,0.68000000,0
1531163442884,1531163442878,3142888,0.00451100,8.82000000,0
1531163445494,1531163445491,3142889,0.00451100,0.30000000,0
1531163447094,1531163447088,3142890,0.00451100,2.21000000,0
1531163506497,1531163506491,3142891,0.00451100,7.62000000,0
1531163512892,1531163512886,3142892,0.00451200,15.12000000,1
1531163578577,1531163578571,3142893,0.00451700,1.31000000,0
1531163578577,1531163578571,3142894,0.00452200,2.02000000,0
1531163596820,1531163596813,3142895,0.00451100,1.76000000,1
1531163636637,1531163636630,3142896,0.00451100,1.69000000,1
1531163687034,1531163687031,3142897,0.00451300,16.38000000,0
1531163691067,1531163691063,3142898,0.00451300,1.12000000,1
1531163694741,1531163694733,3142899,0.00451300,0.10000000,1
1531163695786,1531163695783,3142900,0.00451300,6.00000000,1
1531163698487,1531163698481,3142901,0.00451300,6.00000000,1
1531163698993,1531163698987,3142902,0.00451300,0.10000000,1
1531163702549,1531163702545,3142903,0.00451300,0.10000000,1
1531163704915,1531163704910,3142904,0.00451300,0.60000000,1
1531163706174,1531163706168,3142905,0.00451300,6.00000000,1
1531163706353,1531163706348,3142906,0.00451300,0.10000000,1
1531163710179,1531163710173,3142907,0.00451300,0.10000000,1
1531163714841,1531163714837,3142908,0.00451300,0.10000000,1
1531163715796,1531163715791,3142909,0.00451300,6.00000000,1
1531163720065,1531163720063,3142910,0.00451300,0.10000000,1
1531163720491,1531163720486,3142911,0.00451300,6.00000000,1
1531163723883,1531163723878,3142912,0.00451300,0.10000000,1
1531163724174,1531163724171,3142913,0.00452500,2.20000000,0
1531163724262,1531163724257,3142914,0.00451300,6.00000000,1
1531163727401,1531163727394,3142915,0.00451300,0.10000000,1
1531163731154,1531163731151,3142916,0.00451300,0.10000000,1
1531163733285,1531163733281,3142917,0.00451300,6.00000000,1
1531163735845,1531163735839,3142918,0.00451300,0.10000000,1
1531163738407,1531163738402,3142919,0.00451300,10.24000000,1
1531163739174,1531163739168,3142920,0.00451300,0.10000000,1
1531163741612,1531163741606,3142921,0.00451300,6.00000000,1
1531163742696,1531163742692,3142922,0.00451300,6.62000000,1
1531163743643,1531163743638,3142923,0.00451300,0.10000000,1
1531163743908,1531163743902,3142924,0.00451300,2.21000000,1
1531163744988,1531163744985,3142925,0.00451300,2.17000000,1
1531163746163,1531163746158,3142926,0.00451300,0.64000000,1
1531163747430,1531163747426,3142927,0.00451300,0.10000000,1
1531163748614,1531163748609,3142928,0.00451300,1.10000000,1
1531163766555,1531163766553,3142929,0.00451100,0.42000000,1
1531163811440,1531163811436,3142930,0.00451300,0.10000000,0
1531163811440,1531163811436,3142931,0.00451800,0.30000000,0
1531163811440,1531163811436,3142932,0.00451900,3.60000000,0
1531163819121,1531163819115,3142933,0.00451200,0.61000000,1
1531163820875,1531163820870,3142934,0.00451200,0.40000000,1
1531163821778,1531163821772,3142935,0.00451200,0.40000000,1
1531163822530,1531163822526,3142936,0.00451200,0.26000000,1
1531163863007,1531163862999,3142937,0.00451200,0.10000000,1
1531163863007,1531163862999,3142938,0.00451100,1.06000000,1
1531163863203,1531163863199,3142939,0.00451100,1.16000000,1
1531163864087,1531163864081,3142940,0.00451100,0.76000000,1
1531163864951,1531163864946,3142941,0.00451100,0.26000000,1
1531163875261,1531163875254,3142942,0.00450900,0.51000000,1
1531163926842,1531163926838,3142943,0.00450900,0.02000000,1
1531163926842,1531163926838,3142944,0.00450700,0.31000000,1
1531163940089,1531163940083,3142945,0.00450700,12.26000000,1
1531163941440,1531163941435,3142946,0.00450700,6.89000000,1
1531163953428,1531163953421,3142947,0.00450800,17.69000000,1
1531163962944,1531163962938,3142948,0.00451100,0.09000000,0
1531163962944,1531163962938,3142949,0.00451900,1.84000000,0
1531163963436,1531163963432,3142950,0.00451900,19.73000000,1
1531163963878,1531163963873,3142951,0.00451900,1.07000000,1
1531163985540,1531163985534,3142952,0.00451900,54.84000000,1
1531164036816,1531164036810,3142953,0.00451900,4.43000000,1
1531164036816,1531164036810,3142954,0.00451000,1.85000000,1
1531164036816,1531164036810,3142955,0.00450700,0.47000000,1
1531164107585,1531164107580,3142956,0.00450800,0.38000000,1
1531164131599,1531164131593,3142957,0.00450800,4.00000000,1
1531164369674,1531164369669,3142958,0.00451000,3.47000000,1
1531164370593,1531164370587,3142959,0.00451000,6.53000000,1
1531164376792,1531164376787,3142960,0.00450700,3.70000000,1
1531164460641,1531164460636,3142961,0.00451400,1.55000000,0
1531164460641,1531164460636,3142962,0.00452200,0.66000000,0
1531164461678,1531164461673,3142963,0.00452200,1.18000000,0
1531164521330,1531164521324,3142964,0.00452400,0.01000000,0
1531164534704,1531164534698,3142965,0.00452200,1.54000000,1
1531164540366,1531164540362,3142966,0.00452400,0.20000000,0
1531164552489,1531164552486,3142967,0.00452400,0.12000000,0
1531164552489,1531164552486,3142968,0.00452900,1.57000000,0
1531164552489,1531164552486,3142969,0.00453200,0.52000000,0
1531164631891,1531164631888,3142970,0.00451500,28.66000000,1
1531164631891,1531164631888,3142971,0.00451400,1.84000000,1
1531164631891,1531164631888,3142972,0.00451100,0.33000000,1
1531164631891,1531164631888,3142973,0.00450900,74.18000000,1
1531164631891,1531164631888,3142974,0.00450800,2.21000000,1
1531164631891,1531164631888,3142975,0.00450700,196.28000000,1
1531164736801,1531164736796,3142976,0.00450700,0.18000000,1
1531164740524,1531164740520,3142977,0.00452200,1.85000000,0
1531164744273,1531164744267,3142978,0.00452200,1.50000000,0
1531164824487,1531164824485,3142979,0.00450800,1.40000000,1
1531164824487,1531164824485,3142980,0.00450700,51.83000000,1
1531164855894,1531164855887,3142981,0.00451500,0.22000000,0
1531165033398,1531165033391,3142982,0.00450000,1.18000000,0
1531165034530,1531165034526,3142983,0.00449900,0.50000000,1
1531165068858,1531165068853,3142984,0.00450400,0.22000000,0
1531165105273,1531165105266,3142985,0.00451000,0.50000000,0
1531165105273,1531165105266,3142986,0.00451100,1.71000000,0
1531165195970,1531165195964,3142987,0.00450600,0.50000000,0
1531165195970,1531165195964,3142988,0.00450700,1.71000000,0
1531165255950,1531165255945,3142989,0.00449900,0.31000000,1
1531165255950,1531165255945,3142990,0.00449800,0.12000000,1
1531165280789,1531165280783,3142991,0.00449800,0.21000000,1
1531165280789,1531165280783,3142992,0.00449300,1.85000000,1
1531165280811,1531165280808,3142993,0.00449000,0.23000000,1
1531165280811,1531165280808,3142994,0.00448800,1.09000000,1
1531165280814,1531165280811,3142995,0.00448800,0.22000000,1
1531165280819,1531165280812,3142996,0.00448800,0.21000000,1
1531165281188,1531165281185,3142997,0.00448800,7.44000000,1
1531165383629,1531165383623,3142998,0.00449400,0.41000000,1
1531165547732,1531165547726,3142999,0.00450400,0.23000000,0
1531165724780,1531165724775,3143000,0.00450700,0.50000000,0
1531165724780,1531165724775,3143001,0.00450800,0.51000000,0
1531165745359,1531165745352,3143002,0.00449400,0.11000000,1
1531165745359,1531165745352,3143003,0.00448800,0.19000000,1
1531165745571,1531165745566,3143004,0.00448800,0.30000000,1
1531165782486,1531165782481,3143005,0.00448900,1.46000000,1
1531165782486,1531165782481,3143006,0.00448800,2.42000000,1
1531165782486,1531165782481,3143007,0.00448600,0.23000000,1
1531165782486,1531165782481,3143008,0.00448500,0.23000000,1
1531165783166,1531165783162,3143009,0.00448300,0.60000000,1
1531165783505,1531165783499,3143010,0.00448300,0.60000000,1
1531165791469,1531165791463,3143011,0.00448300,0.66000000,1
1531165815745,1531165815739,3143012,0.00448100,6.15000000,0
1531165824873,1531165824867,3143013,0.00448000,1.45000000,0
1531165832929,1531165832923,3143014,0.00447700,0.01000000,1
1531165844819,1531165844812,3143015,0.00447700,0.22000000,1
1531165848761,1531165848755,3143016,0.00447700,0.01000000,0
1531165848761,1531165848755,3143017,0.00448100,0.32000000,0
1531165852242,1531165852234,3143018,0.00447600,0.46000000,1
1531165852242,1531165852234,3143019,0.00447500,0.23000000,1
1531165852242,1531165852234,3143020,0.00447400,0.57000000,1
1531165852242,1531165852234,3143021,0.00447300,0.23000000,1
1531165852242,1531165852234,3143022,0.00447200,0.31000000,1
1531165852242,1531165852234,3143023,0.00447100,0.49000000,1
1531165927708,1531165927702,3143024,0.00447100,0.75000000,1
1531165929912,1531165929907,3143025,0.00448100,0.86000000,0
1531165941439,1531165941433,3143026,0.00448100,0.36000000,0
1531165979901,1531165979896,3143027,0.00447100,1.36000000,1
1531165979901,1531165979896,3143028,0.00446500,2.28000000,1
1531166029751,1531166029745,3143029,0.00446600,16.73000000,1
1531166034550,1531166034544,3143030,0.00448000,1.11000000,0
1531166116250,1531166116245,3143031,0.00447800,0.36000000,0
1531166116250,1531166116245,3143032,0.00447900,1.87000000,0
1531166182667,1531166182661,3143033,0.00448200,1.72000000,0
1531166212389,1531166212383,3143034,0.00448200,2.23000000,0
1531166258314,1531166258309,3143035,0.00448200,38.06000000,0
1531166281958,1531166281952,3143036,0.00447100,1.12000000,1
1531166297347,1531166297341,3143037,0.00447100,0.72000000,0
1531166374224,1531166374219,3143038,0.00447100,0.69000000,0
1531166386948,1531166386947,3143039,0.00447100,0.35000000,1
1531166409542,1531166409536,3143040,0.00447100,0.20000000,1
1531166472044,1531166472039,3143041,0.00448000,0.52000000,0
1531166479611,1531166479608,3143042,0.00448300,21.61000000,0
1531166486612,1531166486610,3143043,0.00448800,1.39000000,0
1531166486612,1531166486610,3143044,0.00449000,0.50000000,0
1531166486612,1531166486610,3143045,0.00449100,0.33000000,0
1531166503853,1531166503846,3143046,0.00449100,1.82000000,0
1531166503853,1531166503846,3143047,0.00449700,53.76000000,0
1531166584716,1531166584710,3143048,0.00448200,0.14000000,1
1531166584716,1531166584710,3143049,0.00448100,0.53000000,1
1531166666183,1531166666176,3143050,0.00448200,0.50000000,1
1531166666183,1531166666176,3143051,0.00448100,1.33000000,1
1531166705823,1531166705815,3143052,0.00447500,9.25000000,1
1531166705823,1531166705815,3143053,0.00446900,1.86000000,1
1531166705823,1531166705815,3143054,0.00446700,0.45000000,1
1531166705823,1531166705815,3143055,0.00446400,2.25000000,1
1531166705823,1531166705815,3143056,0.00446000,1.35000000,1
1531166705823,1531166705815,3143057,0.00445900,0.69000000,1
1531166705823,1531166705815,3143058,0.00445800,2.48000000,1
1531166710449,1531166710443,3143059,0.00446100,1.65000000,1
1531166710449,1531166710443,3143060,0.00446000,6.71000000,1
1531166712887,1531166712879,3143061,0.00445700,28.66000000,1
1531166715928,1531166715919,3143062,0.00445600,0.23000000,1
1531166715928,1531166715919,3143063,0.00445400,46.01000000,1
1531166715928,1531166715919,3143064,0.00445100,0.36000000,1
1531166715928,1531166715919,3143065,0.00445000,2.78000000,1
1531166715928,1531166715919,3143066,0.00444900,6.70000000,1
1531166717438,1531166717431,3143067,0.00444700,0.22000000,1
1531166719340,1531166719333,3143068,0.00444700,40.22000000,1
1531166719340,1531166719333,3143069,0.00444600,6.67000000,1
1531166720008,1531166720003,3143070,0.00444800,1.34000000,1
1531166722100,1531166722100,3143071,0.00444500,6.96000000,1
1531166725284,1531166725274,3143072,0.00444500,0.50000000,1
1531166725284,1531166725274,3143073,0.00444400,1.00000000,1
1531166725284,1531166725274,3143074,0.00444000,10.13000000,1
1531166725284,1531166725274,3143075,0.00443900,0.86000000,1
1531166725284,1531166725274,3143076,0.00443800,4.02000000,1
1531166725284,1531166725274,3143077,0.00443700,4.00000000,1
1531166725284,1531166725274,3143078,0.00443600,0.23000000,1
1531166725284,1531166725274,3143079,0.00443500,2.68000000,1
1531166726103,1531166726099,3143080,0.00445900,0.50000000,0
1531166726601,1531166726598,3143081,0.00445900,0.05000000,0
1531166727986,1531166727981,3143082,0.00443600,4.03000000,1
1531166736687,1531166736683,3143083,0.00444000,0.98000000,1
1531166736687,1531166736683,3143084,0.00443700,0.50000000,1
1531166736687,1531166736683,3143085,0.00443600,0.30000000,1
1531166736687,1531166736683,3143086,0.00443500,0.40000000,1
1531166747973,1531166747967,3143087,0.00445200,0.50000000,0
1531166747973,1531166747967,3143088,0.00445500,0.85000000,0
1531166749674,1531166749668,3143089,0.00445500,0.90000000,0
1531166750249,1531166750244,3143090,0.00445500,0.12000000,0
1531166762959,1531166762954,3143091,0.00445500,0.23000000,1
1531166763331,1531166763325,3143092,0.00445500,0.55000000,1
1531166795532,1531166795526,3143093,0.00445500,0.53000000,0
1531166814973,1531166814967,3143094,0.00445900,0.79000000,0
1531166814973,1531166814967,3143095,0.00446600,3.17000000,0
1531166815643,1531166815641,3143096,0.00445500,0.37000000,1
1531166820364,1531166820358,3143097,0.00444500,2.31000000,0
1531166820516,1531166820515,3143098,0.00445000,1.33000000,1
1531166820516,1531166820515,3143099,0.00444400,0.01000000,1
1531166820654,1531166820647,3143100,0.00444400,0.32000000,1
1531166821285,1531166821278,3143101,0.00444400,1.00000000,0
1531166827729,1531166827723,3143102,0.00444700,1.31000000,1
1531166828217,1531166828212,3143103,0.00444400,0.03000000,0
1531166831345,1531166831339,3143104,0.00444900,1.31000000,1
1531166843332,1531166843325,3143105,0.00444900,0.03000000,0
1531166929071,1531166929062,3143106,0.00445800,1.87000000,0
1531166929071,1531166929062,3143107,0.00446600,0.01000000,0
1531166929071,1531166929062,3143108,0.00447400,23.37000000,0
1531166929071,1531166929062,3143109,0.00447500,1.00000000,0
1531166929071,1531166929062,3143110,0.00447700,6.67000000,0
1531166929071,1531166929062,3143111,0.00447900,1.34000000,0
1531166929071,1531166929062,3143112,0.00448000,6.70000000,0
1531166929071,1531166929062,3143113,0.00448100,10.73000000,0
1531166929544,1531166929539,3143114,0.00448100,1.20000000,1
1531166929557,1531166929551,3143115,0.00448100,27.36000000,1
1531166956371,1531166956364,3143116,0.00448100,0.33000000,0
1531167039615,1531167039608,3143117,0.00448100,2.23000000,0
1531167128861,1531167128855,3143118,0.00446200,1.47000000,1
1531167128861,1531167128855,3143119,0.00445800,0.90000000,1
1531167128861,1531167128855,3143120,0.00445400,13.29000000,1
1531167180243,1531167180237,3143121,0.00445700,0.01000000,1
1531167419209,1531167419201,3143122,0.00447400,0.23000000,0
1531167519453,1531167519447,3143123,0.00445700,1.00000000,1
1531167599206,1531167599202,3143124,0.00445700,1.29000000,1
1531167618564,1531167618558,3143125,0.00447200,100.20000000,0
1531167618564,1531167618558,3143126,0.00447400,88.80000000,0
1531167967475,1531167967470,3143127,0.00446700,20.44000000,1
1531168051661,1531168051656,3143128,0.00447500,2.23000000,0
1531168082820,1531168082814,3143129,0.00446500,0.27000000,1
1531168231633,1531168231633,3143130,0.00448000,0.89000000,0
1531168233441,1531168233435,3143131,0.00448000,0.89000000,0
1531168272208,1531168272202,3143132,0.00446600,1.00000000,1
1531168323364,1531168323357,3143133,0.00447900,0.89000000,0
1531168325190,1531168325190,3143134,0.00447900,0.89000000,0
1531168325294,1531168325291,3143135,0.00447900,0.89000000,0
1531168540597,1531168540592,3143136,0.00447900,3.86000000,0
1531168549179,1531168549174,3143137,0.00447900,0.01000000,0
1531168549179,1531168549174,3143138,0.00448000,8.79000000,0
1531168549194,1531168549188,3143139,0.00448000,2.23000000,0
1531168818686,1531168818680,3143140,0.00448100,2.00000000,0
1531169024302,1531169024295,3143141,0.00446900,23.51000000,1
1531169024302,1531169024295,3143142,0.00445700,0.33000000,1
1531169024302,1531169024295,3143143,0.00445300,26.60000000,1
1531169024302,1531169024295,3143144,0.00445200,0.50000000,1
1531169024302,1531169024295,3143145,0.00445000,1.33000000,1
1531169024302,1531169024295,3143146,0.00444900,6.73000000,1
1531169024302,1531169024295,3143147,0.00444800,0.30000000,1
1531169024302,1531169024295,3143148,0.00444600,2.23000000,1
1531169024302,1531169024295,3143149,0.00444500,18.17000000,1
1531169024325,1531169024322,3143150,0.00446000,9.61000000,0
1531169033592,1531169033589,3143151,0.00445700,0.30000000,1
1531169129667,1531169129663,3143152,0.00445700,20.68000000,1
1531169148271,1531169148266,3143153,0.00446800,2.23000000,0
1531169158527,1531169158522,3143154,0.00446800,22.07000000,0
1531169327785,1531169327779,3143155,0.00446400,0.44000000,0
1531169489941,1531169489826,3143156,0.00445100,3.50000000,1
1531169664871,1531169664865,3143157,0.00444600,0.50000000,1
1531169849108,1531169849101,3143158,0.00445900,0.50000000,0
1531169849108,1531169849101,3143159,0.00446400,1.00000000,0
1531169869703,1531169869697,3143160,0.00446200,3.50000000,0
1531169869703,1531169869697,3143161,0.00446400,1.51000000,0
1531170029858,1531170029853,3143162,0.00446400,0.08000000,0
1531170051020,1531170051014,3143163,0.00446800,0.68000000,0
1531170064357,1531170064352,3143164,0.00446800,1.11000000,0
1531170064357,1531170064352,3143165,0.00447100,1.12000000,0
1531170169945,1531170169938,3143166,0.00447100,1.00000000,1
1531170169956,1531170169951,3143167,0.00444600,1.00000000,1
1531170214656,1531170214650,3143168,0.00444800,21.80000000,1
1531170289540,1531170289536,3143169,0.00444600,0.03000000,1
1531170291223,1531170291218,3143170,0.00444600,0.97000000,1
1531170291245,1531170291241,3143171,0.00444500,1.66000000,1
1531170291251,1531170291246,3143172,0.00444500,0.13000000,1
1531170291251,1531170291246,3143173,0.00444400,0.33000000,1
1531170291759,1531170291751,3143174,0.00443700,0.23000000,1
1531170291759,1531170291751,3143175,0.00443200,0.46000000,1
1531170291759,1531170291751,3143176,0.00443100,0.23000000,1
1531170291759,1531170291751,3143177,0.00443000,1.85000000,1
1531170291791,1531170291785,3143178,0.00443000,1.76000000,1
1531170299536,1531170299530,3143179,0.00444200,0.52000000,0
1531170304036,1531170304029,3143180,0.00444200,0.90000000,0
1531170305090,1531170305086,3143181,0.00444200,0.09000000,0
1531170305129,1531170305125,3143182,0.00444200,0.81000000,1
1531170305876,1531170305871,3143183,0.00445100,0.90000000,0
1531170306843,1531170306838,3143184,0.00445100,0.89000000,0
1531170306849,1531170306847,3143185,0.00445100,0.01000000,1
1531170314564,1531170314557,3143186,0.00444000,1.80000000,1
1531170317393,1531170317391,3143187,0.00446200,1.12000000,0
1531170322996,1531170322990,3143188,0.00444200,0.40000000,1
1531170322997,1531170322995,3143189,0.00444200,2.60000000,1
1531170322997,1531170322995,3143190,0.00443600,0.40000000,1
1531170356139,1531170356136,3143191,0.00443700,0.23000000,1
1531170395607,1531170395600,3143192,0.00444200,0.23000000,0
1531170396505,1531170396499,3143193,0.00444200,0.67000000,1
1531170411718,1531170411716,3143194,0.00444300,0.22000000,0
1531170429357,1531170429355,3143195,0.00443500,0.18000000,1
1531170441573,1531170441566,3143196,0.00444300,4.03000000,0
1531170442846,1531170442842,3143197,0.00444300,2.25000000,0
1531170443244,1531170443238,3143198,0.00444300,0.01000000,0
1531170443264,1531170443261,3143199,0.00444300,1.43000000,1
1531170443278,1531170443274,3143200,0.00443500,1.43000000,1
1531170464232,1531170464228,3143201,0.00443500,8.27000000,1
1531170465119,1531170465114,3143202,0.00443500,29.42000000,1
1531170465119,1531170465114,3143203,0.00443400,8.27000000,1
1531170469127,1531170469121,3143204,0.00443400,7.15000000,1
1531170514697,1531170514693,3143205,0.00443500,0.30000000,1
1531170586451,1531170586444,3143206,0.00443500,0.61000000,0
1531170586451,1531170586444,3143207,0.00444600,1.77000000,0
1531170593708,1531170593701,3143208,0.00444600,0.02000000,0
1531170593708,1531170593701,3143209,0.00446400,22.27000000,0
1531170593708,1531170593701,3143210,0.00446900,0.30000000,0
1531170593708,1531170593701,3143211,0.00447000,0.33000000,0
1531170593708,1531170593701,3143212,0.00447700,6.52000000,0
1531170599177,1531170599172,3143213,0.00443800,1.40000000,1
1531170599177,1531170599172,3143214,0.00443700,0.11000000,1
1531170693113,1531170693107,3143215,0.00443700,2.14000000,1
1531170693113,1531170693107,3143216,0.00443600,9.01000000,1
1531170693113,1531170693107,3143217,0.00443400,23.58000000,1
1531170725352,1531170725346,3143218,0.00443400,4.00000000,1
1531170754277,1531170754271,3143219,0.00443200,0.56000000,1
1531170754277,1531170754271,3143220,0.00443100,0.33000000,1
1531170754277,1531170754271,3143221,0.00442900,3.06000000,1
1531170771624,1531170771619,3143222,0.00443000,0.53000000,1
1531170857188,1531170857182,3143223,0.00443400,1.00000000,1
1531170857188,1531170857182,3143224,0.00443100,0.33000000,1
1531170857188,1531170857182,3143225,0.00443000,1.14000000,1
1531170985043,1531170985038,3143226,0.00445100,1.40000000,0
1531170985043,1531170985038,3143227,0.00445200,0.84000000,0
1531171054813,1531171054807,3143228,0.00445200,0.60000000,0
1531171103174,1531171103168,3143229,0.00445200,0.35000000,0
1531171103174,1531171103168,3143230,0.00445400,0.58000000,0
1531171103174,1531171103168,3143231,0.00445500,0.08000000,0
1531171173581,1531171173577,3143232,0.00443900,1.03000000,1
1531171192721,1531171192715,3143233,0.00445200,8.49000000,0
1531171217427,1531171217421,3143234,0.00443900,0.57000000,1
1531171505950,1531171505947,3143235,0.00443200,1.58000000,1
1531171505950,1531171505947,3143236,0.00443100,0.33000000,1
1531171505950,1531171505947,3143237,0.00443000,0.66000000,1
1531171505950,1531171505947,3143238,0.00442700,0.12000000,1
1531171628299,1531171628294,3143239,0.00444300,0.22000000,0
1531171831254,1531171831249,3143240,0.00443100,0.90000000,1
1531171866182,1531171866177,3143241,0.00443600,0.37000000,0
1531171866182,1531171866177,3143242,0.00444300,0.64000000,0
1531171888534,1531171888529,3143243,0.00444300,5.71000000,0
1531171888534,1531171888529,3143244,0.00445500,1.58000000,0
1531171888534,1531171888529,3143245,0.00445600,0.33000000,0
1531171888534,1531171888529,3143246,0.00445900,12.74000000,0
1531171927518,1531171927515,3143247,0.00445000,0.70000000,0
1531171985174,1531171985169,3143248,0.00444800,14.94000000,0
1531172011259,1531172011255,3143249,0.00444900,18.26000000,0
1531172172809,1531172172805,3143250,0.00444900,2.07000000,0
1531172198237,1531172198232,3143251,0.00444900,0.93000000,1
1531172198237,1531172198232,3143252,0.00444400,0.33000000,1
1531172198237,1531172198232,3143253,0.00444100,1.78000000,1
1531172286814,1531172286808,3143254,0.00444200,0.48000000,1
1531172397961,1531172397956,3143255,0.00444100,1.00000000,1
1531172426070,1531172426065,3143256,0.00443200,1.61000000,1
1531172735396,1531172735392,3143257,0.00443600,2.91000000,1
1531172907714,1531172907709,3143258,0.00445300,0.48000000,0
1531173096848,1531173096844,3143259,0.00445600,0.33000000,0
1531173103292,1531173103290,3143260,0.00445800,8.72000000,1
1531173117211,1531173117209,3143261,0.00445900,2.07000000,0
1531173128150,1531173128147,3143262,0.00446100,1.07000000,0
1531173139071,1531173139067,3143263,0.00446900,0.22000000,0
1531173263992,1531173263990,3143264,0.00446000,1.01000000,1
1531173287646,1531173287642,3143265,0.00446100,0.24000000,0
1531173321544,1531173321540,3143266,0.00446900,0.26000000,0
1531173321544,1531173321540,3143267,0.00447000,0.33000000,0
1531173321544,1531173321540,3143268,0.00447500,9.79000000,0
1531173321544,1531173321540,3143269,0.00447600,1.78000000,0
1531173321544,1531173321540,3143270,0.00448000,35.73000000,0
1531173322279,1531173322275,3143271,0.00448000,1.65000000,1
1531173322815,1531173322811,3143272,0.00448000,0.46000000,1
1531173349601,1531173349597,3143273,0.00447000,0.14000000,0
1531173448593,1531173448590,3143274,0.00447000,1.76000000,1
1531173517025,1531173517022,3143275,0.00447000,0.32000000,1
1531173534537,1531173534533,3143276,0.00446800,0.17000000,1
1531173663232,1531173663229,3143277,0.00447100,0.88000000,1
1531173747315,1531173747309,3143278,0.00447800,0.49000000,0
1531173747315,1531173747309,3143279,0.00448100,4.45000000,0
1531173747315,1531173747309,3143280,0.00448200,0.23000000,0
1531173747315,1531173747309,3143281,0.00448300,7.07000000,0
1531173747315,1531173747309,3143282,0.00448800,1.00000000,0
1531173747315,1531173747309,3143283,0.00449000,1.12000000,0
1531173747315,1531173747309,3143284,0.00449500,3.43000000,0
1531173778748,1531173778746,3143285,0.00447800,0.41000000,1
1531173946632,1531173946629,3143286,0.00448600,0.26000000,1
1531173999296,1531173999294,3143287,0.00448900,0.10000000,1
1531174002665,1531174002663,3143288,0.00448900,0.10000000,1
1531174007369,1531174007367,3143289,0.00448900,0.10000000,1
1531174012037,1531174012035,3143290,0.00448900,0.10000000,1
1531174016278,1531174016275,3143291,0.00448900,0.07000000,1
1531174028108,1531174028106,3143292,0.00448900,0.28000000,1
1531174054775,1531174054772,3143293,0.00449400,0.41000000,0
1531174054775,1531174054772,3143294,0.00449500,4.01000000,0
1531174095486,1531174095484,3143295,0.00449500,0.23000000,0
1531174193587,1531174193585,3143296,0.00448900,0.69000000,1
1531174231333,1531174231330,3143297,0.00449500,16.29000000,0
1531174262418,1531174262416,3143298,0.00448700,3.56000000,1
1531174263515,1531174263514,3143299,0.00449500,36.50000000,0
1531174263881,1531174263878,3143300,0.00448700,1.29000000,1
1531174274824,1531174274821,3143301,0.00449700,0.33000000,0
1531174274824,1531174274821,3143302,0.00450000,0.32000000,0
1531174278098,1531174278095,3143303,0.00448700,0.72000000,1
1531174278098,1531174278095,3143304,0.00448000,1.90000000,1
1531174297579,1531174297575,3143305,0.00450000,25.82000000,0
1531174298686,1531174298683,3143306,0.00450000,0.93000000,0
1531174299326,1531174299324,3143307,0.00450000,1.86000000,0
1531174302892,1531174302888,3143308,0.00450000,1.57000000,0
1531174326238,1531174326236,3143309,0.00450000,4.77000000,0
1531174372905,1531174372902,3143310,0.00450100,6.79000000,1
1531174396302,1531174396299,3143311,0.00450300,14.10000000,1
1531174403675,1531174403672,3143312,0.00450500,0.79000000,1
1531174413256,1531174413252,3143313,0.00450600,35.89000000,1
1531174418692,1531174418662,3143314,0.00450900,0.23000000,0
1531174418937,1531174418934,3143315,0.00450900,0.23000000,0
1531174422873,1531174422871,3143316,0.00450600,1.43000000,1
1531174432490,1531174432488,3143317,0.00450600,6.72000000,1
1531174442088,1531174442085,3143318,0.00450500,1.06000000,1
1531174453125,1531174453121,3143319,0.00450900,0.45000000,0
1531174464121,1531174464119,3143320,0.00450500,1.11000000,1
1531174479226,1531174479224,3143321,0.00450900,0.23000000,0
1531174479500,1531174479497,3143322,0.00450900,0.23000000,0
1531174486022,1531174486020,3143323,0.00450500,0.37000000,1
1531174559490,1531174559486,3143324,0.00450700,0.44000000,1
1531174591181,1531174591179,3143325,0.00450700,0.81000000,1
1531174710267,1531174710265,3143326,0.00450700,0.45000000,1
1531174721776,1531174721773,3143327,0.00450900,0.20000000,0
1531174721776,1531174721773,3143328,0.00451000,0.03000000,0
1531174727057,1531174727054,3143329,0.00450700,1.06000000,1
1531174741842,1531174741840,3143330,0.00451000,0.23000000,0
1531174801304,1531174801301,3143331,0.00450600,0.99000000,1
1531174866314,1531174866312,3143332,0.00450700,1.55000000,1
1531174909062,1531174909060,3143333,0.00450700,3.59000000,1
1531174909062,1531174909060,3143334,0.00450500,0.27000000,1
1531175002393,1531175002391,3143335,0.00451000,0.07000000,0
1531175002393,1531175002391,3143336,0.00451100,0.15000000,0
1531175021224,1531175021221,3143337,0.00451100,0.30000000,0
1531175081030,1531175081027,3143338,0.00451100,0.22000000,0
1531175162059,1531175162057,3143339,0.00451000,0.89000000,1
1531175163810,1531175163807,3143340,0.00450800,0.89000000,1
1531175164135,1531175164133,3143341,0.00450800,0.89000000,1
1531175165544,1531175165542,3143342,0.00450800,0.89000000,1
1531175185600,1531175185599,3143343,0.00451100,0.25000000,0
1531175207285,1531175207283,3143344,0.00451300,0.23000000,0
1531175237773,1531175237770,3143345,0.00450800,37.33000000,1
1531175237773,1531175237770,3143346,0.00450000,11.25000000,1
1531175237773,1531175237770,3143347,0.00449800,0.33000000,1
1531175237773,1531175237770,3143348,0.00449700,2.07000000,1
1531175237773,1531175237770,3143349,0.00448400,0.33000000,1
1531175237773,1531175237770,3143350,0.00448100,37.22000000,1
1531175237830,1531175237829,3143351,0.00448300,7.85000000,1
1531175237830,1531175237829,3143352,0.00448100,0.14000000,1
1531175247652,1531175247649,3143353,0.00448400,0.29000000,1
1531175303488,1531175303486,3143354,0.00449400,0.29000000,1
1531175305360,1531175305356,3143355,0.00449700,0.33000000,0
1531175316820,1531175316818,3143356,0.00450900,1.77000000,0
1531175316820,1531175316818,3143357,0.00451000,0.33000000,0
1531175316820,1531175316818,3143358,0.00451200,0.11000000,0
1531175321362,1531175321361,3143359,0.00451200,13.34000000,0
1531175347243,1531175347240,3143360,0.00451300,0.69000000,0
1531175347243,1531175347240,3143361,0.00451500,40.58000000,0
1531175349924,1531175349922,3143362,0.00451600,3.25000000,0
1531175349924,1531175349922,3143363,0.00451700,30.75000000,0
1531175352611,1531175352607,3143364,0.00451700,8.46000000,0
1531175352611,1531175352607,3143365,0.00452300,30.75000000,0
1531175355751,1531175355748,3143366,0.00452300,1.76000000,0
1531175355751,1531175355748,3143367,0.00452400,0.56000000,0
1531175355751,1531175355748,3143368,0.00452500,40.16000000,0
1531175358355,1531175358352,3143369,0.00452600,42.23000000,0
1531175358675,1531175358673,3143370,0.00452600,1.76000000,1
1531175360967,1531175360964,3143371,0.00452500,21.93000000,0
1531175363375,1531175363372,3143372,0.00452500,3.45000000,0
1531175375804,1531175375802,3143373,0.00450500,1.14000000,1
1531175388127,1531175388125,3143374,0.00452500,0.23000000,0
1531175424453,1531175424451,3143375,0.00450600,1.46000000,1
1531175583220,1531175583218,3143376,0.00452400,1.83000000,0
1531175609590,1531175609588,3143377,0.00452400,0.23000000,0
1531175712598,1531175712597,3143378,0.00452400,0.23000000,0
1531175733411,1531175733409,3143379,0.00452400,0.23000000,0
1531175742874,1531175742871,3143380,0.00452000,2.21000000,1
1531175789036,1531175789012,3143381,0.00452300,0.22000000,0
1531175839502,1531175839500,3143382,0.00452000,0.01000000,1
1531175839502,1531175839500,3143383,0.00451100,0.35000000,1
1531175847642,1531175847640,3143384,0.00451100,0.33000000,1
1531175962260,1531175962257,3143385,0.00451100,0.33000000,1
1531175962260,1531175962257,3143386,0.00450900,2.22000000,1
1531175962260,1531175962257,3143387,0.00450400,1.77000000,1
1531175962260,1531175962257,3143388,0.00449800,2.56000000,1
1531175962260,1531175962257,3143389,0.00449200,0.23000000,1
1531175962260,1531175962257,3143390,0.00449100,14.38000000,1
1531175980337,1531175980334,3143391,0.00451600,1.77000000,0
1531175980337,1531175980334,3143392,0.00452100,5.31000000,0
1531175983742,1531175983738,3143393,0.00449500,1.45000000,1
1531175983742,1531175983738,3143394,0.00449400,1.78000000,1
1531175983742,1531175983738,3143395,0.00449100,2.00000000,1
1531175983742,1531175983738,3143396,0.00448600,2.23000000,1
1531175983742,1531175983738,3143397,0.00448400,13.34000000,1
1531176079286,1531176079284,3143398,0.00450000,1.79000000,0
1531176147600,1531176147599,3143399,0.00449900,0.60000000,1
1531176277847,1531176277846,3143400,0.00449300,0.45000000,0
1531176318453,1531176318452,3143401,0.00449200,0.23000000,0
1531176353227,1531176353225,3143402,0.00448400,0.33000000,1
1531176367354,1531176367351,3143403,0.00448300,0.73000000,0
1531176379420,1531176379419,3143404,0.00448400,2.70000000,1
1531176418039,1531176418038,3143405,0.00448400,13.16000000,1
1531176455222,1531176455220,3143406,0.00448400,3.11000000,1
1531176455222,1531176455220,3143407,0.00448200,1.79000000,1
1531176455222,1531176455220,3143408,0.00448000,12.30000000,1
1531176538437,1531176538435,3143409,0.00449300,0.24000000,0
1531176597889,1531176597888,3143410,0.00449300,0.24000000,0
1531176741632,1531176741631,3143411,0.00447800,0.55000000,1
1531176841673,1531176841671,3143412,0.00449100,0.23000000,1
1531177052053,1531177052051,3143413,0.00447600,0.29000000,1
1531177052053,1531177052051,3143414,0.00447200,0.71000000,1
1531177084165,1531177084164,3143415,0.00447200,1.53000000,1
1531177084165,1531177084164,3143416,0.00447100,36.79000000,1
1531177113181,1531177113179,3143417,0.00448300,0.22000000,0
1531177205806,1531177205804,3143418,0.00446900,1.12000000,1
1531177205806,1531177205804,3143419,0.00446800,0.23000000,1
1531177205806,1531177205804,3143420,0.00446300,0.17000000,1
1531177307287,1531177307286,3143421,0.00446300,2.51000000,1
1531177307583,1531177307582,3143422,0.00446300,2.49000000,0
1531177310745,1531177310744,3143423,0.00445900,0.07000000,1
1531177326268,1531177326267,3143424,0.00448200,0.07000000,0
1531177376647,1531177376646,3143425,0.00448200,3.10000000,0
1531177397264,1531177397264,3143426,0.00448200,1.21000000,1
1531177473355,1531177473354,3143427,0.00448200,8.29000000,1
1531177599716,1531177599714,3143428,0.00447100,1.78000000,1
1531177599716,1531177599714,3143429,0.00445900,0.16000000,1
1531177599716,1531177599714,3143430,0.00445700,0.33000000,1
1531177599716,1531177599714,3143431,0.00445200,1.89000000,1
1531177599716,1531177599714,3143432,0.00444900,0.23000000,1
1531177599716,1531177599714,3143433,0.00444800,0.46000000,1
1531177599716,1531177599714,3143434,0.00444500,0.30000000,1
1531177599716,1531177599714,3143435,0.00444300,4.87000000,1
1531177599933,1531177599935,3143436,0.00446400,4.37000000,0
1531177625168,1531177625169,3143437,0.00445100,1.60000000,1
1531177625568,1531177625567,3143438,0.00445100,0.19000000,1
1531177625568,1531177625567,3143439,0.00444800,2.81000000,1
1531177632348,1531177632349,3143440,0.00445100,0.23000000,0
1531177632348,1531177632349,3143441,0.00446200,1.56000000,0
1531177675334,1531177675333,3143442,0.00446200,13.57000000,0
1531177675334,1531177675333,3143443,0.00446900,0.52000000,0
1531177675334,1531177675333,3143444,0.00447000,0.33000000,0
1531177675334,1531177675333,3143445,0.00447100,3.04000000,0
1531177729186,1531177729187,3143446,0.00445300,0.03000000,1
1531177731245,1531177731247,3143447,0.00444400,0.03000000,1
1531177787703,1531177787704,3143448,0.00446700,0.02000000,0
1531177802362,1531177802362,3143449,0.00444700,0.05000000,1
1531177806196,1531177806197,3143450,0.00444700,0.05000000,1
1531177954341,1531177954344,3143451,0.00445100,1.37000000,1
1531177970205,1531177970206,3143452,0.00445000,1.02000000,1
1531178093824,1531178093826,3143453,0.00446400,0.02000000,0
1531178095489,1531178095489,3143454,0.00444400,0.05000000,1
1531178157536,1531178157540,3143455,0.00446400,0.01000000,0
1531178278616,1531178278619,3143456,0.00444400,0.25000000,1
1531178278616,1531178278619,3143457,0.00443800,1.31000000,1
1531178302646,1531178302650,3143458,0.00446400,1.33000000,0
1531178305561,1531178305565,3143459,0.00446400,0.36000000,0
1531178453376,1531178453380,3143460,0.00446000,1.18000000,0
1531178453376,1531178453380,3143461,0.00446500,0.11000000,0
1531178499084,1531178499088,3143462,0.00446500,0.05000000,0
1531178596814,1531178596819,3143463,0.00444500,2.02000000,1
1531178596814,1531178596819,3143464,0.00444400,0.33000000,1
1531178596878,1531178596882,3143465,0.00444400,1.13000000,0
1531178641375,1531178641379,3143466,0.00445500,1.52000000,0
1531178789685,1531178789690,3143467,0.00445600,0.29000000,0
1531178816336,1531178816340,3143468,0.00445600,0.54000000,0
1531178816336,1531178816340,3143469,0.00445800,0.42000000,0
1531178850878,1531178850882,3143470,0.00445800,0.47000000,0
1531178852815,1531178852818,3143471,0.00445800,0.90000000,0
1531178852815,1531178852818,3143472,0.00446500,1.15000000,0
1531178852815,1531178852818,3143473,0.00447000,0.19000000,0
1531178856122,1531178856127,3143474,0.00447000,0.14000000,0
1531178856122,1531178856127,3143475,0.00447100,2.10000000,0
1531178865696,1531178865700,3143476,0.00444900,1.55000000,1
1531178865696,1531178865700,3143477,0.00444800,0.60000000,1
1531178926984,1531178926989,3143478,0.00446600,1.55000000,0
1531178926984,1531178926989,3143479,0.00446700,5.95000000,0
1531178935013,1531178935016,3143480,0.00444800,1.19000000,1
1531178935013,1531178935016,3143481,0.00444400,0.33000000,1
1531178935013,1531178935016,3143482,0.00443900,1.58000000,1
1531178948119,1531178948124,3143483,0.00443900,1.00000000,1
1531179034611,1531179034616,3143484,0.00445300,38.03000000,1
1531179050544,1531179050547,3143485,0.00445300,0.97000000,1
1531179058243,1531179058248,3143486,0.00445200,0.33000000,0
1531179077081,1531179077085,3143487,0.00444800,0.90000000,1
1531179078831,1531179078835,3143488,0.00444800,0.90000000,1
1531179079038,1531179079044,3143489,0.00444800,0.90000000,1
1531179080524,1531179080530,3143490,0.00444800,1.29000000,1
1531179080770,1531179080775,3143491,0.00444800,1.29000000,1
1531179082255,1531179082260,3143492,0.00444800,2.78000000,1
1531179082562,1531179082566,3143493,0.00444800,2.78000000,1
1531179084162,1531179084168,3143494,0.00444800,2.78000000,1
1531179086279,1531179086284,3143495,0.00445200,1.94000000,0
1531179086279,1531179086284,3143496,0.00445300,10.87000000,0
1531179086279,1531179086284,3143497,0.00446400,1.79000000,0
1531179086279,1531179086284,3143498,0.00446700,4.40000000,0
1531179086441,1531179086446,3143499,0.00446700,49.65000000,0
1531179088490,1531179088495,3143500,0.00447000,0.33000000,0
1531179088490,1531179088495,3143501,0.00448200,16.73000000,0
1531179121321,1531179121326,3143502,0.00445400,0.90000000,1
1531179123061,1531179123064,3143503,0.00445400,0.58000000,1
1531179123185,1531179123191,3143504,0.00445400,0.32000000,0
1531179124059,1531179124065,3143505,0.00445400,0.90000000,1
1531179148603,1531179148609,3143506,0.00446000,0.01000000,1
1531179151138,1531179151143,3143507,0.00446000,0.01000000,1
1531179238960,1531179238965,3143508,0.00446200,7.02000000,1
1531179239205,1531179239210,3143509,0.00446200,7.97000000,1
1531179267817,1531179267822,3143510,0.00446000,1.57000000,1
1531179267817,1531179267822,3143511,0.00445900,10.50000000,1
1531179267817,1531179267822,3143512,0.00445700,0.33000000,1
1531179267817,1531179267822,3143513,0.00445300,1.79000000,1
1531179267818,1531179267822,3143514,0.00444700,14.52000000,1
1531179267818,1531179267822,3143515,0.00444600,22.16000000,1
1531179384732,1531179384738,3143516,0.00444900,1.64000000,1
1531179419533,1531179419528,3143517,0.00444800,0.44000000,0
1531179419720,1531179419727,3143518,0.00444700,0.32000000,1
1531179423819,1531179423823,3143519,0.00444400,0.33000000,1
1531179427017,1531179427022,3143520,0.00443800,4.23000000,0
1531179427391,1531179427397,3143521,0.00443800,0.43000000,0
1531179427917,1531179427923,3143522,0.00443800,4.23000000,0
1531179428422,1531179428428,3143523,0.00443800,6.00000000,0
1531179428733,1531179428739,3143524,0.00443700,0.83000000,1
1531179430977,1531179430982,3143525,0.00443700,0.98000000,1
1531179430977,1531179430982,3143526,0.00443300,0.53000000,1
1531179430977,1531179430982,3143527,0.00443100,4.58000000,1
1531179434199,1531179434204,3143528,0.00443100,15.14000000,0
1531179435547,1531179435553,3143529,0.00443100,15.57000000,0
1531179436350,1531179436355,3143530,0.00443100,9.91000000,0
1531179440167,1531179440173,3143531,0.00443000,0.22000000,1
1531179449009,1531179449013,3143532,0.00443100,0.05000000,0
1531179491759,1531179491765,3143533,0.00443000,0.23000000,1
1531179499240,1531179499245,3143534,0.00443100,30.94000000,0
1531179504805,1531179504810,3143535,0.00443100,6.52000000,0
1531179519650,1531179519656,3143536,0.00443100,1.00000000,0
1531179530921,1531179530927,3143537,0.00443000,0.79000000,1
1531179535535,1531179535539,3143538,0.00442700,0.25000000,1
1531179535535,1531179535539,3143539,0.00442600,0.46000000,1
1531179535535,1531179535539,3143540,0.00442400,1.59000000,1
1531179535535,1531179535539,3143541,0.00442300,0.23000000,1
1531179535535,1531179535539,3143542,0.00442200,0.52000000,1
1531179546168,1531179546175,3143543,0.00442300,0.77000000,0
1531179592138,1531179592143,3143544,0.00442200,1.62000000,1
1531179592138,1531179592143,3143545,0.00442100,0.69000000,1
1531179592138,1531179592143,3143546,0.00442000,11.32000000,1
1531179593447,1531179593451,3143547,0.00442000,11.47000000,0
1531179593877,1531179593882,3143548,0.00441900,0.23000000,1
1531179593877,1531179593882,3143549,0.00441800,1.13000000,1
1531179596818,1531179596823,3143550,0.00442200,0.11000000,0
1531179629534,1531179629540,3143551,0.00441800,0.69000000,1
1531179653944,1531179653949,3143552,0.00443400,0.22000000,0
1531179724946,1531179724951,3143553,0.00442900,0.50000000,0
1531179740131,1531179740138,3143554,0.00442900,0.28000000,0
1531179777247,1531179777254,3143555,0.00441800,0.40000000,1
1531179821514,1531179821518,3143556,0.00442200,0.11000000,0
1531179831549,1531179831554,3143557,0.00441800,0.05000000,1
1531179831549,1531179831554,3143558,0.00441700,0.56000000,1
1531179831549,1531179831554,3143559,0.00441400,1.18000000,1
1531179831549,1531179831554,3143560,0.00441200,0.23000000,1
1531179831549,1531179831554,3143561,0.00441100,1.29000000,1
1531179831549,1531179831554,3143562,0.00441000,8.21000000,1
1531179831549,1531179831554,3143563,0.00440900,0.52000000,1
1531179831549,1531179831554,3143564,0.00440700,1.61000000,1
1531179831549,1531179831554,3143565,0.00440500,0.23000000,1
1531179831549,1531179831554,3143566,0.00440400,1.10000000,1
1531179831571,1531179831577,3143567,0.00440000,5.01000000,0
1531179833547,1531179833554,3143568,0.00439700,0.02000000,1
1531179833992,1531179834000,3143569,0.00440000,0.01000000,0
1531179841838,1531179841845,3143570,0.00442100,0.22000000,0
1531179849282,1531179849289,3143571,0.00440000,2.19000000,1
1531179850338,1531179850343,3143572,0.00440000,2.19000000,1
1531179854884,1531179854888,3143573,0.00440100,43.46000000,1
1531179854884,1531179854888,3143574,0.00440000,3.26000000,1
1531179854884,1531179854888,3143575,0.00439600,3.34000000,1
1531179854894,1531179854901,3143576,0.00439600,6.36000000,0
1531179854910,1531179854917,3143577,0.00439600,4.79000000,0
1531179854912,1531179854920,3143578,0.00439600,4.80000000,0
1531179854913,1531179854920,3143579,0.00439600,6.03000000,0
1531179854918,1531179854926,3143580,0.00439600,4.79000000,0
1531179854939,1531179854946,3143581,0.00439600,3.92000000,0
1531179854960,1531179854967,3143582,0.00439600,1.20000000,0
1531179854968,1531179854974,3143583,0.00439600,4.79000000,0
1531179855069,1531179855077,3143584,0.00439500,1.03000000,1
1531179855134,1531179855140,3143585,0.00439600,9.20000000,0
1531179855256,1531179855261,3143586,0.00439500,1.20000000,1
1531179855384,1531179855389,3143587,0.00439600,4.06000000,0
1531179859953,1531179859959,3143588,0.00440100,0.10000000,0
1531179864627,1531179864634,3143589,0.00440100,0.10000000,0
1531179867113,1531179867118,3143590,0.00439700,43.46000000,1
1531179867113,1531179867118,3143591,0.00439600,18.04000000,1
1531179867556,1531179867563,3143592,0.00439600,38.50000000,0
1531179867774,1531179867779,3143593,0.00440100,0.03000000,0
1531179867774,1531179867779,3143594,0.00441800,0.07000000,0
1531179870459,1531179870464,3143595,0.00442000,2.27000000,0
1531179874037,1531179874044,3143596,0.00441800,2.26000000,0
1531179875315,1531179875321,3143597,0.00439900,2.80000000,1
1531179875315,1531179875321,3143598,0.00439800,7.78000000,1
1531179875315,1531179875321,3143599,0.00439600,10.00000000,1
1531179875774,1531179875783,3143600,0.00439500,0.23000000,1
1531179875838,1531179875843,3143601,0.00439500,0.60000000,1
1531179876240,1531179876247,3143602,0.00439500,1.83000000,1
1531179877243,1531179877250,3143603,0.00439500,0.97000000,0
1531179877243,1531179877250,3143604,0.00439600,0.75000000,0
1531179877354,1531179877360,3143605,0.00439600,1.71000000,0
1531179877676,1531179877681,3143606,0.00439600,27.93000000,0
1531179878319,1531179878326,3143607,0.00439600,0.03000000,0
1531179880268,1531179880275,3143608,0.00439500,9.16000000,0
1531179880268,1531179880275,3143609,0.00439600,18.35000000,0
1531179881707,1531179881712,3143610,0.00439600,7.55000000,0
1531179885115,1531179885122,3143611,0.00439600,0.61000000,0
1531179888335,1531179888342,3143612,0.00439600,0.50000000,0
1531179889868,1531179889875,3143613,0.00439600,16.97000000,0
1531179890858,1531179890864,3143614,0.00439600,0.91000000,0
1531179891286,1531179891294,3143615,0.00439600,0.91000000,0
1531179893084,1531179893090,3143616,0.00439600,0.91000000,0
1531179893454,1531179893460,3143617,0.00439600,2.29000000,0
1531179902507,1531179902513,3143618,0.00439800,9.23000000,1
1531179902507,1531179902513,3143619,0.00439600,0.91000000,1
1531179903017,1531179903022,3143620,0.00439600,0.12000000,0
1531179906553,1531179906560,3143621,0.00439600,9.35000000,0
1531179911669,1531179911675,3143622,0.00439600,15.28000000,0
1531179912996,1531179913003,3143623,0.00439600,17.39000000,0
1531179913379,1531179913386,3143624,0.00439600,22.55000000,0
1531179914043,1531179914048,3143625,0.00439600,1.49000000,0
1531179916186,1531179916192,3143626,0.00439600,0.93000000,0
1531179916426,1531179916433,3143627,0.00439600,0.31000000,0
1531179916868,1531179916871,3143628,0.00439600,2.59000000,0
1531179925623,1531179925630,3143629,0.00439600,29.08000000,0
1531179925623,1531179925630,3143630,0.00442100,0.91000000,0
1531179930803,1531179930808,3143631,0.00442100,0.01000000,0
1531179933727,1531179933732,3143632,0.00439900,6.83000000,1
1531179934978,1531179934983,3143633,0.00440000,3.36000000,1
1531179936622,1531179936628,3143634,0.00439800,2.96000000,1
1531179944944,1531179944950,3143635,0.00441400,0.22000000,0
1531179950220,1531179950226,3143636,0.00439700,7.05000000,1
1531179950220,1531179950226,3143637,0.00439600,0.71000000,1
1531179954218,1531179954226,3143638,0.00439500,2.80000000,1
1531179972560,1531179972567,3143639,0.00439500,0.88000000,0
1531180053951,1531180053958,3143640,0.00439500,1.26000000,0
1531180092602,1531180092608,3143641,0.00439300,0.43000000,1
1531180092602,1531180092608,3143642,0.00439200,2.06000000,1
1531180092602,1531180092608,3143643,0.00439100,0.34000000,1
1531180092602,1531180092608,3143644,0.00439000,7.78000000,1
1531180093796,1531180093802,3143645,0.00439000,0.35000000,0
1531180103748,1531180103755,3143646,0.00438900,3.78000000,0
1531180111214,1531180111223,3143647,0.00438700,1.00000000,1
1531180113557,1531180113565,3143648,0.00438900,3.64000000,0
1531180130255,1531180130262,3143649,0.00439000,2.21000000,1
1531180142621,1531180142626,3143650,0.00439100,9.22000000,1
1531180142621,1531180142626,3143651,0.00439000,4.22000000,1
1531180155161,1531180155168,3143652,0.00438900,1.39000000,1
1531180155161,1531180155168,3143653,0.00438500,11.64000000,1
1531180155161,1531180155168,3143654,0.00438200,3.12000000,1
1531180155161,1531180155168,3143655,0.00438000,0.23000000,1
1531180155188,1531180155197,3143656,0.00438000,0.30000000,0
1531180155208,1531180155216,3143657,0.00438000,0.30000000,0
1531180155259,1531180155266,3143658,0.00438000,1.67000000,0
1531180155657,1531180155663,3143659,0.00438000,1.61000000,0
1531180155931,1531180155936,3143660,0.00438000,1.61000000,0
1531180156607,1531180156614,3143661,0.00438000,36.56000000,0
1531180157557,1531180157562,3143662,0.00437900,2.39000000,1
1531180157677,1531180157683,3143663,0.00437900,3.66000000,0
1531180157802,1531180157808,3143664,0.00437800,0.23000000,1
1531180157877,1531180157883,3143665,0.00437800,2.00000000,0
1531180158837,1531180158846,3143666,0.00437800,0.01000000,0
1531180159113,1531180159120,3143667,0.00437700,0.23000000,1
1531180164034,1531180164041,3143668,0.00437600,0.56000000,0
1531180164034,1531180164041,3143669,0.00437800,0.69000000,0
1531180164116,1531180164123,3143670,0.00437800,0.62000000,0
1531180164179,1531180164186,3143671,0.00437800,1.14000000,0
1531180164179,1531180164186,3143672,0.00438000,6.86000000,0
1531180165775,1531180165781,3143673,0.00438000,2.83000000,0
1531180165775,1531180165781,3143674,0.00438900,3.17000000,0
1531180165775,1531180165781,3143675,0.00439000,2.63000000,0
1531180166867,1531180166876,3143676,0.00439000,1.36000000,0
1531180169039,1531180169046,3143677,0.00437800,1.15000000,1
1531180194342,1531180194350,3143678,0.00438900,0.38000000,0
1531180201098,1531180201105,3143679,0.00438900,0.77000000,0
1531180204625,1531180204632,3143680,0.00439000,1.72000000,0
1531180208057,1531180208064,3143681,0.00439000,1.14000000,0
1531180219555,1531180219561,3143682,0.00438900,0.24000000,1
1531180233668,1531180233674,3143683,0.00439000,2.27000000,0
1531180248571,1531180248577,3143684,0.00439000,0.14000000,0
1531180248571,1531180248577,3143685,0.00440900,0.08000000,0
1531180395959,1531180395964,3143686,0.00439000,0.52000000,1
1531180579295,1531180579303,3143687,0.00438900,23.00000000,1
1531180596883,1531180596891,3143688,0.00440400,2.27000000,0
1531180737853,1531180737858,3143689,0.00440400,1.00000000,0
1531180771537,1531180771545,3143690,0.00440400,0.71000000,0
1531180779234,1531180779241,3143691,0.00440400,2.27000000,0
1531180782445,1531180782452,3143692,0.00440400,2.27000000,0
1531180800889,1531180800893,3143693,0.00439000,1.61000000,1
1531180832312,1531180832319,3143694,0.00438900,2.00000000,1
1531180871411,1531180871417,3143695,0.00438900,0.60000000,1
1531180893313,1531180893319,3143696,0.00438900,1.06000000,1
1531180950061,1531180950066,3143697,0.00438900,35.11000000,1
1531180950061,1531180950066,3143698,0.00438500,5.77000000,1
1531180950061,1531180950066,3143699,0.00438300,6.77000000,1
1531180950061,1531180950066,3143700,0.00438100,4.96000000,1
1531180950086,1531180950091,3143701,0.00438000,1.82000000,0
1531180950103,1531180950108,3143702,0.00438000,1.66000000,0
1531180950115,1531180950121,3143703,0.00438000,1.83000000,0
1531180950172,1531180950176,3143704,0.00438000,2.74000000,0
1531180950257,1531180950263,3143705,0.00438000,35.74000000,0
1531180950387,1531180950391,3143706,0.00438000,35.39000000,0
1531180950507,1531180950512,3143707,0.00438000,1.83000000,0
1531180950700,1531180950704,3143708,0.00438000,19.50000000,0
1531180950768,1531180950773,3143709,0.00438000,108.06000000,0
1531180950852,1531180950857,3143710,0.00438000,90.71000000,0
1531180951294,1531180951300,3143711,0.00438000,6.51000000,0
1531180951899,1531180951904,3143712,0.00438000,9.08000000,0
1531180979569,1531180979574,3143713,0.00438000,26.54000000,0
1531181002059,1531181002063,3143714,0.00438000,1.83000000,0
1531181024174,1531181024178,3143715,0.00438000,1.56000000,0
1531181057337,1531181057342,3143716,0.00438000,2.28000000,0
1531181145813,1531181145817,3143717,0.00438000,0.03000000,0
1531181150253,1531181150257,3143718,0.00438000,2.28000000,0
1531181158685,1531181158689,3143719,0.00437900,5.78000000,1
1531181187118,1531181187123,3143720,0.00437800,0.34000000,1
1531181187118,1531181187123,3143721,0.00437700,2.32000000,1
1531181197598,1531181197603,3143722,0.00437700,1.66000000,1
1531181200069,1531181200073,3143723,0.00437700,1.55000000,1
1531181200258,1531181200263,3143724,0.00437500,1.55000000,1
1531181204078,1531181204082,3143725,0.00437500,3.32000000,1
1531181317481,1531181317486,3143726,0.00437500,0.01000000,1
1531181336541,1531181336546,3143727,0.00437500,0.76000000,1
1531181358145,1531181358148,3143728,0.00437500,0.99000000,0
1531181459168,1531181459172,3143729,0.00437500,22.62000000,0
1531181461249,1531181461254,3143730,0.00438000,0.30000000,0
1531181500921,1531181500924,3143731,0.00438000,5.31000000,0
1531181504561,1531181504564,3143732,0.00437300,0.23000000,1
1531181574234,1531181574236,3143733,0.00438000,2.01000000,0
1531181610348,1531181610352,3143734,0.00437900,1.61000000,0
1531181610348,1531181610352,3143735,0.00438000,0.67000000,0
1531181630017,1531181630018,3143736,0.00438000,0.01000000,0
1531181644652,1531181644655,3143737,0.00437100,0.24000000,1
1531181660344,1531181660348,3143738,0.00437000,5.90000000,1
1531181661755,1531181661759,3143739,0.00437000,0.42000000,0
1531181672309,1531181672311,3143740,0.00436900,0.85000000,1
1531181672309,1531181672311,3143741,0.00436700,58.96000000,1
1531181672334,1531181672338,3143742,0.00436700,9.03000000,0
1531181672342,1531181672345,3143743,0.00436700,1.24000000,0
1531181672359,1531181672361,3143744,0.00436700,8.80000000,0
1531181672421,1531181672425,3143745,0.00436700,2.52000000,0
1531181694141,1531181694144,3143746,0.00436600,0.24000000,1
1531181695376,1531181695380,3143747,0.00436600,0.24000000,1
1531181700441,1531181700445,3143748,0.00437900,2.28000000,0
1531181714644,1531181714648,3143749,0.00436700,0.24000000,1
1531181717014,1531181717016,3143750,0.00436600,0.02000000,1
1531181742213,1531181742218,3143751,0.00437800,0.24000000,0
1531181742239,1531181742242,3143752,0.00437800,0.90000000,1
1531181786409,1531181786413,3143753,0.00437800,2.28000000,0
1531181795025,1531181795028,3143754,0.00437800,2.28000000,0
1531181832299,1531181832303,3143755,0.00436900,3.30000000,1
1531181834977,1531181834979,3143756,0.00436600,191.37000000,1
1531181842068,1531181842071,3143757,0.00436400,0.57000000,1
1531181842068,1531181842071,3143758,0.00435700,49.43000000,1
1531181848816,1531181848818,3143759,0.00437100,1.90000000,0
1531181926480,1531181926483,3143760,0.00437100,0.01000000,0
1531181926480,1531181926483,3143761,0.00437700,16.04000000,0
1531181926797,1531181926801,3143762,0.00437700,22.64000000,0
1531182049800,1531182049802,3143763,0.00437500,0.01000000,0
1531182097561,1531182097564,3143764,0.00436000,1.47000000,1
1531182097561,1531182097564,3143765,0.00435700,10.39000000,1
1531182123328,1531182123329,3143766,0.00435600,1.23000000,1
1531182123328,1531182123329,3143767,0.00435500,39.63000000,1
1531182125586,1531182125589,3143768,0.00435700,0.50000000,0
1531182127245,1531182127247,3143769,0.00435700,0.34000000,0
1531182135567,1531182135569,3143770,0.00435500,0.04000000,1
1531182147732,1531182147734,3143771,0.00435500,2.22000000,1
1531182174170,1531182174172,3143772,0.00435700,0.22000000,0
1531182244890,1531182244891,3143773,0.00435700,2.72000000,0
1531182245675,1531182245677,3143774,0.00435700,1.26000000,0
1531182250814,1531182250816,3143775,0.00437400,1.12000000,0
1531182257472,1531182257474,3143776,0.00437400,0.35000000,0
1531182257472,1531182257474,3143777,0.00437500,14.25000000,0
1531182408396,1531182408399,3143778,0.00435700,0.10000000,1
1531182430606,1531182430609,3143779,0.00435600,1.66000000,0
1531182430613,1531182430615,3143780,0.00435600,0.25000000,0
1531182430640,1531182430643,3143781,0.00435600,0.25000000,0
1531182431204,1531182431207,3143782,0.00435600,7.20000000,0
1531182433475,1531182433478,3143783,0.00435600,14.29000000,0
1531182460122,1531182460124,3143784,0.00435500,22.84000000,1
1531182460122,1531182460124,3143785,0.00435400,0.46000000,1
1531182460122,1531182460124,3143786,0.00435300,0.23000000,1
1531182460122,1531182460124,3143787,0.00435100,0.34000000,1
1531182460122,1531182460124,3143788,0.00435000,4.71000000,1
1531182460122,1531182460124,3143789,0.00435000,5.79000000,1
1531182460139,1531182460141,3143790,0.00435000,0.30000000,0
1531182460170,1531182460171,3143791,0.00435000,2.82000000,0
1531182460187,1531182460190,3143792,0.00435000,1.83000000,0
1531182460376,1531182460378,3143793,0.00435000,2.83000000,0
1531182463007,1531182463011,3143794,0.00436500,0.02000000,0
1531182531374,1531182531377,3143795,0.00436500,0.22000000,0
1531182549320,1531182549322,3143796,0.00436500,3.55000000,0
1531182549320,1531182549322,3143797,0.00437200,8.90000000,0
1531182610376,1531182610379,3143798,0.00435500,22.17000000,1
1531182610376,1531182610379,3143799,0.00435400,16.17000000,1
1531182635969,1531182635972,3143800,0.00436600,0.92000000,0
1531182637791,1531182637794,3143801,0.00436600,0.69000000,0
1531182639557,1531182639559,3143802,0.00436700,0.92000000,0
1531182660445,1531182660448,3143803,0.00436700,16.35000000,0
1531182674504,1531182674505,3143804,0.00436600,0.23000000,1
1531182692849,1531182692851,3143805,0.00435500,4.00000000,1
1531182698247,1531182698248,3143806,0.00435500,1.36000000,1
1531182753216,1531182753217,3143807,0.00436600,0.01000000,0
1531182834222,1531182834222,3143808,0.00435800,6.38000000,0
1531182834222,1531182834222,3143809,0.00435900,6.98000000,0
1531182864227,1531182864227,3143810,0.00435900,0.02000000,0
1531182864227,1531182864227,3143811,0.00436000,0.20000000,0
1531182874388,1531182874389,3143812,0.00436000,0.01000000,0
1531182901678,1531182901680,3143813,0.00436000,0.15000000,0
1531182903479,1531182903479,3143814,0.00437100,0.92000000,0
1531182903493,1531182903494,3143815,0.00437100,0.91000000,0
1531182903532,1531182903534,3143816,0.00437100,0.01000000,1
1531182959438,1531182959440,3143817,0.00437100,8.36000000,1
1531182959457,1531182959458,3143818,0.00437100,1.65000000,1
1531182988020,1531182988022,3143819,0.00437700,0.34000000,0
1531182988089,1531182988091,3143820,0.00437900,0.24000000,0
1531183020909,1531183020910,3143821,0.00438000,4.23000000,0
1531183268124,1531183268125,3143822,0.00437100,7.00000000,1
1531183469002,1531183469000,3143823,0.00437100,1.00000000,1
1531183542640,1531183542638,3143824,0.00437100,125.48000000,1
1531183908872,1531183908869,3143825,0.00437300,1.10000000,1
1531184214289,1531184214284,3143826,0.00438400,1.10000000,0
1531184214289,1531184214284,3143827,0.00438500,1.82000000,0
1531184336454,1531184336451,3143828,0.00438500,2.46000000,1
1531184339382,1531184339378,3143829,0.00438500,0.94000000,1
1531184398670,1531184398667,3143830,0.00437900,0.30000000,1
1531184410578,1531184410576,3143831,0.00437800,3.86000000,1
1531184419500,1531184419498,3143832,0.00437800,2.01000000,1
1531184420531,1531184420528,3143833,0.00437900,2.67000000,1
1531184421809,1531184421806,3143834,0.00437900,1.00000000,1
1531184438688,1531184438684,3143835,0.00437800,2.41000000,1
1531184440163,1531184440161,3143836,0.00437800,2.80000000,1
1531184453900,1531184453897,3143837,0.00437800,1.90000000,1
1531184469319,1531184469314,3143838,0.00437700,1.82000000,1
1531184514776,1531184514773,3143839,0.00437400,1.42000000,1
1531184528613,1531184528609,3143840,0.00437300,2.56000000,1
1531184548267,1531184548264,3143841,0.00437300,0.87000000,1
1531184602792,1531184602788,3143842,0.00437100,2.29000000,1
1531184609738,1531184609736,3143843,0.00437100,1.75000000,1
1531184625445,1531184625440,3143844,0.00438900,0.50000000,0
1531184686722,1531184686719,3143845,0.00437100,3.92000000,1
1531184687280,1531184687277,3143846,0.00437100,4.17000000,1
1531184687877,1531184687873,3143847,0.00437100,2.00000000,1
1531184758312,1531184758308,3143848,0.00437000,1.00000000,1
1531184810965,1531184810961,3143849,0.00438400,20.02000000,0
1531184836055,1531184836049,3143850,0.00438300,3.88000000,0
1531184836055,1531184836049,3143851,0.00438900,2.00000000,0
1531184836055,1531184836049,3143852,0.00439000,0.34000000,0
1531184836055,1531184836049,3143853,0.00439100,1.82000000,0
1531184836055,1531184836049,3143854,0.00440000,0.35000000,0
1531184836055,1531184836049,3143855,0.00440300,0.34000000,0
1531184836055,1531184836049,3143856,0.00440900,1.28000000,0
1531184917069,1531184917066,3143857,0.00438400,11.85000000,0
1531184925643,1531184925640,3143858,0.00438400,0.50000000,0
1531184935605,1531184935601,3143859,0.00438400,0.50000000,0
1531184945351,1531184945347,3143860,0.00438400,1.00000000,0
1531184955315,1531184955309,3143861,0.00438400,1.00000000,0
1531185002132,1531185002127,3143862,0.00438800,2.25000000,0
1531185156073,1531185156066,3143863,0.00439200,9.07000000,0
1531185156073,1531185156066,3143864,0.00441000,0.94000000,0
1531185279606,1531185279601,3143865,0.00440200,5.01000000,0
1531185330118,1531185330112,3143866,0.00440200,4.05000000,0
1531185330118,1531185330112,3143867,0.00441000,2.76000000,0
1531185330118,1531185330112,3143868,0.00441100,0.23000000,0
1531185330118,1531185330112,3143869,0.00441600,0.34000000,0
1531185330118,1531185330112,3143870,0.00441800,32.66000000,0
1531185358841,1531185358836,3143871,0.00440900,0.16000000,0
1531185374616,1531185374610,3143872,0.00440900,8.64000000,0
1531185374616,1531185374610,3143873,0.00441000,1.23000000,0
1531185374616,1531185374610,3143874,0.00442000,0.14000000,0
1531185438164,1531185438158,3143875,0.00439000,1.48000000,1
1531185541303,1531185541298,3143876,0.00439500,0.23000000,1
1531185603019,1531185603014,3143877,0.00439000,0.16000000,1
1531185702402,1531185702396,3143878,0.00439000,2.01000000,1
1531185704211,1531185704204,3143879,0.00439000,3.17000000,1
1531185724804,1531185724799,3143880,0.00438700,3.41000000,1
1531185725297,1531185725290,3143881,0.00439500,0.45000000,0
1531185725297,1531185725290,3143882,0.00440300,30.38000000,0
1531185842439,1531185842433,3143883,0.00439100,0.34000000,1
1531185842439,1531185842433,3143884,0.00438300,0.56000000,1
1531186151231,1531186151224,3143885,0.00440000,2.57000000,0
1531186151730,1531186151725,3143886,0.00440000,4.40000000,0
1531186152933,1531186152927,3143887,0.00440000,3.79000000,0
1531186510825,1531186510819,3143888,0.00439100,0.53000000,1
1531186510825,1531186510819,3143889,0.00438200,1.47000000,1
1531186552051,1531186552045,3143890,0.00438300,8.38000000,1
1531186552051,1531186552045,3143891,0.00438200,0.35000000,1
1531186554814,1531186554810,3143892,0.00438200,38.84000000,0
1531186556106,1531186556100,3143893,0.00438200,22.66000000,0
1531186556956,1531186556951,3143894,0.00438200,22.53000000,0
1531186557957,1531186557951,3143895,0.00438200,28.93000000,0
1531186558369,1531186558364,3143896,0.00438200,28.72000000,0
1531186652912,1531186652907,3143897,0.00438200,2.61000000,0
1531186665833,1531186665826,3143898,0.00438200,1.82000000,0
1531186699263,1531186699259,3143899,0.00438100,6.83000000,1
1531186732193,1531186732184,3143900,0.00438100,10.81000000,1
1531186732193,1531186732184,3143901,0.00437800,0.34000000,1
1531186732193,1531186732184,3143902,0.00437200,2.92000000,1
1531186732193,1531186732184,3143903,0.00437100,22.09000000,1
1531186732193,1531186732184,3143904,0.00437000,2.20000000,1
1531186732193,1531186732184,3143905,0.00436900,2.30000000,1
1531186732193,1531186732184,3143906,0.00436400,0.34000000,1
1531186732193,1531186732184,3143907,0.00436100,4.73000000,1
1531186732193,1531186732184,3143908,0.00435900,2.31000000,1
1531186783490,1531186783485,3143909,0.00436300,0.24000000,1
1531186797963,1531186797956,3143910,0.00436300,0.24000000,1
1531186951677,1531186951673,3143911,0.00437400,1.82000000,0
1531187083859,1531187083855,3143912,0.00437800,0.24000000,0
1531187150491,1531187150485,3143913,0.00436800,1.05000000,1
1531187188659,1531187188654,3143914,0.00436400,0.34000000,1
1531187196991,1531187196985,3143915,0.00436300,0.43000000,1
1531187323127,1531187323121,3143916,0.00436000,0.16000000,1
1531187338831,1531187338827,3143917,0.00436300,2.26000000,0
1531187339285,1531187339280,3143918,0.00436300,4.87000000,0
1531187345749,1531187345743,3143919,0.00436300,2.25000000,0
1531187351149,1531187351144,3143920,0.00436300,2.25000000,0
1531187448260,1531187448255,3143921,0.00436000,3.35000000,1
1531187603391,1531187603386,3143922,0.00436100,2.48000000,1
1531187801808,1531187801804,3143923,0.00436300,11.25000000,0
1531187801808,1531187801804,3143924,0.00436700,2.33000000,0
1531187801808,1531187801804,3143925,0.00436800,5.34000000,0
1531187951532,1531187951527,3143926,0.00436800,0.01000000,0
1531187996042,1531187996038,3143927,0.00436800,1.47000000,0
1531187999279,1531187999275,3143928,0.00436800,6.90000000,0
1531188017562,1531188017558,3143929,0.00436800,0.43000000,1
1531188017562,1531188017558,3143930,0.00436200,2.05000000,1
1531188083657,1531188083653,3143931,0.00437100,2.00000000,0
1531188083662,1531188083656,3143932,0.00437100,0.40000000,0
1531188083669,1531188083664,3143933,0.00437300,2.00000000,0
1531188083698,1531188083694,3143934,0.00437300,2.00000000,0
1531188126928,1531188126924,3143935,0.00437200,2.00000000,0
1531188179116,1531188179112,3143936,0.00437300,1.26000000,0
1531188179116,1531188179112,3143937,0.00437600,12.74000000,0
1531188385674,1531188385670,3143938,0.00437500,0.23000000,0
1531188402809,1531188402804,3143939,0.00437200,4.44000000,1
1531188403964,1531188403961,3143940,0.00437200,5.17000000,1
1531188404543,1531188404539,3143941,0.00437200,0.91000000,1
1531188412255,1531188412251,3143942,0.00436100,0.35000000,1
1531188420045,1531188420041,3143943,0.00437200,3.00000000,0
1531188461566,1531188461561,3143944,0.00437200,3.98000000,1
1531188641036,1531188641032,3143945,0.00436500,2.29000000,0
1531188715389,1531188715385,3143946,0.00436400,3.69000000,0
1531188814659,1531188814656,3143947,0.00436200,0.47000000,0
1531188843274,1531188843270,3143948,0.00435600,0.24000000,1
1531188868218,1531188868083,3143949,0.00435600,3.04000000,1
1531188880580,1531188880577,3143950,0.00435500,0.50000000,0
1531188880580,1531188880577,3143951,0.00435600,4.42000000,0
1531188899462,1531188899459,3143952,0.00435200,2.00000000,1
1531188900846,1531188900844,3143953,0.00435600,2.83000000,0
1531188989844,1531188989842,3143954,0.00435600,3.61000000,0
1531189004695,1531189004690,3143955,0.00435600,2.29000000,0
1531189025798,1531189025797,3143956,0.00435600,0.81000000,0
1531189176242,1531189176238,3143957,0.00435200,0.01000000,1
1531189188444,1531189188441,3143958,0.00435200,2.02000000,1
1531189205248,1531189205244,3143959,0.00435100,0.34000000,1
1531189205248,1531189205244,3143960,0.00434800,2.07000000,1
1531189205248,1531189205244,3143961,0.00434500,0.48000000,1
1531189205248,1531189205244,3143962,0.00434400,1.40000000,1
1531189205248,1531189205244,3143963,0.00434300,1.20000000,1
1531189247619,1531189247615,3143964,0.00434300,0.24000000,1
1531189280657,1531189280653,3143965,0.00434200,0.60000000,1
1531189280657,1531189280653,3143966,0.00434000,23.88000000,1
1531189287468,1531189287465,3143967,0.00434000,0.24000000,1
1531189287702,1531189287697,3143968,0.00434000,0.24000000,1
1531189289972,1531189289968,3143969,0.00434000,8.09000000,1
1531189301177,1531189301174,3143970,0.00434100,3.81000000,1
1531189323331,1531189323328,3143971,0.00434100,187.95000000,1
1531189327763,1531189327761,3143972,0.00435000,0.53000000,0
1531189328246,1531189328242,3143973,0.00434100,0.61000000,1
1531189422104,1531189422071,3143974,0.00434300,4.70000000,0
1531189433164,1531189433162,3143975,0.00434100,33.03000000,1
1531189441244,1531189441241,3143976,0.00434100,1.81000000,1
1531189447693,1531189447690,3143977,0.00434300,0.10000000,0
1531189451936,1531189451932,3143978,0.00434300,0.10000000,0
1531189455766,1531189455762,3143979,0.00434300,0.10000000,0
1531189459403,1531189459401,3143980,0.00434300,0.10000000,0
1531189463180,1531189463177,3143981,0.00434300,0.10000000,0
1531189467260,1531189467257,3143982,0.00434300,0.10000000,0
1531189467581,1531189467579,3143983,0.00434300,1.04000000,0
1531189469952,1531189469950,3143984,0.00435800,1.83000000,0
1531189469952,1531189469950,3143985,0.00436000,0.47000000,0
1531189470482,1531189470479,3143986,0.00436000,2.30000000,0
1531189498194,1531189498190,3143987,0.00436000,2.35000000,0
1531189554602,1531189554599,3143988,0.00436000,2.29000000,0
1531189567639,1531189567636,3143989,0.00436000,2.29000000,0
1531189605651,1531189605649,3143990,0.00436000,10.33000000,0
1531189634773,1531189634771,3143991,0.00436000,1.32000000,0
1531189634782,1531189634779,3143992,0.00436000,0.43000000,0
1531189643954,1531189643950,3143993,0.00434400,1.43000000,1
1531189643954,1531189643950,3143994,0.00434100,8.93000000,1
1531189688076,1531189688074,3143995,0.00434300,28.78000000,1
1531189715928,1531189715926,3143996,0.00434200,6.66000000,1
1531189715928,1531189715926,3143997,0.00434100,122.60000000,1
1531189771590,1531189771588,3143998,0.00434200,1.00000000,1
1531189818111,1531189818107,3143999,0.00434300,2.80000000,1
1531189821097,1531189821095,3144000,0.00434300,6.66000000,1
1531189846784,1531189846781,3144001,0.00434700,28.78000000,0
1531189861586,1531189861583,3144002,0.00434300,9.42000000,1
1531189866545,1531189866543,3144003,0.00434300,30.45000000,1
1531189869863,1531189869860,3144004,0.00434300,7.50000000,1
1531189871741,1531189871737,3144005,0.00434300,3.17000000,1
1531189900569,1531189900565,3144006,0.00434300,29.10000000,1
1531189901060,1531189901057,3144007,0.00434300,0.30000000,1
1531189901351,1531189901348,3144008,0.00434300,2.07000000,1
1531189901351,1531189901348,3144009,0.00434200,12.30000000,1
1531189929253,1531189929249,3144010,0.00434200,18.44000000,1
1531189941577,1531189941575,3144011,0.00434300,19.02000000,1
1531189949856,1531189949825,3144012,0.00434300,27.12000000,1
1531189968713,1531189968709,3144013,0.00434300,33.25000000,1
1531190001724,1531190001719,3144014,0.00434300,57.45000000,1
1531190041485,1531190041482,3144015,0.00434300,2.00000000,1
1531190042779,1531190042777,3144016,0.00434300,2.00000000,1
1531190043603,1531190043599,3144017,0.00434300,1.61000000,1
1531190043603,1531190043599,3144018,0.00434200,38.77000000,1
1531190065559,1531190065556,3144019,0.00434200,36.73000000,1
1531190066621,1531190066617,3144020,0.00434200,0.30000000,1
1531190074467,1531190074463,3144021,0.00434200,2.20000000,1
1531190110261,1531190110260,3144022,0.00434300,1.61000000,0
1531190110261,1531190110260,3144023,0.00435500,0.69000000,0
1531190127380,1531190127376,3144024,0.00434200,0.26000000,1
1531190127380,1531190127376,3144025,0.00434000,1.92000000,1
1531190194390,1531190194386,3144026,0.00434000,3.85000000,1
1531190204682,1531190204680,3144027,0.00435800,2.29000000,0
1531190218685,1531190218685,3144028,0.00434000,22.90000000,1
1531190244975,1531190244972,3144029,0.00435600,0.50000000,0
1531190244975,1531190244972,3144030,0.00435700,0.53000000,0
1531190316721,1531190316717,3144031,0.00434300,1.56000000,1
1531190316935,1531190316934,3144032,0.00434300,0.08000000,1
1531190316935,1531190316934,3144033,0.00434200,22.03000000,1
1531190319034,1531190319033,3144034,0.00434200,1.56000000,1
1531190319096,1531190319095,3144035,0.00434200,3.66000000,1
1531190348543,1531190348541,3144036,0.00434100,20.00000000,1
1531190349731,1531190349727,3144037,0.00435500,1.64000000,0
1531190349731,1531190349727,3144038,0.00435600,6.99000000,0
1531190349731,1531190349727,3144039,0.00435900,61.93000000,0
1531190349731,1531190349727,3144040,0.00436000,83.81000000,0
1531190394966,1531190394961,3144041,0.00434300,3.00000000,1
1531190448891,1531190448888,3144042,0.00434500,0.50000000,1
1531190448891,1531190448888,3144043,0.00434400,2.30000000,1
1531190527133,1531190527129,3144044,0.00435000,21.94000000,1
1531190558176,1531190558174,3144045,0.00435100,1.56000000,1
1531190561330,1531190561326,3144046,0.00435100,1.56000000,1
1531190564956,1531190564953,3144047,0.00435100,14.93000000,1
1531190565485,1531190565482,3144048,0.00435100,1.56000000,1
1531190567590,1531190567586,3144049,0.00435100,1.56000000,1
1531190570250,1531190570248,3144050,0.00434900,1.27000000,1
1531190574610,1531190574609,3144051,0.00435100,2.00000000,1
1531190574841,1531190574838,3144052,0.00435100,2.18000000,1
1531190578070,1531190578066,3144053,0.00435800,1.72000000,0
1531190578070,1531190578066,3144054,0.00436300,0.34000000,0
1531190578070,1531190578066,3144055,0.00436500,0.23000000,0
1531190578663,1531190578661,3144056,0.00435100,12.76000000,1
1531190580522,1531190580520,3144057,0.00435200,1.43000000,1
1531190580884,1531190580881,3144058,0.00435100,11.78000000,1
1531190580884,1531190580881,3144059,0.00434900,0.98000000,1
1531190582764,1531190582760,3144060,0.00434900,1.56000000,1
1531190585918,1531190585915,3144061,0.00434900,1.56000000,1
1531190587147,1531190587144,3144062,0.00434900,1.59000000,1
1531190588755,1531190588752,3144063,0.00434900,35.87000000,1
1531190588755,1531190588752,3144064,0.00434800,40.97000000,1
1531190589503,1531190589499,3144065,0.00434800,1.97000000,1
1531190677344,1531190677342,3144066,0.00434900,2.29000000,0
1531190691306,1531190691304,3144067,0.00434400,3.63000000,1
1531190692340,1531190692337,3144068,0.00434400,6.34000000,1
1531190720849,1531190720846,3144069,0.00434400,84.42000000,1
1531190750849,1531190750845,3144070,0.00434000,1.43000000,1
1531190755234,1531190755233,3144071,0.00434000,4.00000000,1
1531190757273,1531190757271,3144072,0.00434100,2.30000000,0
1531190793986,1531190793971,3144073,0.00434000,7.02000000,1
1531190820089,1531190820085,3144074,0.00434000,2.20000000,1
1531190821278,1531190821275,3144075,0.00434000,4.00000000,1
1531190821687,1531190821684,3144076,0.00434000,1.79000000,1
1531190823285,1531190823282,3144077,0.00434000,2.07000000,1
1531190850734,1531190850731,3144078,0.00433900,0.27000000,1
1531190863168,1531190863166,3144079,0.00433800,0.24000000,1
1531190863168,1531190863166,3144080,0.00433700,0.67000000,1
1531190881625,1531190881621,3144081,0.00433700,1.38000000,1
1531190886589,1531190886585,3144082,0.00433700,2.19000000,1
1531190891830,1531190891826,3144083,0.00434400,3.29000000,1
1531190892842,1531190892840,3144084,0.00434400,1.71000000,1
1531190899638,1531190899635,3144085,0.00433700,4.15000000,1
1531190904955,1531190904951,3144086,0.00433700,0.24000000,1
1531190946712,1531190946708,3144087,0.00434200,2.30000000,0
1531190948354,1531190948351,3144088,0.00434200,2.30000000,0
1531190953106,1531190953100,3144089,0.00433700,0.87000000,1
1531190953106,1531190953100,3144090,0.00433400,0.80000000,1
1531190953106,1531190953100,3144091,0.00433300,0.24000000,1
1531190953106,1531190953100,3144092,0.00433000,0.24000000,1
1531190953106,1531190953100,3144093,0.00432900,1.02000000,1
1531190953106,1531190953100,3144094,0.00432800,1.84000000,1
1531190953106,1531190953100,3144095,0.00432200,0.48000000,1
1531190953106,1531190953100,3144096,0.00432100,0.29000000,1
1531190953106,1531190953100,3144097,0.00431900,1.78000000,1
1531190953106,1531190953100,3144098,0.00431200,9.53000000,1
1531190953106,1531190953100,3144099,0.00431000,3.24000000,1
1531190953106,1531190953100,3144100,0.00430900,8.12000000,1
1531190953106,1531190953100,3144101,0.00430700,23.55000000,1
1531190954998,1531190954994,3144102,0.00432600,0.01000000,0
1531190956969,1531190956967,3144103,0.00430700,0.02000000,1
1531190958867,1531190958865,3144104,0.00430800,0.25000000,1
1531190959445,1531190959441,3144105,0.00432600,0.47000000,0
1531190959445,1531190959441,3144106,0.00432800,1.84000000,0
1531190959445,1531190959441,3144107,0.00433500,20.96000000,0
1531190960649,1531190960646,3144108,0.00430700,1.85000000,1
1531190960649,1531190960646,3144109,0.00430600,2.71000000,1
1531190961337,1531190961335,3144110,0.00430600,1.14000000,1
1531190962646,1531190962643,3144111,0.00430700,0.57000000,1
1531190962646,1531190962643,3144112,0.00430600,0.57000000,1
1531190962670,1531190962666,3144113,0.00430600,1.11000000,1
1531190962670,1531190962666,3144114,0.00430400,0.04000000,1
1531190963387,1531190963383,3144115,0.00430400,1.01000000,1
1531190963387,1531190963383,3144116,0.00430100,0.14000000,1
1531190965391,1531190965388,3144117,0.00430200,0.32000000,1
1531190975992,1531190975989,3144118,0.00430300,2.19000000,1
1531190976671,1531190976668,3144119,0.00430300,2.20000000,1
1531190977560,1531190977558,3144120,0.00430400,2.20000000,1
1531190978085,1531190978083,3144121,0.00430400,2.20000000,1
1531190978712,1531190978710,3144122,0.00430400,2.19000000,1
1531190979226,1531190979225,3144123,0.00430400,2.19000000,1
1531190985796,1531190985794,3144124,0.00432600,0.12000000,0
1531190986509,1531190986505,3144125,0.00430300,0.24000000,1
1531190989507,1531190989503,3144126,0.00432400,0.10000000,0
1531190990119,1531190990115,3144127,0.00430300,2.20000000,1
1531190990831,1531190990829,3144128,0.00430500,2.19000000,1
1531190992469,1531190992465,3144129,0.00430500,0.15000000,1
1531190992656,1531190992653,3144130,0.00430500,2.20000000,1
1531190993387,1531190993385,3144131,0.00430500,0.09000000,1
1531190993387,1531190993385,3144132,0.00430400,0.50000000,1
1531190993387,1531190993385,3144133,0.00430300,1.60000000,1
1531190993571,1531190993568,3144134,0.00432200,0.10000000,0
1531190995541,1531190995537,3144135,0.00432100,0.45000000,0
1531190995541,1531190995537,3144136,0.00432200,0.55000000,0
1531190997133,1531190997130,3144137,0.00432200,0.07000000,0
1531191005378,1531191005375,3144138,0.00430300,0.24000000,1
1531191005389,1531191005385,3144139,0.00430300,0.24000000,1
1531191005518,1531191005514,3144140,0.00430300,2.82000000,1
1531191005700,1531191005698,3144141,0.00432200,1.00000000,0
1531191005817,1531191005814,3144142,0.00430300,0.71000000,1
1531191018366,1531191018363,3144143,0.00432200,1.00000000,0
1531191027656,1531191027651,3144144,0.00432200,4.23000000,0
1531191038299,1531191038243,3144145,0.00431900,2.08000000,0
1531191047536,1531191047533,3144146,0.00431900,6.00000000,0
1531191052277,1531191052273,3144147,0.00431900,3.32000000,0
1531191054371,1531191054368,3144148,0.00430600,1.61000000,1
1531191055112,1531191055107,3144149,0.00430500,9.64000000,0
1531191056491,1531191056487,3144150,0.00430500,58.83000000,0
1531191056617,1531191056614,3144151,0.00430500,0.44000000,0
1531191056894,1531191056891,3144152,0.00430400,4.10000000,1
1531191057497,1531191057494,3144153,0.00430200,44.47000000,0
1531191057497,1531191057494,3144154,0.00430500,18.33000000,0
1531191061711,1531191061708,3144155,0.00430500,40.14000000,0
1531191061757,1531191061754,3144156,0.00430100,166.10000000,1
1531191067602,1531191067599,3144157,0.00430500,0.10000000,0
1531191067610,1531191067606,3144158,0.00430500,2.13000000,0
1531191070111,1531191070109,3144159,0.00431400,0.90000000,0
1531191075558,1531191075555,3144160,0.00430500,2.20000000,1
1531191078853,1531191078850,3144161,0.00430500,2.36000000,1
1531191078853,1531191078850,3144162,0.00430100,0.36000000,1
1531191084308,1531191084304,3144163,0.00430100,35.46000000,1
1531191094178,1531191094175,3144164,0.00431400,1.18000000,0
1531191105779,1531191105775,3144165,0.00431400,0.10000000,1
1531191132159,1531191132157,3144166,0.00431400,2.31000000,0
1531191135280,1531191135276,3144167,0.00431400,2.31000000,0
1531191142125,1531191142122,3144168,0.00431400,2.31000000,0
1531191169787,1531191169783,3144169,0.00430500,1.15000000,1
1531191195524,1531191195520,3144170,0.00430500,0.50000000,0
1531191205729,1531191205725,3144171,0.00430200,4.02000000,1
1531191206221,1531191206217,3144172,0.00430500,0.50000000,0
1531191214329,1531191214325,3144173,0.00430500,0.23000000,0
1531191216289,1531191216286,3144174,0.00430500,1.00000000,0
1531191218836,1531191218833,3144175,0.00430500,2.32000000,0
1531191225134,1531191225131,3144176,0.00430500,2.32000000,0
1531191226266,1531191226264,3144177,0.00430500,0.55000000,0
1531191232871,1531191232866,3144178,0.00430500,1.00000000,0
1531191240124,1531191240121,3144179,0.00430500,2.32000000,0
1531191334151,1531191334149,3144180,0.00430500,7.36000000,0
1531191426504,1531191426501,3144181,0.00430000,69.93000000,1
1531191426504,1531191426501,3144182,0.00430000,11.89000000,1
1531191492126,1531191492123,3144183,0.00430000,9.49000000,1
1531191500573,1531191500570,3144184,0.00430500,2.32000000,0
1531191588132,1531191588129,3144185,0.00430000,2.20000000,1
1531191727271,1531191727266,3144186,0.00430000,79.31000000,1
1531191728070,1531191728068,3144187,0.00429900,0.50000000,0
1531191745846,1531191745843,3144188,0.00429800,0.50000000,0
1531191756214,1531191756209,3144189,0.00429600,0.80000000,1
1531191756214,1531191756209,3144190,0.00429200,1.86000000,1
1531191756214,1531191756209,3144191,0.00429000,0.24000000,1
1531191756214,1531191756209,3144192,0.00428900,0.61000000,1
1531191756214,1531191756209,3144193,0.00428800,0.16000000,1
1531191756551,1531191756548,3144194,0.00429000,12.41000000,0
1531191758392,1531191758389,3144195,0.00429000,0.21000000,1
1531191760595,1531191760590,3144196,0.00429700,1.00000000,0
1531191773467,1531191773463,3144197,0.00429800,1.00000000,0
1531191775974,1531191775970,3144198,0.00429100,2.21000000,1
1531191784923,1531191784918,3144199,0.00429800,1.00000000,0
1531191786638,1531191786634,3144200,0.00429800,2.15000000,0
1531191791410,1531191791406,3144201,0.00429100,2.21000000,1
1531191793243,1531191793239,3144202,0.00429100,0.24000000,1
1531191797678,1531191797674,3144203,0.00429800,1.00000000,0
1531191807151,1531191807150,3144204,0.00429800,2.36000000,0
1531191810467,1531191810462,3144205,0.00429800,1.00000000,0
1531191813827,1531191813821,3144206,0.00429100,0.62000000,1
1531191820685,1531191820681,3144207,0.00429800,1.00000000,0
1531191830963,1531191830959,3144208,0.00429800,1.00000000,0
1531191841220,1531191841219,3144209,0.00429800,1.00000000,0
1531191851021,1531191851018,3144210,0.00429800,1.00000000,0
1531191860798,1531191860795,3144211,0.00429800,1.00000000,0
1531191869814,1531191869812,3144212,0.00429800,1.77000000,0
1531191869814,1531191869812,3144213,0.00430000,0.55000000,0
1531191900097,1531191900093,3144214,0.00429900,0.50000000,0
1531191915868,1531191915864,3144215,0.00429900,0.50000000,0
1531191932149,1531191932144,3144216,0.00429900,1.00000000,0
1531191938451,1531191938446,3144217,0.00429100,0.37000000,1
1531191985564,1531191985559,3144218,0.00430000,0.93000000,0
1531191986399,1531191986396,3144219,0.00430000,0.93000000,0
1531191987365,1531191987361,3144220,0.00430000,0.93000000,0
1531192001393,1531192001391,3144221,0.00430000,0.50000000,0
1531192014458,1531192014453,3144222,0.00430000,0.50000000,0
1531192027161,1531192027157,3144223,0.00430000,0.56000000,0
1531192052094,1531192052092,3144224,0.00430000,1.00000000,0
1531192068827,1531192068823,3144225,0.00429900,3.80000000,0
1531192104368,1531192104366,3144226,0.00429900,0.50000000,0
1531192121065,1531192121059,3144227,0.00430000,3.19000000,0
1531192121094,1531192121089,3144228,0.00430000,0.34000000,0
1531192123930,1531192123927,3144229,0.00429400,0.50000000,0
1531192133904,1531192133901,3144230,0.00429400,0.50000000,0
1531192134647,1531192134643,3144231,0.00429400,2.32000000,0
1531192140499,1531192140494,3144232,0.00429400,0.44000000,0
1531192146597,1531192146593,3144233,0.00429400,0.01000000,0
1531192166044,1531192166042,3144234,0.00429400,0.82000000,0
1531192170128,1531192170124,3144235,0.00429900,0.63000000,0
1531192255301,1531192255297,3144236,0.00429400,0.11000000,1
1531192255301,1531192255297,3144237,0.00429000,1.92000000,1
1531192275703,1531192275698,3144238,0.00429000,68.88000000,1
1531192308917,1531192308915,3144239,0.00429900,2.30000000,0
1531192314270,1531192314266,3144240,0.00429900,2.30000000,0
1531192328712,1531192328707,3144241,0.00429900,0.71000000,0
1531192423187,1531192423182,3144242,0.00429900,2.32000000,0
1531192473177,1531192473174,3144243,0.00429600,0.50000000,0
1531192480345,1531192480341,3144244,0.00429600,0.93000000,0
1531192480766,1531192480761,3144245,0.00429600,2.31000000,0
1531192480766,1531192480761,3144246,0.00429800,6.60000000,0
1531192481807,1531192481802,3144247,0.00428800,0.08000000,1
1531192481807,1531192481802,3144248,0.00428600,0.34000000,1
1531192481807,1531192481802,3144249,0.00428500,0.72000000,1
1531192481807,1531192481802,3144250,0.00428300,1.03000000,1
1531192481808,1531192481802,3144251,0.00428300,0.83000000,1
1531192481808,1531192481802,3144252,0.00428100,0.24000000,1
1531192481808,1531192481802,3144253,0.00427800,8.01000000,1
1531192481820,1531192481815,3144254,0.00428000,13.17000000,0
1531192481828,1531192481825,3144255,0.00428000,13.17000000,0
1531192481830,1531192481828,3144256,0.00428000,28.77000000,0
1531192481853,1531192481851,3144257,0.00429800,26.34000000,0
1531192482104,1531192482101,3144258,0.00429800,0.93000000,0
1531192483599,1531192483596,3144259,0.00429800,0.50000000,0
1531192483750,1531192483747,3144260,0.00429800,0.93000000,0
1531192483820,1531192483817,3144261,0.00429800,0.93000000,0
1531192486200,1531192486198,3144262,0.00429800,3.15000000,0
1531192486235,1531192486230,3144263,0.00429800,1.22000000,0
1531192489487,1531192489484,3144264,0.00429900,0.93000000,0
1531192489497,1531192489493,3144265,0.00429900,0.93000000,0
1531192490398,1531192490395,3144266,0.00429900,13.49000000,0
1531192491202,1531192491198,3144267,0.00429900,0.93000000,0
1531192496568,1531192496563,3144268,0.00429900,0.31000000,0
1531192522132,1531192522128,3144269,0.00429800,0.24000000,1
1531192522504,1531192522500,3144270,0.00429800,0.24000000,1
1531192535130,1531192535126,3144271,0.00429800,1.45000000,1
1531192566566,1531192566562,3144272,0.00429800,2.30000000,0
1531192581886,1531192581884,3144273,0.00429800,0.01000000,0
1531192592299,1531192592295,3144274,0.00428600,2.21000000,1
1531192620322,1531192620318,3144275,0.00428700,22.53000000,0
1531192620618,1531192620616,3144276,0.00428700,16.42000000,0
1531192620665,1531192620660,3144277,0.00428700,2.35000000,0
1531192620688,1531192620687,3144278,0.00428700,0.01000000,0
1531192621430,1531192621425,3144279,0.00428600,2.02000000,1
1531192621430,1531192621425,3144280,0.00428500,0.24000000,1
1531192807120,1531192807115,3144281,0.00429600,30.98000000,0
1531192807120,1531192807115,3144282,0.00429900,10.72000000,0
1531192807120,1531192807115,3144283,0.00430000,81.16000000,0
1531193055576,1531193055571,3144284,0.00430400,1.85000000,0
1531193055576,1531193055571,3144285,0.00431600,0.47000000,0
1531193201139,1531193201135,3144286,0.00431500,16.00000000,0
1531193244050,1531193244045,3144287,0.00431400,21.55000000,1
1531193252243,1531193252239,3144288,0.00432000,1.54000000,0
1531193263241,1531193263236,3144289,0.00431800,0.99000000,0
1531193381548,1531193381543,3144290,0.00431700,2.00000000,0
1531193408241,1531193408236,3144291,0.00431700,23.25000000,0
1531193425903,1531193425899,3144292,0.00431800,5.19000000,0
1531193434498,1531193434493,3144293,0.00431700,2.83000000,1
1531193435634,1531193435629,3144294,0.00431400,7.61000000,1
1531193436641,1531193436640,3144295,0.00431400,7.84000000,1
1531193443437,1531193443433,3144296,0.00431900,0.24000000,0
1531193625497,1531193625492,3144297,0.00430400,1.48000000,1
1531193625497,1531193625492,3144298,0.00430300,2.13000000,1
1531193669112,1531193669108,3144299,0.00430300,0.91000000,1
1531193736730,1531193736725,3144300,0.00430300,2.00000000,0
1531193740964,1531193740960,3144301,0.00430200,2.75000000,1
1531193741296,1531193741293,3144302,0.00430200,2.75000000,1
1531193743889,1531193743886,3144303,0.00430200,3.14000000,1
1531193745463,1531193745458,3144304,0.00430200,8.36000000,1
1531193745463,1531193745458,3144305,0.00430000,4.19000000,1
1531193794637,1531193794632,3144306,0.00430000,8.55000000,1
1531193820442,1531193820437,3144307,0.00430300,2.32000000,0
1531193857512,1531193857509,3144308,0.00430000,1.00000000,1
1531193877435,1531193877429,3144309,0.00430300,13.29000000,0
1531193929965,1531193929960,3144310,0.00430000,1.27000000,1
1531193931014,1531193931010,3144311,0.00430000,1.65000000,1
1531193945660,1531193945656,3144312,0.00430100,7.97000000,1
1531193946465,1531193946462,3144313,0.00430100,3.58000000,1
1531193946465,1531193946462,3144314,0.00430000,5.28000000,1
1531194069090,1531194069084,3144315,0.00430000,25.67000000,1
1531194069090,1531194069084,3144316,0.00428700,22.25000000,1
1531194069547,1531194069543,3144317,0.00428700,36.15000000,0
1531194069927,1531194069924,3144318,0.00428700,28.20000000,0
1531194070234,1531194070231,3144319,0.00428700,40.80000000,0
1531194103147,1531194103144,3144320,0.00428700,4.75000000,0
1531194106089,1531194106085,3144321,0.00428700,3.73000000,0
1531194125650,1531194125645,3144322,0.00428700,1.15000000,0
1531194159637,1531194159632,3144323,0.00428700,1.00000000,0
1531194172006,1531194172001,3144324,0.00428700,34.17000000,0
1531194236137,1531194236131,3144325,0.00430300,0.93000000,0
1531194237366,1531194237362,3144326,0.00430300,0.08000000,0
1531194520878,1531194520874,3144327,0.00430300,1.78000000,1
1531194539790,1531194539785,3144328,0.00430300,0.22000000,0
1531194549800,1531194549795,3144329,0.00431600,0.53000000,0
1531194559933,1531194559929,3144330,0.00430300,2.90000000,1
1531194650671,1531194650668,3144331,0.00431400,1.44000000,0
1531194650671,1531194650668,3144332,0.00431500,0.87000000,0
1531194843842,1531194843838,3144333,0.00431200,10.01000000,0
1531194883701,1531194883695,3144334,0.00429900,34.17000000,1
1531194930004,1531194929999,3144335,0.00431600,10.01000000,0
1531195029173,1531195029167,3144336,0.00431700,15.79000000,0
1531195212917,1531195212912,3144337,0.00430800,12.19000000,1
1531195221998,1531195221993,3144338,0.00432400,5.01000000,0
1531195262995,1531195262989,3144339,0.00432500,18.88000000,0
1531195262995,1531195262989,3144340,0.00432600,0.50000000,0
1531195262995,1531195262989,3144341,0.00432700,10.65000000,0
1531195311992,1531195311986,3144342,0.00432600,5.01000000,0
1531195330205,1531195330198,3144343,0.00431200,1.43000000,1
1531195386443,1531195386438,3144344,0.00431500,0.50000000,0
1531195386470,1531195386463,3144345,0.00431500,2.00000000,1
1531195386482,1531195386478,3144346,0.00431500,0.50000000,1
1531195386482,1531195386478,3144347,0.00430400,2.00000000,1
1531195594560,1531195594552,3144348,0.00430500,0.50000000,1
1531195673571,1531195673567,3144349,0.00430400,2.69000000,1
1531195710077,1531195710072,3144350,0.00430400,5.64000000,1
1531195819838,1531195819831,3144351,0.00432100,3.59000000,0
1531195830697,1531195830691,3144352,0.00430400,1.67000000,1
1531195831277,1531195831271,3144353,0.00430400,0.50000000,0
1531195880816,1531195880812,3144354,0.00430400,5.01000000,0
1531195893166,1531195893161,3144355,0.00430400,0.12000000,0
1531195963972,1531195963967,3144356,0.00430400,5.01000000,0
1531196081264,1531196081259,3144357,0.00430400,6.40000000,0
1531196082982,1531196082974,3144358,0.00430400,6.40000000,0
1531196083198,1531196083192,3144359,0.00430400,6.40000000,0
1531196085003,1531196084997,3144360,0.00430400,1.79000000,0
1531196104331,1531196104327,3144361,0.00430400,1.00000000,0
1531196109778,1531196109773,3144362,0.00430400,3.00000000,0
1531196119720,1531196119713,3144363,0.00430400,2.32000000,0
