event_time,trade_time,trade_id,price,quantity,maker
1531160274133,1531160274129,10023433,0.00015797,731.00000000,0
1531160274153,1531160274150,10023434,0.00015797,14.00000000,0
1531160280130,1531160280129,10023435,0.00015798,1567.00000000,0
1531160280130,1531160280129,10023436,0.00015799,21.00000000,0
1531160281219,1531160281216,10023437,0.00015797,12.00000000,1
1531160281219,1531160281216,10023438,0.00015783,1.00000000,1
1531160281249,1531160281244,10023439,0.00015783,45.00000000,1
1531160291828,1531160291826,10023440,0.00015784,134.00000000,1
1531160298338,1531160298335,10023441,0.00015798,757.00000000,0
1531160315992,1531160315988,10023442,0.00015798,757.00000000,0
1531160336224,1531160336220,10023443,0.00015798,757.00000000,0
1531160345367,1531160345365,10023444,0.00015799,12.00000000,0
1531160349822,1531160349817,10023445,0.00015799,12.00000000,0
1531160351809,1531160351805,10023446,0.00015799,11.00000000,0
1531160361120,1531160361118,10023447,0.00015798,7.00000000,0
1531160361120,1531160361118,10023448,0.00015799,15.00000000,0
1531160369181,1531160369178,10023449,0.00015797,174.00000000,1
1531160369195,1531160369191,10023450,0.00015797,280.00000000,0
1531160369211,1531160369207,10023451,0.00015798,310.00000000,0
1531160372742,1531160372738,10023452,0.00015799,290.00000000,0
1531160373119,1531160373117,10023453,0.00015800,84.00000000,0
1531160374422,1531160374419,10023454,0.00015800,257.00000000,0
1531160375489,1531160375489,10023455,0.00015802,9.00000000,0
1531160378551,1531160378546,10023456,0.00015822,12.00000000,0
1531160385556,1531160385553,10023457,0.00015797,42.00000000,1
1531160388736,1531160388731,10023458,0.00015821,15.00000000,0
1531160388736,1531160388731,10023459,0.00015822,40.00000000,0
1531160388736,1531160388731,10023460,0.00015825,9.00000000,0
1531160388736,1531160388731,10023461,0.00015846,7.00000000,0
1531160390128,1531160390126,10023462,0.00015801,25.00000000,1
1531160391650,1531160391647,10023463,0.00015831,207.00000000,1
1531160391713,1531160391709,10023464,0.00015842,205.00000000,0
1531160391713,1531160391709,10023465,0.00015844,25.00000000,0
1531160391713,1531160391709,10023466,0.00015846,17.00000000,0
1531160391713,1531160391709,10023467,0.00015847,1532.00000000,0
1531160391743,1531160391742,10023468,0.00015850,7.00000000,0
1531160394686,1531160394680,10023469,0.00015841,25.00000000,1
1531160396312,1531160396310,10023470,0.00015863,162.00000000,0
1531160397309,1531160397307,10023471,0.00015867,2.00000000,0
1531160397749,1531160397746,10023472,0.00015867,7.00000000,0
1531160398828,1531160398825,10023473,0.00015867,9.00000000,0
1531160412117,1531160412111,10023474,0.00015866,86.00000000,0
1531160416156,1531160416153,10023475,0.00015866,1052.00000000,0
1531160416213,1531160416210,10023476,0.00015866,20.00000000,1
1531160418756,1531160418753,10023477,0.00015873,9.00000000,0
1531160419757,1531160419754,10023478,0.00015879,133.00000000,0
1531160420068,1531160420064,10023479,0.00015872,144.00000000,1
1531160420762,1531160420759,10023480,0.00015880,26.00000000,0
1531160424795,1531160424792,10023481,0.00015888,2.00000000,0
1531160426050,1531160426046,10023482,0.00015888,105.00000000,0
1531160426845,1531160426840,10023483,0.00015888,63.00000000,0
1531160426866,1531160426863,10023484,0.00015888,156.00000000,0
1531160434126,1531160434123,10023485,0.00015893,70.00000000,0
1531160434126,1531160434123,10023486,0.00015897,7.00000000,0
1531160434126,1531160434123,10023487,0.00015899,27.00000000,0
1531160435754,1531160435751,10023488,0.00015893,36.00000000,0
1531160436106,1531160436104,10023489,0.00015888,459.00000000,1
1531160440108,1531160440105,10023490,0.00015888,129.00000000,1
1531160441433,1531160441429,10023491,0.00015888,231.00000000,1
1531160441559,1531160441555,10023492,0.00015888,229.00000000,1
1531160445473,1531160445445,10023493,0.00015897,865.00000000,0
1531160452442,1531160452438,10023494,0.00015898,36.00000000,0
1531160452442,1531160452438,10023495,0.00015899,36.00000000,0
1531160452442,1531160452438,10023496,0.00015907,52.00000000,0
1531160452442,1531160452438,10023497,0.00015908,2.00000000,0
1531160454949,1531160454945,10023498,0.00015908,2.00000000,0
1531160458466,1531160458463,10023499,0.00015881,63.00000000,1
1531160464284,1531160464284,10023500,0.00015880,3.00000000,1
1531160465774,1531160465772,10023501,0.00015873,1.00000000,1
1531160466180,1531160466175,10023502,0.00015881,353.00000000,0
1531160479332,1531160479328,10023503,0.00015890,104.00000000,0
1531160489167,1531160489164,10023504,0.00015875,9.00000000,1
1531160500465,1531160500462,10023505,0.00015875,63.00000000,1
1531160500785,1531160500782,10023506,0.00015875,59.00000000,1
1531160501873,1531160501869,10023507,0.00015873,131.00000000,1
1531160502965,1531160502961,10023508,0.00015870,48.00000000,1
1531160516917,1531160516914,10023509,0.00015883,73.00000000,0
1531160516917,1531160516914,10023510,0.00015884,46.00000000,0
1531160516917,1531160516914,10023511,0.00015888,20.00000000,0
1531160518577,1531160518574,10023512,0.00015873,118.00000000,0
1531160518585,1531160518581,10023513,0.00015888,507.00000000,0
1531160518608,1531160518605,10023514,0.00015888,66.00000000,0
1531160518763,1531160518758,10023515,0.00015888,20.00000000,1
1531160534767,1531160534763,10023516,0.00015863,15.00000000,1
1531160541766,1531160541762,10023517,0.00015853,100.00000000,1
1531160543964,1531160543961,10023518,0.00015850,15.00000000,1
1531160543964,1531160543961,10023519,0.00015849,37.00000000,1
1531160544750,1531160544746,10023520,0.00015849,15.00000000,1
1531160545775,1531160545771,10023521,0.00015844,52.00000000,1
1531160548928,1531160548924,10023522,0.00015832,1.00000000,1
1531160569992,1531160569989,10023523,0.00015839,150.00000000,1
1531160578690,1531160578687,10023524,0.00015827,15.00000000,1
1531160627789,1531160627786,10023525,0.00015826,2419.00000000,1
1531160633502,1531160633499,10023526,0.00015826,40.00000000,1
1531160633502,1531160633499,10023527,0.00015818,52.00000000,1
1531160633502,1531160633499,10023528,0.00015813,497.00000000,1
1531160641409,1531160641406,10023529,0.00015830,15.00000000,0
1531160641409,1531160641406,10023530,0.00015841,1.00000000,0
1531160643232,1531160643232,10023531,0.00015830,14.00000000,0
1531160671160,1531160671158,10023532,0.00015829,1311.00000000,0
1531160704067,1531160704063,10023533,0.00015842,7.00000000,0
1531160723297,1531160723294,10023534,0.00015810,9.00000000,1
1531160733139,1531160733136,10023535,0.00015842,7.00000000,0
1531160755925,1531160755922,10023536,0.00015833,349.00000000,0
1531160755935,1531160755932,10023537,0.00015844,277.00000000,0
1531160758004,1531160758004,10023538,0.00015822,7.00000000,1
1531160772882,1531160772881,10023539,0.00015844,1588.00000000,0
1531160772899,1531160772896,10023540,0.00015844,1032.00000000,0
1531160775268,1531160775263,10023541,0.00015822,11.00000000,1
1531160795023,1531160795019,10023542,0.00015823,1042.00000000,1
1531160795047,1531160795042,10023543,0.00015823,459.00000000,1
1531160803426,1531160803421,10023544,0.00015834,165.00000000,0
1531160803435,1531160803432,10023545,0.00015823,67.00000000,1
1531160803452,1531160803449,10023546,0.00015823,109.00000000,1
1531160820816,1531160820812,10023547,0.00015823,63.00000000,0
1531160858236,1531160858232,10023548,0.00015823,15.00000000,0
1531160895589,1531160895586,10023549,0.00015827,42.00000000,1
1531160895701,1531160895698,10023550,0.00015827,22.00000000,1
1531160911677,1531160911673,10023551,0.00015828,107.00000000,1
1531160914217,1531160914215,10023552,0.00015829,11.00000000,1
1531160914727,1531160914722,10023553,0.00015829,8.00000000,1
1531160959542,1531160959539,10023554,0.00015852,90.00000000,0
1531160959582,1531160959578,10023555,0.00015853,52.00000000,0
1531160959582,1531160959578,10023556,0.00015860,208.00000000,0
1531160984313,1531160984309,10023557,0.00015844,1621.00000000,0
1531160984330,1531160984325,10023558,0.00015857,891.00000000,0
1531160991692,1531160991691,10023559,0.00015835,30.00000000,1
1531160998524,1531160998519,10023560,0.00015860,28.00000000,0
1531161005471,1531161005467,10023561,0.00015857,23.00000000,0
1531161005688,1531161005684,10023562,0.00015857,7.00000000,0
1531161025371,1531161025366,10023563,0.00015847,7.00000000,0
1531161039464,1531161039460,10023564,0.00015847,54.00000000,1
1531161047867,1531161047864,10023565,0.00015846,1791.00000000,0
1531161047888,1531161047883,10023566,0.00015846,722.00000000,0
1531161064592,1531161064589,10023567,0.00015853,230.00000000,0
1531161064603,1531161064600,10023568,0.00015853,1268.00000000,0
1531161077073,1531161077069,10023569,0.00015853,1477.00000000,0
1531161085281,1531161085276,10023570,0.00015840,112.00000000,0
1531161085293,1531161085288,10023571,0.00015853,72.00000000,0
1531161091725,1531161091721,10023572,0.00015849,7.00000000,0
1531161097026,1531161097022,10023573,0.00015836,528.00000000,0
1531161097038,1531161097034,10023574,0.00015848,352.00000000,0
1531161138716,1531161138712,10023575,0.00015832,1471.00000000,1
1531161155077,1531161155072,10023576,0.00015834,538.00000000,1
1531161200994,1531161200988,10023577,0.00015826,274.00000000,1
1531161200994,1531161200988,10023578,0.00015825,50.00000000,1
1531161200994,1531161200988,10023579,0.00015824,15.00000000,1
1531161200994,1531161200988,10023580,0.00015823,10.00000000,1
1531161200994,1531161200988,10023581,0.00015817,338.00000000,1
1531161210937,1531161210936,10023582,0.00015832,812.00000000,0
1531161214384,1531161214380,10023583,0.00015832,905.00000000,0
1531161225240,1531161225236,10023584,0.00015833,15.00000000,0
1531161225952,1531161225949,10023585,0.00015832,812.00000000,1
1531161228256,1531161228251,10023586,0.00015832,16.00000000,0
1531161246213,1531161246209,10023587,0.00015814,1604.00000000,1
1531161246230,1531161246227,10023588,0.00015832,889.00000000,0
1531161246822,1531161246820,10023589,0.00015832,15.00000000,1
1531161257080,1531161257075,10023590,0.00015833,285.00000000,1
1531161257100,1531161257096,10023591,0.00015833,176.00000000,1
1531161257126,1531161257122,10023592,0.00015832,813.00000000,1
1531161264633,1531161264629,10023593,0.00015814,265.00000000,1
1531161264658,1531161264654,10023594,0.00015832,904.00000000,0
1531161280085,1531161280084,10023595,0.00015833,1206.00000000,1
1531161280102,1531161280098,10023596,0.00015833,350.00000000,1
1531161280116,1531161280112,10023597,0.00015832,813.00000000,1
1531161292194,1531161292189,10023598,0.00015832,4.00000000,0
1531161295547,1531161295543,10023599,0.00015832,900.00000000,0
1531161304157,1531161304152,10023600,0.00015851,7.00000000,0
1531161305558,1531161305552,10023601,0.00015851,8.00000000,0
1531161305558,1531161305552,10023602,0.00015855,15.00000000,0
1531161305558,1531161305552,10023603,0.00015860,40.00000000,0
1531161309565,1531161309561,10023604,0.00015833,3.00000000,1
1531161309719,1531161309715,10023605,0.00015856,3.00000000,0
1531161312830,1531161312827,10023606,0.00015834,39.00000000,1
1531161313897,1531161313893,10023607,0.00015853,51.00000000,0
1531161313897,1531161313893,10023608,0.00015856,12.00000000,0
1531161315966,1531161315962,10023609,0.00015834,1181.00000000,1
1531161328769,1531161328766,10023610,0.00015834,7.00000000,0
1531161358369,1531161358365,10023611,0.00015816,28.00000000,0
1531161358948,1531161358943,10023612,0.00015816,223.00000000,0
1531161359122,1531161359118,10023613,0.00015820,679.00000000,0
1531161359146,1531161359142,10023614,0.00015820,404.00000000,0
1531161360852,1531161360847,10023615,0.00015825,3301.00000000,0
1531161361907,1531161361905,10023616,0.00015834,32.00000000,0
1531161395100,1531161395096,10023617,0.00015845,1946.00000000,0
1531161395112,1531161395107,10023618,0.00015835,1232.00000000,1
1531161411040,1531161411035,10023619,0.00015845,1856.00000000,0
1531161411059,1531161411054,10023620,0.00015835,663.00000000,1
1531161427996,1531161427992,10023621,0.00015835,35.00000000,0
1531161467110,1531161467107,10023622,0.00015835,283.00000000,0
1531161469318,1531161469312,10023623,0.00015835,106.00000000,0
1531161473881,1531161473877,10023624,0.00015835,70.00000000,0
1531161485575,1531161485570,10023625,0.00015835,256.00000000,0
1531161517050,1531161517047,10023626,0.00015835,161.00000000,0
1531161517190,1531161517187,10023627,0.00015835,521.00000000,0
1531161517394,1531161517391,10023628,0.00015835,50.00000000,0
1531161532622,1531161532617,10023629,0.00015835,1014.00000000,0
1531161557114,1531161557110,10023630,0.00015845,2326.00000000,0
1531161557128,1531161557124,10023631,0.00015835,1290.00000000,1
1531161557144,1531161557140,10023632,0.00015835,1551.00000000,1
1531161563833,1531161563830,10023633,0.00015835,34.00000000,0
1531161582031,1531161582027,10023634,0.00015860,63.00000000,0
1531161585985,1531161585980,10023635,0.00015848,144.00000000,0
1531161585997,1531161585993,10023636,0.00015836,127.00000000,1
1531161590815,1531161590811,10023637,0.00015860,63.00000000,0
1531161597485,1531161597481,10023638,0.00015860,707.00000000,0
1531161597693,1531161597690,10023639,0.00015860,99.00000000,0
1531161601434,1531161601429,10023640,0.00015870,2.00000000,0
1531161644498,1531161644493,10023641,0.00015851,871.00000000,1
1531161644523,1531161644519,10023642,0.00015851,983.00000000,1
1531161654140,1531161654138,10023643,0.00015846,13.00000000,1
1531161664554,1531161664549,10023644,0.00015856,1418.00000000,0
1531161664575,1531161664572,10023645,0.00015847,1182.00000000,1
1531161694802,1531161694798,10023646,0.00015847,188.00000000,1
1531161694815,1531161694811,10023647,0.00015847,1485.00000000,1
1531161736159,1531161736153,10023648,0.00015857,3957.00000000,0
1531161736176,1531161736174,10023649,0.00015851,407.00000000,1
1531161736193,1531161736191,10023650,0.00015851,1622.00000000,1
1531161744189,1531161744185,10023651,0.00015851,186.00000000,1
1531161745034,1531161745030,10023652,0.00015851,292.00000000,1
1531161746610,1531161746604,10023653,0.00015851,1391.00000000,1
1531161764087,1531161764084,10023654,0.00015851,10.00000000,0
1531161774177,1531161774173,10023655,0.00015849,49.00000000,0
1531161774194,1531161774188,10023656,0.00015847,1142.00000000,1
1531161774219,1531161774214,10023657,0.00015847,27.00000000,1
1531161774234,1531161774230,10023658,0.00015851,148.00000000,0
1531161784816,1531161784812,10023659,0.00015852,1550.00000000,1
1531161784829,1531161784825,10023660,0.00015851,1414.00000000,1
1531161806036,1531161806030,10023661,0.00015847,1207.00000000,1
1531161806055,1531161806051,10023662,0.00015847,347.00000000,1
1531161806073,1531161806069,10023663,0.00015851,135.00000000,0
1531161808127,1531161808123,10023664,0.00015851,138.00000000,1
1531161824313,1531161824307,10023665,0.00015852,398.00000000,1
1531161824333,1531161824329,10023666,0.00015852,939.00000000,1
1531161824356,1531161824350,10023667,0.00015851,1276.00000000,1
1531161829672,1531161829668,10023668,0.00015851,89.00000000,0
1531161839592,1531161839588,10023669,0.00015851,27.00000000,0
1531161846045,1531161846042,10023670,0.00015835,684.00000000,1
1531161846060,1531161846057,10023671,0.00015851,157.00000000,0
1531161851156,1531161851152,10023672,0.00015851,67.00000000,1
1531161851775,1531161851773,10023673,0.00015851,67.00000000,1
1531161858938,1531161858935,10023674,0.00015859,429.00000000,0
1531161858948,1531161858943,10023675,0.00015852,413.00000000,1
1531161858970,1531161858966,10023676,0.00015852,390.00000000,1
1531161858989,1531161858985,10023677,0.00015851,1258.00000000,1
1531161881840,1531161881837,10023678,0.00015851,291.00000000,0
1531161908854,1531161908852,10023679,0.00015851,71.00000000,0
1531161915954,1531161915949,10023680,0.00015850,229.00000000,1
1531161915968,1531161915964,10023681,0.00015850,1556.00000000,1
1531161931910,1531161931909,10023682,0.00015850,7.00000000,1
1531161936672,1531161936668,10023683,0.00015861,1101.00000000,0
1531161936689,1531161936685,10023684,0.00015850,727.00000000,1
1531161939791,1531161939787,10023685,0.00015850,7.00000000,0
1531161954211,1531161954208,10023686,0.00015850,1289.00000000,1
1531161954233,1531161954228,10023687,0.00015850,530.00000000,1
1531161966138,1531161966134,10023688,0.00015873,9.00000000,0
1531161966138,1531161966134,10023689,0.00015875,38.00000000,0
1531161966138,1531161966134,10023690,0.00015900,16.00000000,0
1531161984230,1531161984226,10023691,0.00015880,7.00000000,0
1531162002535,1531162002531,10023692,0.00015852,1090.00000000,1
1531162002565,1531162002561,10023693,0.00015852,27.00000000,1
1531162010606,1531162010603,10023694,0.00015851,3.00000000,1
1531162040829,1531162040824,10023695,0.00015861,466.00000000,0
1531162040843,1531162040838,10023696,0.00015850,80.00000000,1
1531162040864,1531162040860,10023697,0.00015850,409.00000000,1
1531162055556,1531162055551,10023698,0.00015862,3038.00000000,0
1531162055562,1531162055559,10023699,0.00015851,1777.00000000,1
1531162055608,1531162055571,10023700,0.00015851,1321.00000000,1
1531162093651,1531162093645,10023701,0.00015862,3162.00000000,0
1531162093669,1531162093663,10023702,0.00015851,1719.00000000,1
1531162119675,1531162119670,10023703,0.00015861,12.00000000,1
1531162119675,1531162119670,10023704,0.00015860,116.00000000,1
1531162119675,1531162119670,10023705,0.00015850,6.00000000,1
1531162120655,1531162120651,10023706,0.00015851,21.00000000,1
1531162131296,1531162131293,10023707,0.00015864,1429.00000000,0
1531162131311,1531162131309,10023708,0.00015852,527.00000000,1
1531162131331,1531162131330,10023709,0.00015852,993.00000000,1
1531162142292,1531162142288,10023710,0.00015851,1456.00000000,1
1531162143745,1531162143739,10023711,0.00015851,36.00000000,1
1531162143745,1531162143739,10023712,0.00015846,9.00000000,1
1531162143751,1531162143746,10023713,0.00015846,6.00000000,1
1531162143751,1531162143746,10023714,0.00015844,30.00000000,1
1531162148241,1531162148239,10023715,0.00015842,59.00000000,1
1531162157225,1531162157221,10023716,0.00015843,20.00000000,1
1531162161743,1531162161738,10023717,0.00015843,681.00000000,1
1531162161769,1531162161765,10023718,0.00015843,751.00000000,1
1531162174921,1531162174916,10023719,0.00015842,26.00000000,1
1531162174921,1531162174916,10023720,0.00015839,574.00000000,1
1531162175603,1531162175597,10023721,0.00015843,20.00000000,0
1531162183517,1531162183513,10023722,0.00015844,750.00000000,1
1531162183832,1531162183827,10023723,0.00015844,1066.00000000,1
1531162183832,1531162183827,10023724,0.00015843,751.00000000,1
1531162191027,1531162191024,10023725,0.00015839,14.00000000,1
1531162191060,1531162191056,10023726,0.00015839,24.00000000,1
1531162202251,1531162202247,10023727,0.00015843,4.00000000,0
1531162202326,1531162202323,10023728,0.00015843,7.00000000,0
1531162211054,1531162211049,10023729,0.00015840,1103.00000000,1
1531162211055,1531162211049,10023730,0.00015839,4.00000000,1
1531162226777,1531162226772,10023731,0.00015842,52.00000000,0
1531162228811,1531162228808,10023732,0.00015843,7.00000000,0
1531162249930,1531162249925,10023733,0.00015843,24.00000000,0
1531162268425,1531162268421,10023734,0.00015843,153.00000000,0
1531162311860,1531162311855,10023735,0.00015843,60.00000000,0
1531162312003,1531162311998,10023736,0.00015843,117.00000000,0
1531162314200,1531162314194,10023737,0.00015843,25.00000000,0
1531162325899,1531162325895,10023738,0.00015843,578.00000000,0
1531162331217,1531162331213,10023739,0.00015851,36.00000000,0
1531162347040,1531162347034,10023740,0.00015873,1483.00000000,0
1531162364691,1531162364687,10023741,0.00015856,326.00000000,1
1531162364707,1531162364703,10023742,0.00015856,880.00000000,1
1531162389911,1531162389906,10023743,0.00015856,18.00000000,0
1531162405384,1531162405379,10023744,0.00015857,1139.00000000,1
1531162412135,1531162412102,10023745,0.00015856,3.00000000,1
1531162435636,1531162435631,10023746,0.00015857,1034.00000000,1
1531162458925,1531162458922,10023747,0.00015862,60.00000000,0
1531162466999,1531162466993,10023748,0.00015878,2.00000000,0
1531162474327,1531162474321,10023749,0.00015877,180.00000000,0
1531162474342,1531162474336,10023750,0.00015877,687.00000000,0
1531162482081,1531162482075,10023751,0.00015865,210.00000000,1
1531162501507,1531162501504,10023752,0.00015883,33.00000000,0
1531162503616,1531162503611,10023753,0.00015866,55.00000000,1
1531162519744,1531162519740,10023754,0.00015866,13.00000000,1
1531162524874,1531162524868,10023755,0.00015879,98.00000000,0
1531162524898,1531162524892,10023756,0.00015879,1721.00000000,0
1531162527989,1531162527986,10023757,0.00015880,40.00000000,0
1531162527989,1531162527986,10023758,0.00015899,22.00000000,0
1531162530105,1531162530100,10023759,0.00015867,7.00000000,1
1531162534081,1531162534074,10023760,0.00015882,667.00000000,0
1531162534097,1531162534091,10023761,0.00015897,1529.00000000,0
1531162535474,1531162535469,10023762,0.00015868,15.00000000,1
1531162542172,1531162542167,10023763,0.00015868,97.00000000,0
1531162543004,1531162543000,10023764,0.00015868,99.00000000,0
1531162545596,1531162545590,10023765,0.00015897,58.00000000,0
1531162566383,1531162566378,10023766,0.00015895,781.00000000,0
1531162581827,1531162581821,10023767,0.00015896,91.00000000,0
1531162581901,1531162581895,10023768,0.00015871,7.00000000,1
1531162592681,1531162592675,10023769,0.00015872,15.00000000,1
1531162592681,1531162592675,10023770,0.00015871,57.00000000,1
1531162597958,1531162597952,10023771,0.00015871,44.00000000,0
1531162614299,1531162614294,10023772,0.00015870,545.00000000,0
1531162614307,1531162614302,10023773,0.00015869,220.00000000,1
1531162614325,1531162614320,10023774,0.00015871,84.00000000,0
1531162623115,1531162623113,10023775,0.00015868,51.00000000,1
1531162623136,1531162623132,10023776,0.00015868,194.00000000,1
1531162623136,1531162623132,10023777,0.00015866,223.00000000,1
1531162623136,1531162623132,10023778,0.00015865,1349.00000000,1
1531162623136,1531162623132,10023779,0.00015864,630.00000000,1
1531162623136,1531162623132,10023780,0.00015860,11.00000000,1
1531162623136,1531162623132,10023781,0.00015840,949.00000000,1
1531162623136,1531162623132,10023782,0.00015834,12.00000000,1
1531162623136,1531162623132,10023783,0.00015833,2476.00000000,1
1531162623204,1531162623199,10023784,0.00015833,240.00000000,1
1531162625258,1531162625253,10023785,0.00015858,630.00000000,1
1531162625438,1531162625431,10023786,0.00015858,75.00000000,0
1531162626729,1531162626723,10023787,0.00015850,130.00000000,1
1531162627245,1531162627239,10023788,0.00015850,140.00000000,1
1531162631587,1531162631582,10023789,0.00015857,9.00000000,0
1531162635007,1531162635003,10023790,0.00015863,50.00000000,0
1531162635275,1531162635271,10023791,0.00015851,100.00000000,1
1531162635843,1531162635838,10023792,0.00015851,840.00000000,1
1531162644552,1531162644547,10023793,0.00015853,109.00000000,0
1531162645166,1531162645163,10023794,0.00015853,109.00000000,1
1531162653651,1531162653648,10023795,0.00015852,225.00000000,0
1531162655086,1531162655080,10023796,0.00015850,226.00000000,1
1531162657055,1531162657048,10023797,0.00015850,168.00000000,1
1531162658016,1531162658010,10023798,0.00015847,90.00000000,0
1531162670237,1531162670233,10023799,0.00015851,676.00000000,0
1531162670267,1531162670261,10023800,0.00015851,225.00000000,0
1531162672684,1531162672678,10023801,0.00015851,225.00000000,0
1531162673680,1531162673675,10023802,0.00015851,225.00000000,0
1531162675123,1531162675119,10023803,0.00015851,75.00000000,0
1531162675321,1531162675316,10023804,0.00015851,60.00000000,0
1531162675942,1531162675938,10023805,0.00015852,54.00000000,0
1531162677563,1531162677558,10023806,0.00015858,54.00000000,0
1531162686242,1531162686236,10023807,0.00015852,1344.00000000,1
1531162686260,1531162686255,10023808,0.00015851,1426.00000000,1
1531162687497,1531162687492,10023809,0.00015851,60.00000000,0
1531162689017,1531162689012,10023810,0.00015851,56.00000000,1
1531162695760,1531162695754,10023811,0.00015852,225.00000000,1
1531162695782,1531162695777,10023812,0.00015852,1226.00000000,1
1531162724849,1531162724844,10023813,0.00015853,1658.00000000,1
1531162724871,1531162724867,10023814,0.00015853,907.00000000,1
1531162738038,1531162738032,10023815,0.00015862,1490.00000000,0
1531162738048,1531162738043,10023816,0.00015872,1479.00000000,0
1531162739950,1531162739944,10023817,0.00015860,10.00000000,0
1531162764302,1531162764297,10023818,0.00015865,1619.00000000,0
1531162764321,1531162764315,10023819,0.00015857,1191.00000000,1
1531162786382,1531162786377,10023820,0.00015853,97.00000000,1
1531162786860,1531162786858,10023821,0.00015872,225.00000000,0
1531162787210,1531162787206,10023822,0.00015862,1858.00000000,0
1531162787228,1531162787224,10023823,0.00015872,887.00000000,0
1531162804735,1531162804729,10023824,0.00015873,67.00000000,0
1531162814910,1531162814906,10023825,0.00015873,129.00000000,1
1531162814922,1531162814916,10023826,0.00015873,1681.00000000,1
1531162814947,1531162814942,10023827,0.00015872,225.00000000,1
1531162816592,1531162816588,10023828,0.00015872,75.00000000,0
1531162816594,1531162816588,10023829,0.00015872,225.00000000,0
1531162821999,1531162821994,10023830,0.00015853,34.00000000,1
1531162833305,1531162833301,10023831,0.00015853,1539.00000000,1
1531162851191,1531162851188,10023832,0.00015891,35.00000000,1
1531162876692,1531162876686,10023833,0.00015854,582.00000000,1
1531162876712,1531162876707,10023834,0.00015854,667.00000000,1
1531162895372,1531162895366,10023835,0.00015854,121.00000000,1
1531162895390,1531162895385,10023836,0.00015854,1481.00000000,1
1531162905391,1531162905386,10023837,0.00015854,594.00000000,1
1531162905406,1531162905400,10023838,0.00015854,1175.00000000,1
1531162914314,1531162914310,10023839,0.00015865,2142.00000000,0
1531162914321,1531162914316,10023840,0.00015854,983.00000000,1
1531162939421,1531162939417,10023841,0.00015866,551.00000000,0
1531162939435,1531162939430,10023842,0.00015855,484.00000000,1
1531162975674,1531162975668,10023843,0.00015856,1658.00000000,1
1531162985962,1531162985957,10023844,0.00015854,70.00000000,1
1531162990968,1531162990962,10023845,0.00015852,237.00000000,1
1531162993965,1531162993960,10023846,0.00015860,515.00000000,1
1531162995103,1531162995099,10023847,0.00015853,188.00000000,1
1531162996175,1531162996168,10023848,0.00015852,393.00000000,1
1531163000968,1531163000962,10023849,0.00015852,80.00000000,1
1531163003004,1531163002998,10023850,0.00015874,15.00000000,0
1531163003004,1531163002998,10023851,0.00015876,393.00000000,0
1531163003004,1531163002998,10023852,0.00015880,24.00000000,0
1531163003018,1531163003012,10023853,0.00015889,188.00000000,1
1531163003495,1531163003489,10023854,0.00015889,7.00000000,1
1531163003986,1531163003980,10023855,0.00015889,4558.00000000,1
1531163004041,1531163004037,10023856,0.00015889,99.00000000,1
1531163010779,1531163010773,10023857,0.00015894,7.00000000,0
1531163011795,1531163011790,10023858,0.00015895,75.00000000,0
1531163011809,1531163011804,10023859,0.00015890,35.00000000,1
1531163013991,1531163013986,10023860,0.00015889,37.00000000,1
1531163024914,1531163024909,10023861,0.00015898,70.00000000,0
1531163024914,1531163024909,10023862,0.00015899,270.00000000,0
1531163024914,1531163024909,10023863,0.00015900,4521.00000000,0
1531163024965,1531163024960,10023864,0.00015900,2546.00000000,1
1531163025052,1531163025046,10023865,0.00015898,14.00000000,0
1531163025073,1531163025068,10023866,0.00015898,14.00000000,0
1531163025103,1531163025099,10023867,0.00015898,28.00000000,0
1531163026060,1531163026054,10023868,0.00015898,14.00000000,0
1531163033873,1531163033854,10023869,0.00015907,2.00000000,0
1531163034045,1531163034039,10023870,0.00015907,7.00000000,0
1531163035054,1531163035049,10023871,0.00015907,7.00000000,0
1531163036047,1531163036042,10023872,0.00015907,7.00000000,0
1531163037045,1531163037040,10023873,0.00015898,7.00000000,0
1531163037967,1531163037960,10023874,0.00015888,29.00000000,0
1531163037967,1531163037960,10023875,0.00015898,22.00000000,0
1531163037967,1531163037960,10023876,0.00015906,89.00000000,0
1531163047264,1531163047258,10023877,0.00015867,7.00000000,1
1531163120386,1531163120383,10023878,0.00015867,538.00000000,1
1531163120411,1531163120407,10023879,0.00015867,551.00000000,1
1531163120439,1531163120436,10023880,0.00015866,10.00000000,1
1531163120945,1531163120943,10023881,0.00015854,188.00000000,1
1531163127023,1531163127018,10023882,0.00015864,94.00000000,1
1531163127470,1531163127464,10023883,0.00015864,56.00000000,1
1531163129529,1531163129525,10023884,0.00015853,181.00000000,1
1531163129531,1531163129525,10023885,0.00015853,4.00000000,1
1531163129531,1531163129525,10023886,0.00015852,40.00000000,1
1531163129531,1531163129525,10023887,0.00015851,4.00000000,1
1531163129531,1531163129525,10023888,0.00015846,24.00000000,1
1531163129531,1531163129525,10023889,0.00015841,52.00000000,1
1531163129531,1531163129525,10023890,0.00015832,57.00000000,1
1531163135028,1531163135025,10023891,0.00015895,17.00000000,0
1531163140856,1531163140853,10023892,0.00015831,48.00000000,1
1531163142898,1531163142893,10023893,0.00015873,4.00000000,0
1531163154001,1531163153995,10023894,0.00015831,14.00000000,1
1531163154016,1531163154010,10023895,0.00015831,14.00000000,1
1531163154050,1531163154045,10023896,0.00015831,14.00000000,1
1531163154059,1531163154054,10023897,0.00015831,14.00000000,1
1531163154100,1531163154094,10023898,0.00015831,14.00000000,1
1531163154102,1531163154097,10023899,0.00015831,14.00000000,1
1531163154126,1531163154123,10023900,0.00015831,14.00000000,1
1531163154153,1531163154148,10023901,0.00015831,14.00000000,1
1531163154184,1531163154179,10023902,0.00015831,238.00000000,1
1531163176560,1531163176555,10023903,0.00015839,117.00000000,0
1531163179998,1531163179992,10023904,0.00015830,323.00000000,1
1531163195585,1531163195580,10023905,0.00015830,9.00000000,1
1531163204607,1531163204602,10023906,0.00015826,9.00000000,1
1531163206400,1531163206397,10023907,0.00015825,47.00000000,0
1531163264733,1531163264728,10023908,0.00015839,302.00000000,0
1531163264743,1531163264738,10023909,0.00015833,216.00000000,1
1531163277627,1531163277621,10023910,0.00015826,800.00000000,1
1531163300641,1531163300637,10023911,0.00015834,224.00000000,0
1531163300651,1531163300646,10023912,0.00015835,1038.00000000,0
1531163300669,1531163300664,10023913,0.00015835,181.00000000,0
1531163301643,1531163301637,10023914,0.00015855,25.00000000,0
1531163325065,1531163325061,10023915,0.00015837,420.00000000,0
1531163325080,1531163325074,10023916,0.00015826,149.00000000,1
1531163328333,1531163328326,10023917,0.00015848,2.00000000,0
1531163401987,1531163401981,10023918,0.00015842,20.00000000,0
1531163401987,1531163401981,10023919,0.00015843,225.00000000,0
1531163403264,1531163403259,10023920,0.00015843,27.00000000,0
1531163404710,1531163404705,10023921,0.00015838,577.00000000,0
1531163404722,1531163404717,10023922,0.00015843,1263.00000000,0
1531163408896,1531163408890,10023923,0.00015843,114.00000000,1
1531163412411,1531163412405,10023924,0.00015845,1227.00000000,0
1531163412423,1531163412417,10023925,0.00015847,722.00000000,0
1531163418024,1531163418019,10023926,0.00015848,440.00000000,0
1531163448267,1531163448262,10023927,0.00015840,3.00000000,1
1531163459766,1531163459760,10023928,0.00015844,839.00000000,0
1531163459785,1531163459781,10023929,0.00015845,195.00000000,0
1531163463157,1531163463152,10023930,0.00015840,1727.00000000,1
1531163506738,1531163506732,10023931,0.00015828,1186.00000000,1
1531163704592,1531163704586,10023932,0.00015872,210.00000000,0
1531163704592,1531163704586,10023933,0.00015873,9.00000000,0
1531163704697,1531163704692,10023934,0.00015873,31.00000000,1
1531163705847,1531163705844,10023935,0.00015873,14.00000000,0
1531163705879,1531163705874,10023936,0.00015873,14.00000000,0
1531163705890,1531163705885,10023937,0.00015873,2.00000000,0
1531163705890,1531163705885,10023938,0.00015880,12.00000000,0
1531163705920,1531163705914,10023939,0.00015880,12.00000000,0
1531163705920,1531163705914,10023940,0.00015883,2.00000000,0
1531163705941,1531163705932,10023941,0.00015883,14.00000000,0
1531163705959,1531163705954,10023942,0.00015883,14.00000000,0
1531163705973,1531163705966,10023943,0.00015883,14.00000000,0
1531163705994,1531163705989,10023944,0.00015883,8.00000000,0
1531163705994,1531163705989,10023945,0.00015889,6.00000000,0
1531163706026,1531163706021,10023946,0.00015889,98.00000000,0
1531163708658,1531163708653,10023947,0.00015846,24.00000000,1
1531163708658,1531163708653,10023948,0.00015842,75.00000000,1
1531163755324,1531163755319,10023949,0.00015856,204.00000000,0
1531163755341,1531163755336,10023950,0.00015846,200.00000000,1
1531163755352,1531163755347,10023951,0.00015867,75.00000000,0
1531163755363,1531163755358,10023952,0.00015846,123.00000000,1
1531163804347,1531163804341,10023953,0.00015905,2.00000000,0
1531163805208,1531163805201,10023954,0.00015904,7.00000000,0
1531163855306,1531163855301,10023955,0.00015904,7.00000000,1
1531163857266,1531163857261,10023956,0.00015902,293.00000000,0
1531163861621,1531163861614,10023957,0.00015902,73.00000000,0
1531163864732,1531163864725,10023958,0.00015888,1660.00000000,1
1531163864815,1531163864809,10023959,0.00015902,25.00000000,0
1531163877778,1531163877771,10023960,0.00015901,1365.00000000,0
1531163882701,1531163882695,10023961,0.00015887,6.00000000,1
1531163895958,1531163895953,10023962,0.00015888,1030.00000000,1
1531163895969,1531163895963,10023963,0.00015888,574.00000000,1
1531163908211,1531163908205,10023964,0.00015907,400.00000000,0
1531163912805,1531163912800,10023965,0.00015906,42.00000000,0
1531163928293,1531163928288,10023966,0.00015902,10.00000000,1
1531163964223,1531163964217,10023967,0.00015901,1128.00000000,0
1531163978286,1531163978279,10023968,0.00015902,72.00000000,0
1531163978286,1531163978279,10023969,0.00015907,98.00000000,0
1531163984897,1531163984891,10023970,0.00015895,1643.00000000,0
1531163984917,1531163984910,10023971,0.00015888,1081.00000000,1
1531163999526,1531163999524,10023972,0.00015888,1771.00000000,1
1531164018052,1531164018046,10023973,0.00015889,52.00000000,1
1531164018053,1531164018046,10023974,0.00015887,6.00000000,1
1531164018053,1531164018046,10023975,0.00015867,8.00000000,1
1531164018053,1531164018046,10023976,0.00015864,10.00000000,1
1531164018053,1531164018046,10023977,0.00015863,101.00000000,1
1531164018367,1531164018362,10023978,0.00015863,41.00000000,1
1531164024283,1531164024278,10023979,0.00015882,1327.00000000,0
1531164024296,1531164024291,10023980,0.00015864,474.00000000,1
1531164042517,1531164042512,10023981,0.00015866,15.00000000,1
1531164045675,1531164045667,10023982,0.00015900,7.00000000,0
1531164084257,1531164084251,10023983,0.00015881,1322.00000000,0
1531164084267,1531164084262,10023984,0.00015864,743.00000000,1
1531164091963,1531164091959,10023985,0.00015866,1173.00000000,1
1531164093641,1531164093636,10023986,0.00015866,55.00000000,1
1531164096690,1531164096685,10023987,0.00015866,39.00000000,0
1531164115313,1531164115306,10023988,0.00015864,1351.00000000,1
1531164144061,1531164144054,10023989,0.00015889,14.00000000,0
1531164144061,1531164144054,10023990,0.00015893,9.00000000,0
1531164144061,1531164144054,10023991,0.00015896,52.00000000,0
1531164144061,1531164144054,10023992,0.00015901,439.00000000,0
1531164167943,1531164167938,10023993,0.00015900,440.00000000,0
1531164169427,1531164169421,10023994,0.00015900,118.00000000,1
1531164180632,1531164180627,10023995,0.00015900,62.00000000,0
1531164186295,1531164186291,10023996,0.00015878,799.00000000,1
1531164187573,1531164187568,10023997,0.00015864,1.00000000,1
1531164217580,1531164217575,10023998,0.00015900,162.00000000,0
1531164224555,1531164224549,10023999,0.00015885,108.00000000,0
1531164224567,1531164224563,10024000,0.00015899,655.00000000,0
1531164224589,1531164224582,10024001,0.00015899,54.00000000,0
1531164251133,1531164251128,10024002,0.00015899,30.00000000,1
1531164255251,1531164255245,10024003,0.00015900,124.00000000,0
1531164260477,1531164260472,10024004,0.00015900,44.00000000,0
1531164270609,1531164270607,10024005,0.00015900,20.00000000,0
1531164270609,1531164270607,10024006,0.00015907,50.00000000,0
1531164302609,1531164302603,10024007,0.00015875,44.00000000,1
1531164302657,1531164302653,10024008,0.00015876,26.00000000,1
1531164302657,1531164302653,10024009,0.00015875,3.00000000,1
1531164305642,1531164305636,10024010,0.00015875,972.00000000,1
1531164305707,1531164305700,10024011,0.00015907,7.00000000,0
1531164322058,1531164322056,10024012,0.00015880,8.00000000,1
1531164353314,1531164353310,10024013,0.00015906,27.00000000,0
1531164353594,1531164353586,10024014,0.00015907,176.00000000,0
1531164353599,1531164353595,10024015,0.00015907,176.00000000,0
1531164369301,1531164369295,10024016,0.00015906,62.00000000,0
1531164377180,1531164377177,10024017,0.00015882,736.00000000,1
1531164422414,1531164422408,10024018,0.00015894,615.00000000,0
1531164422421,1531164422415,10024019,0.00015883,902.00000000,1
1531164422441,1531164422434,10024020,0.00015883,346.00000000,1
1531164444261,1531164444256,10024021,0.00015894,864.00000000,0
1531164444275,1531164444270,10024022,0.00015883,205.00000000,1
1531164444290,1531164444287,10024023,0.00015883,816.00000000,1
1531164458582,1531164458575,10024024,0.00015893,872.00000000,0
1531164458603,1531164458598,10024025,0.00015905,176.00000000,0
1531164458622,1531164458616,10024026,0.00015905,1166.00000000,0
1531164458757,1531164458752,10024027,0.00015882,58.00000000,1
1531164484811,1531164484806,10024028,0.00015905,41.00000000,0
1531164506045,1531164506040,10024029,0.00015900,1.00000000,0
1531164525827,1531164525821,10024030,0.00015905,997.00000000,0
1531164525851,1531164525846,10024031,0.00015905,271.00000000,0
1531164540208,1531164540202,10024032,0.00015883,635.00000000,1
1531164540935,1531164540929,10024033,0.00015904,34.00000000,0
1531164543783,1531164543776,10024034,0.00015904,15.00000000,0
1531164546829,1531164546823,10024035,0.00015904,185.00000000,0
1531164551987,1531164551980,10024036,0.00015900,62.00000000,0
1531164560993,1531164560987,10024037,0.00015900,65.00000000,0
1531164570323,1531164570319,10024038,0.00015899,398.00000000,0
1531164570345,1531164570340,10024039,0.00015899,1097.00000000,0
1531164594733,1531164594726,10024040,0.00015892,499.00000000,0
1531164594749,1531164594743,10024041,0.00015899,1070.00000000,0
1531164594772,1531164594767,10024042,0.00015899,454.00000000,0
1531164600895,1531164600889,10024043,0.00015892,126.00000000,0
1531164600905,1531164600899,10024044,0.00015899,75.00000000,0
1531164605998,1531164605992,10024045,0.00015888,7.00000000,1
1531164618368,1531164618362,10024046,0.00015906,1.00000000,0
1531164624963,1531164624958,10024047,0.00015897,1099.00000000,0
1531164624978,1531164624971,10024048,0.00015889,833.00000000,1
1531164631808,1531164631802,10024049,0.00015888,18.00000000,1
1531164637374,1531164637369,10024050,0.00015899,74.00000000,0
1531164637392,1531164637387,10024051,0.00015899,284.00000000,0
1531164655119,1531164655113,10024052,0.00015899,143.00000000,1
1531164673785,1531164673779,10024053,0.00015898,33.00000000,0
1531164694722,1531164694716,10024054,0.00015893,211.00000000,0
1531164694734,1531164694729,10024055,0.00015897,890.00000000,0
1531164694762,1531164694756,10024056,0.00015897,1113.00000000,0
1531164702105,1531164702100,10024057,0.00015890,224.00000000,1
1531164706951,1531164706946,10024058,0.00015890,419.00000000,1
1531164721234,1531164721229,10024059,0.00015889,414.00000000,1
1531164721252,1531164721248,10024060,0.00015889,105.00000000,1
1531164722296,1531164722290,10024061,0.00015888,27.00000000,1
1531164723357,1531164723354,10024062,0.00015885,456.00000000,1
1531164724416,1531164724410,10024063,0.00015890,224.00000000,0
1531164725192,1531164725188,10024064,0.00015890,129.00000000,1
1531164728373,1531164728367,10024065,0.00015890,290.00000000,1
1531164731319,1531164731315,10024066,0.00015890,270.00000000,0
1531164731338,1531164731332,10024067,0.00015898,382.00000000,0
1531164731353,1531164731348,10024068,0.00015898,152.00000000,0
1531164736693,1531164736688,10024069,0.00015882,200.00000000,1
1531164750251,1531164750245,10024070,0.00015899,4.00000000,0
1531164754729,1531164754723,10024071,0.00015890,1019.00000000,0
1531164754736,1531164754731,10024072,0.00015899,553.00000000,0
1531164759497,1531164759491,10024073,0.00015900,4.00000000,0
1531164779131,1531164779126,10024074,0.00015899,747.00000000,0
1531164779149,1531164779145,10024075,0.00015899,99.00000000,0
1531164780232,1531164780228,10024076,0.00015900,223.00000000,0
1531164794795,1531164794789,10024077,0.00015899,605.00000000,0
1531164794813,1531164794808,10024078,0.00015899,966.00000000,0
1531164810261,1531164810254,10024079,0.00015890,472.00000000,0
1531164810278,1531164810274,10024080,0.00015898,492.00000000,0
1531164810304,1531164810302,10024081,0.00015898,608.00000000,0
1531164811435,1531164811430,10024082,0.00015882,34.00000000,1
1531164814498,1531164814492,10024083,0.00015900,4.00000000,0
1531164831405,1531164831400,10024084,0.00015899,59.00000000,0
1531164831652,1531164831647,10024085,0.00015882,8.00000000,1
1531164844402,1531164844398,10024086,0.00015883,1569.00000000,1
1531164853405,1531164853402,10024087,0.00015882,562.00000000,1
1531164854977,1531164854972,10024088,0.00015890,600.00000000,0
1531164854994,1531164854987,10024089,0.00015899,261.00000000,0
1531164873011,1531164873006,10024090,0.00015882,24.00000000,1
1531164885896,1531164885891,10024091,0.00015882,22.00000000,1
1531164905274,1531164905270,10024092,0.00015890,349.00000000,0
1531164905291,1531164905285,10024093,0.00015899,1281.00000000,0
1531164917000,1531164916998,10024094,0.00015882,523.00000000,1
1531164923115,1531164923110,10024095,0.00015899,328.00000000,0
1531164930583,1531164930577,10024096,0.00015899,25.00000000,0
1531164935082,1531164935077,10024097,0.00015899,151.00000000,0
1531164935100,1531164935093,10024098,0.00015899,493.00000000,0
1531164938285,1531164938283,10024099,0.00015899,7.00000000,1
1531164949788,1531164949782,10024100,0.00015899,18.00000000,1
1531164949798,1531164949795,10024101,0.00015899,1630.00000000,0
1531164949810,1531164949805,10024102,0.00015899,18.00000000,1
1531164975225,1531164975220,10024103,0.00015890,384.00000000,0
1531164975233,1531164975227,10024104,0.00015898,1264.00000000,0
1531164975256,1531164975249,10024105,0.00015899,500.00000000,0
1531164986681,1531164986675,10024106,0.00015899,18.00000000,1
1531164986698,1531164986694,10024107,0.00015899,1630.00000000,0
1531164986710,1531164986707,10024108,0.00015899,18.00000000,1
1531165004772,1531165004765,10024109,0.00015890,702.00000000,0
1531165004786,1531165004781,10024110,0.00015898,947.00000000,0
1531165004803,1531165004798,10024111,0.00015899,518.00000000,0
1531165009298,1531165009293,10024112,0.00015899,8.00000000,0
1531165015200,1531165015195,10024113,0.00015890,111.00000000,0
1531165015217,1531165015210,10024114,0.00015898,1013.00000000,0
1531165015228,1531165015223,10024115,0.00015898,57.00000000,0
1531165044355,1531165044344,10024116,0.00015897,1519.00000000,0
1531165063902,1531165063897,10024117,0.00015883,1341.00000000,1
1531165089428,1531165089422,10024118,0.00015882,151.00000000,1
1531165095664,1531165095659,10024119,0.00015882,602.00000000,1
1531165095664,1531165095659,10024120,0.00015881,7.00000000,1
1531165103283,1531165103277,10024121,0.00015881,62.00000000,0
1531165123485,1531165123480,10024122,0.00015873,962.00000000,1
1531165135331,1531165135326,10024123,0.00015872,13.00000000,1
1531165144478,1531165144474,10024124,0.00015875,619.00000000,0
1531165144493,1531165144486,10024125,0.00015879,1013.00000000,0
1531165165041,1531165165035,10024126,0.00015878,1125.00000000,0
1531165165056,1531165165050,10024127,0.00015878,507.00000000,0
1531165179355,1531165179351,10024128,0.00015877,39.00000000,0
1531165179876,1531165179872,10024129,0.00015877,82.00000000,0
1531165179918,1531165179914,10024130,0.00015877,108.00000000,0
1531165182995,1531165182993,10024131,0.00015877,746.00000000,0
1531165183648,1531165183643,10024132,0.00015878,378.00000000,0
1531165192481,1531165192477,10024133,0.00015878,76.00000000,0
1531165195479,1531165195472,10024134,0.00015878,9.00000000,0
1531165205014,1531165205009,10024135,0.00015877,222.00000000,1
1531165216449,1531165216443,10024136,0.00015876,481.00000000,0
1531165216469,1531165216464,10024137,0.00015876,1381.00000000,0
1531165216483,1531165216477,10024138,0.00015877,968.00000000,0
1531165219980,1531165219974,10024139,0.00015877,44.00000000,0
1531165220064,1531165220058,10024140,0.00015877,36.00000000,0
1531165222346,1531165222317,10024141,0.00015877,263.00000000,0
1531165236578,1531165236573,10024142,0.00015879,483.00000000,0
1531165236589,1531165236584,10024143,0.00015882,1156.00000000,0
1531165254150,1531165254146,10024144,0.00015879,464.00000000,0
1531165254163,1531165254156,10024145,0.00015882,247.00000000,0
1531165274569,1531165274565,10024146,0.00015881,1054.00000000,0
1531165276465,1531165276459,10024147,0.00015877,8.00000000,1
1531165277033,1531165277026,10024148,0.00015882,577.00000000,0
1531165278096,1531165278090,10024149,0.00015883,38.00000000,0
1531165282029,1531165282024,10024150,0.00015900,19.00000000,0
1531165314770,1531165314765,10024151,0.00015878,863.00000000,1
1531165348824,1531165348819,10024152,0.00015877,68.00000000,1
1531165372448,1531165372443,10024153,0.00015885,387.00000000,0
1531165372462,1531165372456,10024154,0.00015898,1251.00000000,0
1531165414869,1531165414863,10024155,0.00015885,785.00000000,0
1531165414883,1531165414878,10024156,0.00015899,473.00000000,0
1531165427574,1531165427568,10024157,0.00015872,33.00000000,1
1531165427574,1531165427568,10024158,0.00015871,945.00000000,1
1531165427574,1531165427568,10024159,0.00015869,1124.00000000,1
1531165453512,1531165453506,10024160,0.00015867,972.00000000,1
1531165459900,1531165459894,10024161,0.00015883,637.00000000,0
1531165474501,1531165474495,10024162,0.00015882,176.00000000,0
1531165474525,1531165474520,10024163,0.00015883,1002.00000000,0
1531165492945,1531165492939,10024164,0.00015883,637.00000000,1
1531165505269,1531165505263,10024165,0.00015881,1000.00000000,0
1531165505286,1531165505282,10024166,0.00015882,1276.00000000,0
1531165505299,1531165505293,10024167,0.00015883,1002.00000000,0
1531165516595,1531165516589,10024168,0.00015899,30.00000000,0
1531165527269,1531165527263,10024169,0.00015898,1420.00000000,0
1531165545682,1531165545678,10024170,0.00015893,408.00000000,0
1531165545696,1531165545691,10024171,0.00015887,191.00000000,1
1531165557923,1531165557918,10024172,0.00015891,257.00000000,0
1531165557935,1531165557929,10024173,0.00015898,275.00000000,0
1531165557951,1531165557949,10024174,0.00015898,1742.00000000,0
1531165575230,1531165575224,10024175,0.00015898,15.00000000,0
1531165575342,1531165575337,10024176,0.00015886,1721.00000000,1
1531165575364,1531165575359,10024177,0.00015886,236.00000000,1
1531165593831,1531165593826,10024178,0.00015887,877.00000000,1
1531165604950,1531165604945,10024179,0.00015887,390.00000000,1
1531165622682,1531165622677,10024180,0.00015887,736.00000000,1
1531165634421,1531165634414,10024181,0.00015892,521.00000000,0
1531165634433,1531165634427,10024182,0.00015898,318.00000000,0
1531165638616,1531165638610,10024183,0.00015899,3.00000000,0
1531165638616,1531165638610,10024184,0.00015900,2174.00000000,0
1531165638719,1531165638716,10024185,0.00015900,818.00000000,1
1531165638765,1531165638759,10024186,0.00015900,12.00000000,1
1531165641649,1531165641641,10024187,0.00015906,92.00000000,0
1531165651480,1531165651477,10024188,0.00015901,1790.00000000,1
1531165662016,1531165662012,10024189,0.00015908,3.00000000,0
1531165664853,1531165664848,10024190,0.00015911,51.00000000,0
1531165665637,1531165665631,10024191,0.00015914,2.00000000,0
1531165665997,1531165665992,10024192,0.00015914,224.00000000,0
1531165666517,1531165666511,10024193,0.00015908,16.00000000,1
1531165667316,1531165667309,10024194,0.00015901,44.00000000,0
1531165667781,1531165667774,10024195,0.00015900,61.00000000,1
1531165670307,1531165670301,10024196,0.00015915,8.00000000,0
1531165674272,1531165674267,10024197,0.00015910,1297.00000000,0
1531165674280,1531165674273,10024198,0.00015901,676.00000000,1
1531165688496,1531165688489,10024199,0.00015906,121.00000000,0
1531165688515,1531165688508,10024200,0.00015913,587.00000000,0
1531165688539,1531165688533,10024201,0.00015913,1564.00000000,0
1531165688568,1531165688562,10024202,0.00015914,39.00000000,0
1531165692709,1531165692702,10024203,0.00015914,188.00000000,1
1531165695196,1531165695191,10024204,0.00015918,549.00000000,0
1531165704569,1531165704566,10024205,0.00015909,846.00000000,0
1531165704583,1531165704577,10024206,0.00015918,91.00000000,0
1531165704614,1531165704611,10024207,0.00015918,1334.00000000,0
1531165711988,1531165711981,10024208,0.00015919,7.00000000,0
1531165725914,1531165725911,10024209,0.00015910,1154.00000000,0
1531165725929,1531165725922,10024210,0.00015901,813.00000000,1
1531165739783,1531165739776,10024211,0.00015901,928.00000000,1
1531165755854,1531165755848,10024212,0.00015901,1616.00000000,1
1531165781958,1531165781952,10024213,0.00015900,695.00000000,1
1531165782104,1531165782097,10024214,0.00015900,13.00000000,1
1531165825370,1531165825362,10024215,0.00015904,884.00000000,1
1531165844335,1531165844329,10024216,0.00015910,770.00000000,0
1531165844349,1531165844342,10024217,0.00015918,618.00000000,0
1531165845087,1531165845080,10024218,0.00015903,52.00000000,1
1531165846270,1531165846263,10024219,0.00015900,30.00000000,1
1531165848655,1531165848648,10024220,0.00015900,6.00000000,1
1531165855765,1531165855761,10024221,0.00015900,1776.00000000,1
1531165862451,1531165862445,10024222,0.00015899,416.00000000,0
1531165865006,1531165865000,10024223,0.00015900,3.00000000,0
1531165875522,1531165875516,10024224,0.00015888,35.00000000,1
1531165876359,1531165876353,10024225,0.00015887,46.00000000,1
1531165884526,1531165884522,10024226,0.00015888,25.00000000,0
1531165894791,1531165894786,10024227,0.00015919,65.00000000,0
1531165894791,1531165894786,10024228,0.00015921,20.00000000,0
1531165900177,1531165900173,10024229,0.00015920,2.00000000,0
1531165911475,1531165911469,10024230,0.00015919,584.00000000,0
1531165927314,1531165927308,10024231,0.00015908,18.00000000,1
1531165945333,1531165945327,10024232,0.00015909,21.00000000,0
1531165951665,1531165951659,10024233,0.00015908,302.00000000,0
1531165954545,1531165954539,10024234,0.00015897,535.00000000,0
1531165954552,1531165954546,10024235,0.00015908,6.00000000,0
1531165964297,1531165964292,10024236,0.00015908,302.00000000,1
1531165964313,1531165964307,10024237,0.00015908,1759.00000000,0
1531165964326,1531165964320,10024238,0.00015908,302.00000000,1
1531165985112,1531165985106,10024239,0.00015897,1039.00000000,0
1531165985127,1531165985123,10024240,0.00015907,619.00000000,0
1531165985149,1531165985142,10024241,0.00015908,6.00000000,0
1531165991492,1531165991487,10024242,0.00015908,302.00000000,1
1531165998664,1531165998658,10024243,0.00015887,369.00000000,1
1531165999578,1531165999572,10024244,0.00015887,11.00000000,0
1531166004907,1531166004902,10024245,0.00015886,1434.00000000,0
1531166004928,1531166004922,10024246,0.00015886,808.00000000,0
1531166007373,1531166007367,10024247,0.00015887,166.00000000,0
1531166062006,1531166062000,10024248,0.00015868,10.00000000,1
1531166064882,1531166064877,10024249,0.00015865,10.00000000,1
1531166068404,1531166068400,10024250,0.00015868,13.00000000,0
1531166071823,1531166071817,10024251,0.00015865,34.00000000,1
1531166071823,1531166071817,10024252,0.00015857,503.00000000,1
1531166079189,1531166079182,10024253,0.00015863,187.00000000,1
1531166079189,1531166079182,10024254,0.00015862,87.00000000,1
1531166079189,1531166079182,10024255,0.00015858,226.00000000,1
1531166079687,1531166079682,10024256,0.00015858,583.00000000,1
1531166184314,1531166184309,10024257,0.00015878,715.00000000,1
1531166184330,1531166184323,10024258,0.00015878,1394.00000000,1
1531166209092,1531166209086,10024259,0.00015880,62.00000000,0
1531166211877,1531166211871,10024260,0.00015878,125.00000000,0
1531166211877,1531166211871,10024261,0.00015879,1502.00000000,0
1531166214149,1531166214145,10024262,0.00015897,33.00000000,0
1531166214149,1531166214145,10024263,0.00015898,24.00000000,0
1531166214149,1531166214145,10024264,0.00015900,5.00000000,0
1531166214420,1531166214415,10024265,0.00015900,12.00000000,0
1531166216131,1531166216124,10024266,0.00015908,62.00000000,0
1531166228571,1531166228567,10024267,0.00015881,35.00000000,1
1531166228571,1531166228567,10024268,0.00015880,119.00000000,1
1531166235015,1531166235009,10024269,0.00015894,872.00000000,0
1531166235030,1531166235025,10024270,0.00015881,328.00000000,1
1531166244834,1531166244827,10024271,0.00015894,1911.00000000,0
1531166244846,1531166244841,10024272,0.00015881,1707.00000000,1
1531166246099,1531166246093,10024273,0.00015880,25.00000000,1
1531166265762,1531166265758,10024274,0.00015894,31.00000000,0
1531166265776,1531166265769,10024275,0.00015881,636.00000000,1
1531166265788,1531166265783,10024276,0.00015881,16.00000000,1
1531166273280,1531166273275,10024277,0.00015882,1700.00000000,1
1531166294518,1531166294513,10024278,0.00015881,412.00000000,1
1531166314845,1531166314838,10024279,0.00015882,175.00000000,1
1531166325562,1531166325557,10024280,0.00015883,47.00000000,1
1531166346100,1531166346095,10024281,0.00015894,1632.00000000,0
1531166346114,1531166346108,10024282,0.00015881,949.00000000,1
1531166354908,1531166354901,10024283,0.00015881,1519.00000000,1
1531166354926,1531166354920,10024284,0.00015881,1672.00000000,1
1531166368001,1531166367998,10024285,0.00015894,1116.00000000,0
1531166368020,1531166368014,10024286,0.00015882,716.00000000,1
1531166374126,1531166374119,10024287,0.00015881,535.00000000,1
1531166385565,1531166385560,10024288,0.00015894,1712.00000000,0
1531166385578,1531166385572,10024289,0.00015881,513.00000000,1
1531166385595,1531166385592,10024290,0.00015881,856.00000000,1
1531166395490,1531166395489,10024291,0.00015907,35.00000000,0
1531166395490,1531166395489,10024292,0.00015908,27.00000000,0
1531166424561,1531166424557,10024293,0.00015886,159.00000000,1
1531166424579,1531166424574,10024294,0.00015886,1786.00000000,1
1531166438447,1531166438441,10024295,0.00015897,51.00000000,0
1531166438465,1531166438459,10024296,0.00015886,1519.00000000,1
1531166438480,1531166438475,10024297,0.00015886,38.00000000,1
1531166454272,1531166454267,10024298,0.00015886,39.00000000,1
1531166466028,1531166466021,10024299,0.00015886,1623.00000000,1
1531166466046,1531166466044,10024300,0.00015886,1576.00000000,1
1531166475802,1531166475799,10024301,0.00015886,1762.00000000,1
1531166475818,1531166475811,10024302,0.00015886,1118.00000000,1
1531166490233,1531166490227,10024303,0.00015886,1766.00000000,1
1531166497528,1531166497521,10024304,0.00015907,1.00000000,0
1531166505296,1531166505290,10024305,0.00015886,870.00000000,1
1531166505315,1531166505310,10024306,0.00015886,674.00000000,1
1531166505855,1531166505849,10024307,0.00015907,7.00000000,0
1531166516252,1531166516245,10024308,0.00015896,1644.00000000,0
1531166516266,1531166516261,10024309,0.00015886,552.00000000,1
1531166534423,1531166534418,10024310,0.00015897,456.00000000,0
1531166534437,1531166534430,10024311,0.00015887,285.00000000,1
1531166541041,1531166541035,10024312,0.00015897,125.00000000,0
1531166541051,1531166541045,10024313,0.00015887,56.00000000,1
1531166554766,1531166554760,10024314,0.00015897,2058.00000000,0
1531166554781,1531166554774,10024315,0.00015888,1303.00000000,1
1531166562503,1531166562497,10024316,0.00015887,204.00000000,1
1531166563527,1531166563522,10024317,0.00015907,6.00000000,0
1531166575943,1531166575938,10024318,0.00015889,1246.00000000,1
1531166606094,1531166606087,10024319,0.00015898,80.00000000,0
1531166606106,1531166606101,10024320,0.00015890,46.00000000,1
1531166606131,1531166606125,10024321,0.00015890,51.00000000,1
1531166609086,1531166609080,10024322,0.00015907,76.00000000,0
1531166612102,1531166612095,10024323,0.00015908,142.00000000,0
1531166618061,1531166618059,10024324,0.00015908,764.00000000,0
1531166668582,1531166668576,10024325,0.00015908,7.00000000,0
1531166669670,1531166669668,10024326,0.00015907,38.00000000,1
1531166686860,1531166686853,10024327,0.00015907,71.00000000,1
1531166687579,1531166687573,10024328,0.00015907,71.00000000,1
1531166688016,1531166688009,10024329,0.00015908,57.00000000,0
1531166688233,1531166688231,10024330,0.00015908,57.00000000,0
1531166688627,1531166688620,10024331,0.00015907,43.00000000,1
1531166688662,1531166688656,10024332,0.00015907,43.00000000,1
1531166695732,1531166695726,10024333,0.00015908,10.00000000,0
1531166696412,1531166696411,10024334,0.00015907,22.00000000,1
1531166703810,1531166703807,10024335,0.00015908,54.00000000,0
1531166706395,1531166706388,10024336,0.00015908,425.00000000,0
1531166725937,1531166725931,10024337,0.00015913,927.00000000,1
1531166725965,1531166725959,10024338,0.00015913,645.00000000,1
1531166725985,1531166725980,10024339,0.00015913,368.00000000,1
1531166736108,1531166736102,10024340,0.00015913,549.00000000,1
1531166736133,1531166736126,10024341,0.00015913,698.00000000,1
1531166736153,1531166736147,10024342,0.00015913,225.00000000,1
1531166742590,1531166742583,10024343,0.00015912,10.00000000,1
1531166742639,1531166742637,10024344,0.00015907,48.00000000,1
1531166743089,1531166743084,10024345,0.00015907,48.00000000,1
1531166746584,1531166746580,10024346,0.00015913,18.00000000,0
1531166748420,1531166748414,10024347,0.00015907,49.00000000,1
1531166759975,1531166759970,10024348,0.00015913,14.00000000,0
1531166764778,1531166764772,10024349,0.00015908,1146.00000000,1
1531166764800,1531166764795,10024350,0.00015908,1328.00000000,1
1531166773152,1531166773147,10024351,0.00015908,1578.00000000,1
1531166776267,1531166776262,10024352,0.00015913,19.00000000,0
1531166778471,1531166778466,10024353,0.00015913,1208.00000000,0
1531166778476,1531166778467,10024354,0.00015913,1.00000000,0
1531166778476,1531166778467,10024355,0.00015921,35.00000000,0
1531166778476,1531166778467,10024356,0.00015926,16.00000000,0
1531166778476,1531166778467,10024357,0.00015929,18.00000000,0
1531166778476,1531166778467,10024358,0.00015930,174.00000000,0
1531166778476,1531166778467,10024359,0.00015931,10.00000000,0
1531166778476,1531166778467,10024360,0.00015935,30.00000000,0
1531166778476,1531166778467,10024361,0.00015938,19.00000000,0
1531166778476,1531166778467,10024362,0.00015945,7.00000000,0
1531166778476,1531166778467,10024363,0.00015949,871.00000000,0
1531166778528,1531166778522,10024364,0.00015907,220.00000000,1
1531166778685,1531166778678,10024365,0.00015949,341.00000000,0
1531166780894,1531166780889,10024366,0.00015942,1.00000000,0
1531166780912,1531166780906,10024367,0.00015942,2.00000000,0
1531166781174,1531166781167,10024368,0.00015942,2.00000000,0
1531166781338,1531166781333,10024369,0.00015942,2.00000000,0
1531166781371,1531166781369,10024370,0.00015942,2.00000000,0
1531166797608,1531166797601,10024371,0.00015908,1320.00000000,1
1531166797635,1531166797629,10024372,0.00015908,1008.00000000,1
1531166799810,1531166799808,10024373,0.00015926,18.00000000,0
1531166814665,1531166814662,10024374,0.00015917,522.00000000,0
1531166814677,1531166814674,10024375,0.00015908,264.00000000,1
1531166816100,1531166816096,10024376,0.00015907,1.00000000,1
1531166816100,1531166816096,10024377,0.00015902,10.00000000,1
1531166824127,1531166824123,10024378,0.00015941,2.00000000,0
1531166824200,1531166824193,10024379,0.00015941,2.00000000,0
1531166840586,1531166840583,10024380,0.00015923,249.00000000,0
1531166841094,1531166841088,10024381,0.00015902,8.00000000,1
1531166841615,1531166841608,10024382,0.00015902,8.00000000,1
1531166854936,1531166854931,10024383,0.00015903,1568.00000000,1
1531166857313,1531166857307,10024384,0.00015923,36.00000000,0
1531166863515,1531166863509,10024385,0.00015903,736.00000000,1
1531166869923,1531166869917,10024386,0.00015939,2.00000000,0
1531166876149,1531166876143,10024387,0.00015903,62.00000000,1
1531166885419,1531166885414,10024388,0.00015904,298.00000000,1
1531166886512,1531166886506,10024389,0.00015903,99.00000000,1
1531166892235,1531166892230,10024390,0.00015914,1652.00000000,0
1531166892254,1531166892248,10024391,0.00015904,1164.00000000,1
1531166926246,1531166926241,10024392,0.00015912,405.00000000,0
1531166926261,1531166926255,10024393,0.00015911,1667.00000000,1
1531166926288,1531166926282,10024394,0.00015911,148.00000000,1
1531166935454,1531166935447,10024395,0.00015910,32.00000000,1
1531166935454,1531166935447,10024396,0.00015904,17.00000000,1
1531166953281,1531166953275,10024397,0.00015905,1370.00000000,1
1531166958096,1531166958090,10024398,0.00015911,35.00000000,0
1531166985795,1531166985790,10024399,0.00015905,1411.00000000,1
1531166995134,1531166995128,10024400,0.00015911,5.00000000,0
1531166999824,1531166999818,10024401,0.00015905,1035.00000000,1
1531167003082,1531167003075,10024402,0.00015904,23.00000000,1
1531167003082,1531167003075,10024403,0.00015900,253.00000000,1
1531167022679,1531167022672,10024404,0.00015903,39.00000000,1
1531167025388,1531167025383,10024405,0.00015907,686.00000000,0
1531167025404,1531167025398,10024406,0.00015903,183.00000000,1
1531167025422,1531167025416,10024407,0.00015903,585.00000000,1
1531167030174,1531167030173,10024408,0.00015903,39.00000000,0
1531167039244,1531167039241,10024409,0.00015915,10.00000000,0
1531167046240,1531167046234,10024410,0.00015903,148.00000000,0
1531167063442,1531167063438,10024411,0.00015913,3.00000000,0
1531167076058,1531167076054,10024412,0.00015903,1471.00000000,1
1531167093310,1531167093304,10024413,0.00015908,1367.00000000,0
1531167093322,1531167093316,10024414,0.00015903,963.00000000,1
1531167115886,1531167115880,10024415,0.00015908,1268.00000000,0
1531167115899,1531167115894,10024416,0.00015904,813.00000000,1
1531167133608,1531167133604,10024417,0.00015908,1577.00000000,0
1531167133627,1531167133621,10024418,0.00015904,839.00000000,1
1531167138120,1531167138120,10024419,0.00015913,62.00000000,0
1531167145087,1531167145084,10024420,0.00015904,298.00000000,1
1531167148851,1531167148846,10024421,0.00015904,1589.00000000,1
1531167171412,1531167171408,10024422,0.00015903,24.00000000,1
1531167171418,1531167171413,10024423,0.00015902,52.00000000,1
1531167171418,1531167171413,10024424,0.00015900,134.00000000,1
1531167171418,1531167171413,10024425,0.00015891,26.00000000,1
1531167171418,1531167171413,10024426,0.00015889,137.00000000,1
1531167171418,1531167171413,10024427,0.00015888,10.00000000,1
1531167171418,1531167171413,10024428,0.00015886,21.00000000,1
1531167179160,1531167179154,10024429,0.00015886,7.00000000,1
1531167179990,1531167179984,10024430,0.00015894,25.00000000,0
1531167180299,1531167180294,10024431,0.00015894,354.00000000,0
1531167180383,1531167180377,10024432,0.00015894,1698.00000000,0
1531167196223,1531167196217,10024433,0.00015894,25.00000000,1
1531167206090,1531167206084,10024434,0.00015889,535.00000000,0
1531167206100,1531167206095,10024435,0.00015893,1273.00000000,0
1531167206126,1531167206125,10024436,0.00015893,285.00000000,0
1531167220137,1531167220131,10024437,0.00015893,24.00000000,0
1531167220137,1531167220131,10024438,0.00015894,31.00000000,0
1531167228886,1531167228880,10024439,0.00015889,1206.00000000,0
1531167228901,1531167228898,10024440,0.00015893,982.00000000,0
1531167230707,1531167230701,10024441,0.00015894,1.00000000,0
1531167254597,1531167254592,10024442,0.00015887,1271.00000000,1
1531167262564,1531167262562,10024443,0.00015887,552.00000000,1
1531167284677,1531167284672,10024444,0.00015887,1120.00000000,1
1531167291038,1531167291033,10024445,0.00015893,189.00000000,0
1531167291057,1531167291051,10024446,0.00015893,52.00000000,0
1531167314772,1531167314766,10024447,0.00015888,1687.00000000,1
1531167331583,1531167331578,10024448,0.00015890,1122.00000000,0
1531167331594,1531167331589,10024449,0.00015893,1066.00000000,0
1531167353609,1531167353604,10024450,0.00015888,1638.00000000,1
1531167355370,1531167355367,10024451,0.00015888,204.00000000,1
1531167360735,1531167360729,10024452,0.00015888,310.00000000,0
1531167367565,1531167367564,10024453,0.00015887,104.00000000,1
1531167368780,1531167368774,10024454,0.00015886,28.00000000,1
1531167369853,1531167369848,10024455,0.00015880,229.00000000,1
1531167370964,1531167370957,10024456,0.00015879,8.00000000,1
1531167371485,1531167371478,10024457,0.00015881,310.00000000,0
1531167381243,1531167381238,10024458,0.00015887,29.00000000,0
1531167384474,1531167384469,10024459,0.00015887,831.00000000,0
1531167389150,1531167389144,10024460,0.00015887,29.00000000,1
1531167404991,1531167404985,10024461,0.00015892,889.00000000,0
1531167422012,1531167422007,10024462,0.00015892,389.00000000,0
1531167422032,1531167422026,10024463,0.00015892,500.00000000,0
1531167455523,1531167455518,10024464,0.00015892,889.00000000,0
1531167466088,1531167466081,10024465,0.00015892,889.00000000,0
1531167485577,1531167485572,10024466,0.00015892,889.00000000,0
1531167502833,1531167502827,10024467,0.00015883,363.00000000,0
1531167502848,1531167502841,10024468,0.00015893,271.00000000,0
1531167520583,1531167520578,10024469,0.00015887,34.00000000,1
1531167525678,1531167525671,10024470,0.00015892,812.00000000,0
1531167525705,1531167525700,10024471,0.00015892,77.00000000,0
1531167536014,1531167536009,10024472,0.00015883,258.00000000,0
1531167536025,1531167536021,10024473,0.00015892,244.00000000,0
1531167540583,1531167540577,10024474,0.00015888,20.00000000,1
1531167546112,1531167546107,10024475,0.00015891,889.00000000,0
1531167555335,1531167555328,10024476,0.00015891,509.00000000,0
1531167555350,1531167555345,10024477,0.00015891,380.00000000,0
1531167574712,1531167574706,10024478,0.00015891,889.00000000,0
1531167577750,1531167577743,10024479,0.00015891,800.00000000,1
1531167590243,1531167590237,10024480,0.00015874,9.00000000,1
1531167590739,1531167590733,10024481,0.00015871,52.00000000,1
1531167590739,1531167590733,10024482,0.00015865,16.00000000,1
1531167593223,1531167593216,10024483,0.00015873,185.00000000,0
1531167593348,1531167593341,10024484,0.00015873,705.00000000,0
1531167611566,1531167611560,10024485,0.00015871,52.00000000,0
1531167611566,1531167611560,10024486,0.00015874,1.00000000,0
1531167611566,1531167611560,10024487,0.00015880,34.00000000,0
1531167611566,1531167611560,10024488,0.00015892,18.00000000,0
1531167625669,1531167625666,10024489,0.00015878,443.00000000,0
1531167625681,1531167625679,10024490,0.00015891,345.00000000,0
1531167625696,1531167625692,10024491,0.00015891,258.00000000,0
1531167647339,1531167647332,10024492,0.00015863,30.00000000,1
1531167647339,1531167647332,10024493,0.00015862,35.00000000,1
1531167653513,1531167653507,10024494,0.00015862,81.00000000,1
1531167654691,1531167654690,10024495,0.00015876,703.00000000,0
1531167654700,1531167654696,10024496,0.00015890,1076.00000000,0
1531167662889,1531167662887,10024497,0.00015862,105.00000000,1
1531167673335,1531167673329,10024498,0.00015886,496.00000000,0
1531167684682,1531167684677,10024499,0.00015866,1056.00000000,1
1531167692774,1531167692768,10024500,0.00015875,300.00000000,0
1531167692796,1531167692789,10024501,0.00015886,188.00000000,0
1531167694303,1531167694300,10024502,0.00015862,771.00000000,1
1531167695044,1531167695040,10024503,0.00015862,7.00000000,0
1531167696013,1531167696012,10024504,0.00015862,7.00000000,0
1531167698726,1531167698718,10024505,0.00015862,8.00000000,0
1531167710280,1531167710273,10024506,0.00015861,225.00000000,0
1531167715841,1531167715839,10024507,0.00015859,696.00000000,0
1531167715851,1531167715846,10024508,0.00015861,861.00000000,0
1531167718052,1531167718048,10024509,0.00015862,8.00000000,0
1531167726116,1531167726110,10024510,0.00015861,225.00000000,1
1531167728367,1531167728364,10024511,0.00015861,137.00000000,0
1531167728473,1531167728470,10024512,0.00015861,724.00000000,0
1531167728613,1531167728611,10024513,0.00015862,46.00000000,0
1531167735430,1531167735425,10024514,0.00015858,788.00000000,1
1531167735451,1531167735446,10024515,0.00015858,1350.00000000,1
1531167744204,1531167744198,10024516,0.00015857,1162.00000000,1
1531167744373,1531167744369,10024517,0.00015857,75.00000000,0
1531167757644,1531167757638,10024518,0.00015854,911.00000000,1
1531167758186,1531167758181,10024519,0.00015857,27.00000000,0
1531167765118,1531167765112,10024520,0.00015855,853.00000000,0
1531167765137,1531167765136,10024521,0.00015854,667.00000000,1
1531167771241,1531167771238,10024522,0.00015857,2026.00000000,0
1531167778227,1531167778223,10024523,0.00015854,763.00000000,1
1531167778240,1531167778234,10024524,0.00015854,1219.00000000,1
1531167787216,1531167787217,10024525,0.00015857,63.00000000,0
1531167796088,1531167796082,10024526,0.00015854,1716.00000000,1
1531167796164,1531167796163,10024527,0.00015857,225.00000000,0
1531167803603,1531167803600,10024528,0.00015854,1346.00000000,1
1531167803631,1531167803630,10024529,0.00015853,29.00000000,1
1531167803789,1531167803782,10024530,0.00015850,18.00000000,1
1531167803789,1531167803782,10024531,0.00015846,12.00000000,1
1531167819416,1531167819415,10024532,0.00015857,45.00000000,0
1531167820678,1531167820673,10024533,0.00015857,225.00000000,0
1531167821517,1531167821510,10024534,0.00015857,26.00000000,0
1531167824562,1531167824557,10024535,0.00015847,1563.00000000,1
1531167824567,1531167824561,10024536,0.00015852,395.00000000,0
1531167824580,1531167824574,10024537,0.00015847,448.00000000,1
1531167824633,1531167824628,10024538,0.00015852,505.00000000,0
1531167825325,1531167825318,10024539,0.00015857,179.00000000,0
1531167825863,1531167825857,10024540,0.00015857,189.00000000,0
1531167826321,1531167826315,10024541,0.00015857,84.00000000,0
1531167826668,1531167826666,10024542,0.00015857,179.00000000,0
1531167829330,1531167829328,10024543,0.00015852,22.00000000,0
1531167829342,1531167829338,10024544,0.00015847,18.00000000,1
1531167831897,1531167831891,10024545,0.00015857,226.00000000,0
1531167834468,1531167834462,10024546,0.00015857,138.00000000,0
1531167835793,1531167835788,10024547,0.00015857,75.00000000,0
1531167845884,1531167845879,10024548,0.00015852,1162.00000000,0
1531167845899,1531167845897,10024549,0.00015847,1039.00000000,1
1531167845921,1531167845915,10024550,0.00015847,709.00000000,1
1531167850219,1531167850213,10024551,0.00015857,55.00000000,0
1531167864264,1531167864258,10024552,0.00015849,1168.00000000,1
1531167864294,1531167864287,10024553,0.00015849,750.00000000,1
1531167866548,1531167866544,10024554,0.00015848,60.00000000,1
1531167870203,1531167870195,10024555,0.00015848,4.00000000,1
1531167870203,1531167870195,10024556,0.00015846,19.00000000,1
1531167870203,1531167870195,10024557,0.00015838,52.00000000,1
1531167870203,1531167870195,10024558,0.00015831,360.00000000,1
1531167870203,1531167870195,10024559,0.00015828,30.00000000,1
1531167870203,1531167870195,10024560,0.00015826,9.00000000,1
1531167870203,1531167870195,10024561,0.00015825,12.00000000,1
1531167870203,1531167870195,10024562,0.00015820,59.00000000,1
1531167870203,1531167870195,10024563,0.00015817,28.00000000,1
1531167870204,1531167870195,10024564,0.00015812,86.00000000,1
1531167892736,1531167892732,10024565,0.00015856,10.00000000,0
1531167901531,1531167901521,10024566,0.00015828,24.00000000,1
1531167901531,1531167901521,10024567,0.00015812,160.00000000,1
1531167901531,1531167901521,10024568,0.00015804,17.00000000,1
1531167901531,1531167901521,10024569,0.00015803,53.00000000,1
1531167901531,1531167901521,10024570,0.00015801,14.00000000,1
1531167901531,1531167901521,10024571,0.00015800,654.00000000,1
1531167901531,1531167901521,10024572,0.00015798,8.00000000,1
1531167901531,1531167901521,10024573,0.00015797,95.00000000,1
1531167901531,1531167901521,10024574,0.00015795,63.00000000,1
1531167901531,1531167901521,10024575,0.00015794,83.00000000,1
1531167901531,1531167901521,10024576,0.00015790,563.00000000,1
1531167902912,1531167902906,10024577,0.00015833,11.00000000,0
1531167903561,1531167903555,10024578,0.00015833,11.00000000,0
1531167905562,1531167905556,10024579,0.00015817,65.00000000,1
1531167907438,1531167907432,10024580,0.00015817,1404.00000000,1
1531167907922,1531167907922,10024581,0.00015817,43.00000000,0
1531167908060,1531167908054,10024582,0.00015817,19.00000000,0
1531167908129,1531167908128,10024583,0.00015817,3.00000000,0
1531167908129,1531167908128,10024584,0.00015831,4.00000000,0
1531167925771,1531167925766,10024585,0.00015818,1658.00000000,1
1531167936843,1531167936836,10024586,0.00015818,7.00000000,0
1531167936852,1531167936844,10024587,0.00015818,20.00000000,0
1531167939697,1531167939690,10024588,0.00015818,50.00000000,0
1531167939697,1531167939690,10024589,0.00015825,25.00000000,0
1531167941419,1531167941417,10024590,0.00015825,40.00000000,0
1531167941708,1531167941702,10024591,0.00015825,58.00000000,0
1531167945617,1531167945613,10024592,0.00015821,2035.00000000,0
1531167945624,1531167945619,10024593,0.00015818,870.00000000,1
1531167951015,1531167951010,10024594,0.00015825,227.00000000,0
1531167951625,1531167951619,10024595,0.00015817,1350.00000000,1
1531167953061,1531167953056,10024596,0.00015803,1.00000000,1
1531167953104,1531167953098,10024597,0.00015803,1.00000000,1
1531167953914,1531167953908,10024598,0.00015817,20.00000000,0
1531167957884,1531167957879,10024599,0.00015817,9.00000000,0
1531167960109,1531167960103,10024600,0.00015817,3.00000000,0
1531167960571,1531167960564,10024601,0.00015818,42.00000000,1
1531167960626,1531167960626,10024602,0.00015818,31.00000000,1
1531167965486,1531167965482,10024603,0.00015820,1749.00000000,0
1531167965539,1531167965503,10024604,0.00015818,708.00000000,1
1531167969275,1531167969269,10024605,0.00015818,41.00000000,0
1531167978508,1531167978503,10024606,0.00015818,1523.00000000,1
1531168010766,1531168010761,10024607,0.00015818,55.00000000,0
1531168013616,1531168013609,10024608,0.00015817,7.00000000,1
1531168025367,1531168025365,10024609,0.00015791,1112.00000000,1
1531168025403,1531168025397,10024610,0.00015813,112.00000000,0
1531168025403,1531168025397,10024611,0.00015817,20.00000000,0
1531168025403,1531168025397,10024612,0.00015818,92.00000000,0
1531168025403,1531168025397,10024613,0.00015823,7.00000000,0
1531168025403,1531168025397,10024614,0.00015824,7.00000000,0
1531168025403,1531168025397,10024615,0.00015825,440.00000000,0
1531168027919,1531168027912,10024616,0.00015825,1032.00000000,0
1531168030202,1531168030196,10024617,0.00015831,7.00000000,0
1531168051281,1531168051275,10024618,0.00015825,188.00000000,0
1531168051299,1531168051293,10024619,0.00015825,45.00000000,0
1531168051300,1531168051295,10024620,0.00015825,188.00000000,0
1531168065807,1531168065802,10024621,0.00015813,1299.00000000,0
1531168065826,1531168065821,10024622,0.00015803,575.00000000,1
1531168073501,1531168073496,10024623,0.00015802,672.00000000,1
1531168085151,1531168085148,10024624,0.00015802,1745.00000000,1
1531168085171,1531168085165,10024625,0.00015802,1770.00000000,1
1531168086083,1531168086077,10024626,0.00015800,469.00000000,0
1531168086084,1531168086079,10024627,0.00015800,470.00000000,0
1531168086149,1531168086148,10024628,0.00015800,202.00000000,0
1531168086179,1531168086174,10024629,0.00015800,67.00000000,0
1531168086196,1531168086193,10024630,0.00015800,81.00000000,0
1531168086406,1531168086402,10024631,0.00015800,126.00000000,0
1531168086428,1531168086421,10024632,0.00015800,803.00000000,0
1531168087100,1531168087094,10024633,0.00015800,90.00000000,0
1531168087158,1531168087152,10024634,0.00015800,91.00000000,0
1531168087433,1531168087427,10024635,0.00015800,585.00000000,0
1531168087449,1531168087444,10024636,0.00015800,2602.00000000,0
1531168100451,1531168100446,10024637,0.00015802,1594.00000000,1
1531168100469,1531168100469,10024638,0.00015802,1099.00000000,1
1531168115600,1531168115595,10024639,0.00015811,119.00000000,0
1531168115610,1531168115605,10024640,0.00015800,117.00000000,1
1531168134200,1531168134195,10024641,0.00015803,895.00000000,1
1531168134690,1531168134684,10024642,0.00015802,16.00000000,1
1531168144382,1531168144377,10024643,0.00015798,99.00000000,1
1531168149022,1531168149019,10024644,0.00015798,28.00000000,1
1531168149157,1531168149151,10024645,0.00015822,6.00000000,0
1531168149634,1531168149628,10024646,0.00015798,28.00000000,1
1531168164369,1531168164364,10024647,0.00015799,103.00000000,1
1531168175573,1531168175568,10024648,0.00015810,20.00000000,0
1531168175593,1531168175588,10024649,0.00015799,11.00000000,1
1531168190316,1531168190312,10024650,0.00015799,79.00000000,1
1531168195818,1531168195813,10024651,0.00015809,1184.00000000,0
1531168195831,1531168195827,10024652,0.00015799,380.00000000,1
1531168196930,1531168196924,10024653,0.00015798,504.00000000,1
1531168201113,1531168201107,10024654,0.00015799,14.00000000,0
1531168201690,1531168201684,10024655,0.00015799,65.00000000,0
1531168207874,1531168207872,10024656,0.00015813,7.00000000,1
1531168208463,1531168208456,10024657,0.00015803,7.00000000,0
1531168208463,1531168208456,10024658,0.00015816,1.00000000,0
1531168214251,1531168214246,10024659,0.00015808,356.00000000,0
1531168214266,1531168214261,10024660,0.00015800,258.00000000,1
1531168232398,1531168232393,10024661,0.00015800,299.00000000,1
1531168234273,1531168234267,10024662,0.00015800,150.00000000,1
1531168234730,1531168234730,10024663,0.00015815,240.00000000,1
1531168237487,1531168237484,10024664,0.00015808,2278.00000000,0
1531168237499,1531168237495,10024665,0.00015800,401.00000000,1
1531168237722,1531168237716,10024666,0.00015799,728.00000000,1
1531168238004,1531168237999,10024667,0.00015799,41.00000000,0
1531168239424,1531168239419,10024668,0.00015799,7.00000000,0
1531168241207,1531168241202,10024669,0.00015800,14.00000000,0
1531168251470,1531168251466,10024670,0.00015800,435.00000000,0
1531168264914,1531168264911,10024671,0.00015791,209.00000000,1
1531168264925,1531168264919,10024672,0.00015791,1323.00000000,1
1531168289050,1531168289044,10024673,0.00015802,1129.00000000,0
1531168289060,1531168289057,10024674,0.00015792,1205.00000000,1
1531168289076,1531168289071,10024675,0.00015792,487.00000000,1
1531168295452,1531168295446,10024676,0.00015813,12.00000000,0
1531168315034,1531168315028,10024677,0.00015792,1581.00000000,1
1531168333994,1531168333989,10024678,0.00015792,825.00000000,1
1531168334010,1531168334008,10024679,0.00015792,920.00000000,1
1531168349308,1531168349302,10024680,0.00015794,10.00000000,1
1531168349930,1531168349924,10024681,0.00015792,17.00000000,0
1531168355925,1531168355919,10024682,0.00015794,1439.00000000,1
1531168355945,1531168355940,10024683,0.00015794,239.00000000,1
1531168362013,1531168362012,10024684,0.00015793,215.00000000,1
1531168371489,1531168371482,10024685,0.00015813,200.00000000,0
1531168379174,1531168379168,10024686,0.00015794,1634.00000000,1
1531168383321,1531168383314,10024687,0.00015794,100.00000000,0
1531168383329,1531168383323,10024688,0.00015794,99.00000000,0
1531168386379,1531168386377,10024689,0.00015794,25.00000000,0
1531168388676,1531168388670,10024690,0.00015793,179.00000000,1
1531168398790,1531168398789,10024691,0.00015794,233.00000000,0
1531168404761,1531168404755,10024692,0.00015791,401.00000000,1
1531168406708,1531168406702,10024693,0.00015794,40.00000000,0
1531168406721,1531168406717,10024694,0.00015794,223.00000000,0
1531168406738,1531168406736,10024695,0.00015794,56.00000000,0
1531168421725,1531168421719,10024696,0.00015794,449.00000000,0
1531168424049,1531168424044,10024697,0.00015802,1747.00000000,0
1531168424066,1531168424060,10024698,0.00015791,865.00000000,1
1531168431456,1531168431450,10024699,0.00015813,234.00000000,0
1531168431482,1531168431475,10024700,0.00015813,976.00000000,0
1531168432628,1531168432623,10024701,0.00015816,51.00000000,0
1531168433727,1531168433720,10024702,0.00015817,47.00000000,0
1531168434734,1531168434733,10024703,0.00015825,50.00000000,0
1531168506413,1531168506408,10024704,0.00015840,7.00000000,0
1531168520792,1531168520787,10024705,0.00015836,20.00000000,0
1531168530191,1531168530186,10024706,0.00015826,512.00000000,0
1531168530206,1531168530201,10024707,0.00015816,244.00000000,1
1531168548922,1531168548917,10024708,0.00015836,7.00000000,0
1531168555227,1531168555220,10024709,0.00015816,475.00000000,1
1531168555247,1531168555242,10024710,0.00015816,1532.00000000,1
1531168560529,1531168560525,10024711,0.00015825,512.00000000,0
1531168560548,1531168560542,10024712,0.00015816,1486.00000000,1
1531168560574,1531168560569,10024713,0.00015816,267.00000000,1
1531168575765,1531168575760,10024714,0.00015817,102.00000000,1
1531168575781,1531168575774,10024715,0.00015817,1639.00000000,1
1531168582384,1531168582379,10024716,0.00015825,931.00000000,0
1531168582400,1531168582394,10024717,0.00015817,605.00000000,1
1531168615739,1531168615733,10024718,0.00015836,77.00000000,0
1531168617071,1531168617066,10024719,0.00015840,536.00000000,0
1531168644934,1531168644929,10024720,0.00015850,7.00000000,0
1531168649938,1531168649936,10024721,0.00015841,1.00000000,1
1531168650196,1531168650189,10024722,0.00015841,6.00000000,1
1531168665043,1531168665038,10024723,0.00015848,555.00000000,0
1531168665058,1531168665052,10024724,0.00015847,361.00000000,1
1531168691747,1531168691740,10024725,0.00015850,18.00000000,0
1531168692757,1531168692750,10024726,0.00015852,115.00000000,0
1531168694810,1531168694805,10024727,0.00015852,590.00000000,0
1531168694827,1531168694822,10024728,0.00015847,259.00000000,1
1531168707445,1531168707439,10024729,0.00015846,166.00000000,1
1531168714868,1531168714862,10024730,0.00015849,1487.00000000,0
1531168714887,1531168714882,10024731,0.00015841,1127.00000000,1
1531168721267,1531168721264,10024732,0.00015842,651.00000000,1
1531168722260,1531168722256,10024733,0.00015842,12.00000000,1
1531168725624,1531168725619,10024734,0.00015842,1091.00000000,1
1531168726837,1531168726832,10024735,0.00015842,663.00000000,0
1531168734194,1531168734189,10024736,0.00015841,1143.00000000,1
1531168734221,1531168734215,10024737,0.00015841,1091.00000000,1
1531168753349,1531168753346,10024738,0.00015841,29.00000000,1
1531168756026,1531168756021,10024739,0.00015849,1263.00000000,0
1531168756034,1531168756028,10024740,0.00015841,448.00000000,1
1531168756049,1531168756044,10024741,0.00015841,990.00000000,1
1531168756759,1531168756754,10024742,0.00015841,29.00000000,0
1531168764757,1531168764755,10024743,0.00015841,61.00000000,0
1531168771481,1531168771477,10024744,0.00015841,1739.00000000,1
1531168795724,1531168795719,10024745,0.00015849,483.00000000,0
1531168795737,1531168795730,10024746,0.00015841,71.00000000,1
1531168795748,1531168795743,10024747,0.00015841,230.00000000,1
1531168804913,1531168804908,10024748,0.00015849,1699.00000000,0
1531168804922,1531168804920,10024749,0.00015841,955.00000000,1
1531168805174,1531168805167,10024750,0.00015857,7.00000000,0
1531168814594,1531168814588,10024751,0.00015846,621.00000000,0
1531168814594,1531168814588,10024752,0.00015854,630.00000000,0
1531168814594,1531168814588,10024753,0.00015857,565.00000000,0
1531168834570,1531168834564,10024754,0.00015841,1304.00000000,1
1531168842697,1531168842696,10024755,0.00015857,7.00000000,0
1531168858378,1531168850892,10024756,0.00015840,44.00000000,1
1531168858924,1531168858919,10024757,0.00015812,1329.00000000,1
1531168869654,1531168869648,10024758,0.00015822,18.00000000,1
1531168871773,1531168871767,10024759,0.00015824,187.00000000,1
1531168875634,1531168875628,10024760,0.00015822,1711.00000000,1
1531168883944,1531168883939,10024761,0.00015823,1162.00000000,1
1531168884352,1531168884348,10024762,0.00015822,33.00000000,1
1531168885429,1531168885422,10024763,0.00015821,67.00000000,1
1531168905767,1531168905761,10024764,0.00015813,1000.00000000,1
1531168905777,1531168905775,10024765,0.00015813,1563.00000000,1
1531168922957,1531168922950,10024766,0.00015814,571.00000000,1
1531168923230,1531168923228,10024767,0.00015814,588.00000000,1
1531168926041,1531168926039,10024768,0.00015814,1441.00000000,1
1531168926059,1531168926053,10024769,0.00015814,272.00000000,1
1531168926251,1531168926247,10024770,0.00015813,14.00000000,1
1531168926265,1531168926260,10024771,0.00015813,14.00000000,1
1531168926292,1531168926286,10024772,0.00015813,22.00000000,1
1531168936798,1531168936796,10024773,0.00015812,50.00000000,1
1531168941093,1531168941086,10024774,0.00015806,465.00000000,1
1531168941093,1531168941086,10024775,0.00015805,64.00000000,1
1531168941093,1531168941086,10024776,0.00015801,400.00000000,1
1531168961797,1531168961792,10024777,0.00015801,15.00000000,1
1531168969533,1531168969526,10024778,0.00015812,149.00000000,0
1531168982154,1531168982148,10024779,0.00015808,1168.00000000,0
1531168982213,1531168982207,10024780,0.00015825,33.00000000,0
1531168982213,1531168982207,10024781,0.00015826,165.00000000,0
1531168982231,1531168982227,10024782,0.00015826,715.00000000,0
1531168988801,1531168988799,10024783,0.00015792,15.00000000,1
1531168991866,1531168991860,10024784,0.00015832,24.00000000,0
1531168991866,1531168991860,10024785,0.00015848,50.00000000,0
1531168991866,1531168991860,10024786,0.00015857,22.00000000,0
1531169001895,1531169001890,10024787,0.00015800,101.00000000,1
1531169002357,1531169002351,10024788,0.00015799,13.00000000,0
1531169002962,1531169002956,10024789,0.00015801,136.00000000,1
1531169025089,1531169025086,10024790,0.00015820,15.00000000,0
1531169025089,1531169025086,10024791,0.00015821,16.00000000,0
1531169028865,1531169028861,10024792,0.00015821,72.00000000,0
1531169030494,1531169030488,10024793,0.00015821,1.00000000,0
1531169030494,1531169030488,10024794,0.00015857,14.00000000,0
1531169031542,1531169031540,10024795,0.00015800,63.00000000,1
1531169089226,1531169089220,10024796,0.00015790,16.00000000,1
1531169089226,1531169089220,10024797,0.00015789,425.00000000,1
1531169089226,1531169089220,10024798,0.00015785,875.00000000,1
1531169143123,1531169143118,10024799,0.00015798,24.00000000,1
1531169179804,1531169179798,10024800,0.00015800,100.00000000,0
1531169179804,1531169179798,10024801,0.00015819,1.00000000,0
1531169196393,1531169196388,10024802,0.00015797,193.00000000,0
1531169196408,1531169196403,10024803,0.00015807,961.00000000,0
1531169196423,1531169196417,10024804,0.00015807,173.00000000,0
1531169209340,1531169209334,10024805,0.00015818,10.00000000,0
1531169272253,1531169272247,10024806,0.00015807,866.00000000,0
1531169272267,1531169272261,10024807,0.00015796,628.00000000,1
1531169276915,1531169276910,10024808,0.00015803,630.00000000,1
1531169279205,1531169279198,10024809,0.00015818,80.00000000,0
1531169279205,1531169279198,10024810,0.00015819,100.00000000,0
1531169279205,1531169279198,10024811,0.00015825,50.00000000,0
1531169284807,1531169284801,10024812,0.00015822,64.00000000,0
1531169284807,1531169284801,10024813,0.00015823,19.00000000,0
1531169294759,1531169294755,10024814,0.00015809,1204.00000000,0
1531169294767,1531169294762,10024815,0.00015822,478.00000000,0
1531169298544,1531169298542,10024816,0.00015823,8.00000000,0
1531169305078,1531169305074,10024817,0.00015809,671.00000000,0
1531169305087,1531169305083,10024818,0.00015822,646.00000000,0
1531169305109,1531169305104,10024819,0.00015822,630.00000000,0
1531169379653,1531169379648,10024820,0.00015802,865.00000000,0
1531169379669,1531169379664,10024821,0.00015817,169.00000000,0
1531169379690,1531169379683,10024822,0.00015817,865.00000000,0
1531169389969,1531169389963,10024823,0.00015818,24.00000000,0
1531169405675,1531169405670,10024824,0.00015816,338.00000000,0
1531169414408,1531169414403,10024825,0.00015788,24.00000000,1
1531169419217,1531169419211,10024826,0.00015816,898.00000000,0
1531169419245,1531169419238,10024827,0.00015816,1049.00000000,0
1531169429741,1531169429737,10024828,0.00015816,91.00000000,1
1531169429755,1531169429748,10024829,0.00015794,12.00000000,1
1531169429755,1531169429748,10024830,0.00015788,36.00000000,1
1531169429755,1531169429748,10024831,0.00015787,12.00000000,1
1531169429755,1531169429748,10024832,0.00015785,31.00000000,1
1531169444957,1531169444951,10024833,0.00015807,790.00000000,0
1531169450731,1531169450726,10024834,0.00015807,1763.00000000,0
1531169450751,1531169450746,10024835,0.00015807,185.00000000,0
1531169465771,1531169465766,10024836,0.00015786,1514.00000000,1
1531169465782,1531169465778,10024837,0.00015786,323.00000000,1
1531169483934,1531169483928,10024838,0.00015786,596.00000000,1
1531169485232,1531169485226,10024839,0.00015785,103.00000000,1
1531169494562,1531169494556,10024840,0.00015807,1948.00000000,0
1531169495887,1531169495884,10024841,0.00015809,36.00000000,1
1531169516659,1531169516654,10024842,0.00015786,663.00000000,1
1531169516675,1531169516669,10024843,0.00015786,1483.00000000,1
1531169544691,1531169544685,10024844,0.00015788,1527.00000000,1
1531169544707,1531169544702,10024845,0.00015788,863.00000000,1
1531169564276,1531169564271,10024846,0.00015788,1649.00000000,1
1531169564296,1531169564292,10024847,0.00015788,1732.00000000,1
1531169574871,1531169574866,10024848,0.00015787,13.00000000,1
1531169599817,1531169599810,10024849,0.00015799,36.00000000,0
1531169600962,1531169600956,10024850,0.00015790,643.00000000,1
1531169600980,1531169600975,10024851,0.00015790,1212.00000000,1
1531169611905,1531169611898,10024852,0.00015790,192.00000000,1
1531169612226,1531169612220,10024853,0.00015790,1289.00000000,1
1531169638860,1531169638856,10024854,0.00015789,7.00000000,1
1531169644802,1531169644798,10024855,0.00015789,60.00000000,0
1531169664257,1531169664253,10024856,0.00015788,1233.00000000,1
1531169678198,1531169678192,10024857,0.00015787,59.00000000,1
1531169687881,1531169687878,10024858,0.00015787,534.00000000,1
1531169689688,1531169689681,10024859,0.00015785,687.00000000,1
1531169690850,1531169690845,10024860,0.00015783,162.00000000,1
1531169692188,1531169692183,10024861,0.00015779,9.00000000,1
1531169692189,1531169692183,10024862,0.00015778,9.00000000,1
1531169692189,1531169692183,10024863,0.00015777,7.00000000,1
1531169692189,1531169692183,10024864,0.00015776,39.00000000,1
1531169692189,1531169692183,10024865,0.00015775,227.00000000,1
1531169692189,1531169692183,10024866,0.00015775,597.00000000,1
1531169692222,1531169692217,10024867,0.00015775,114.00000000,0
1531169692381,1531169692374,10024868,0.00015775,757.00000000,0
1531169692517,1531169692510,10024869,0.00015775,278.00000000,0
1531169692536,1531169692531,10024870,0.00015775,40.00000000,0
1531169692646,1531169692641,10024871,0.00015775,757.00000000,0
1531169692719,1531169692713,10024872,0.00015775,1088.00000000,0
1531169693986,1531169693982,10024873,0.00015774,27.00000000,1
1531169695090,1531169695084,10024874,0.00015772,66.00000000,1
1531169695091,1531169695084,10024875,0.00015775,12.00000000,0
1531169696178,1531169696172,10024876,0.00015771,25.00000000,1
1531169697253,1531169697246,10024877,0.00015770,7.00000000,1
1531169698307,1531169698303,10024878,0.00015769,27.00000000,1
1531169698339,1531169698334,10024879,0.00015772,3.00000000,0
1531169698415,1531169698410,10024880,0.00015772,3.00000000,0
1531169698453,1531169698447,10024881,0.00015772,8.00000000,0
1531169698640,1531169698633,10024882,0.00015772,14.00000000,0
1531169698723,1531169698716,10024883,0.00015772,5.00000000,0
1531169698880,1531169698873,10024884,0.00015772,17.00000000,0
1531169698898,1531169698894,10024885,0.00015772,14.00000000,0
1531169699412,1531169699405,10024886,0.00015769,7.00000000,1
1531169701809,1531169701802,10024887,0.00015769,1.00000000,1
1531169701833,1531169701828,10024888,0.00015769,1.00000000,1
1531169701865,1531169701859,10024889,0.00015769,1.00000000,1
1531169702005,1531169702003,10024890,0.00015769,1.00000000,1
1531169704570,1531169704565,10024891,0.00015772,496.00000000,0
1531169704913,1531169704908,10024892,0.00015769,655.00000000,1
1531169704941,1531169704934,10024893,0.00015769,1371.00000000,1
1531169704971,1531169704965,10024894,0.00015769,94.00000000,1
1531169705877,1531169705871,10024895,0.00015775,1126.00000000,0
1531169707602,1531169707598,10024896,0.00015768,1.00000000,1
1531169713472,1531169713468,10024897,0.00015768,1.00000000,1
1531169716587,1531169716581,10024898,0.00015774,24.00000000,0
1531169716745,1531169716738,10024899,0.00015775,264.00000000,0
1531169716861,1531169716854,10024900,0.00015775,264.00000000,0
1531169718773,1531169718767,10024901,0.00015768,1.00000000,1
1531169724517,1531169724512,10024902,0.00015774,685.00000000,0
1531169740499,1531169740494,10024903,0.00015769,1743.00000000,1
1531169741986,1531169741978,10024904,0.00015768,4.00000000,1
1531169741986,1531169741978,10024905,0.00015765,56.00000000,1
1531169742930,1531169742922,10024906,0.00015771,3.00000000,0
1531169742999,1531169742994,10024907,0.00015765,1.00000000,1
1531169743712,1531169743705,10024908,0.00015769,10.00000000,0
1531169745108,1531169745101,10024909,0.00015769,3.00000000,0
1531169750914,1531169750910,10024910,0.00015765,2.00000000,1
1531169752893,1531169752886,10024911,0.00015765,5.00000000,0
1531169758457,1531169758450,10024912,0.00015765,49.00000000,1
1531169760658,1531169760653,10024913,0.00015768,20.00000000,0
1531169760678,1531169760673,10024914,0.00015768,114.00000000,0
1531169760685,1531169760679,10024915,0.00015768,20.00000000,0
1531169763121,1531169763116,10024916,0.00015767,9.00000000,0
1531169765867,1531169765861,10024917,0.00015766,16.00000000,0
1531169765867,1531169765861,10024918,0.00015767,21.00000000,0
1531169766200,1531169766195,10024919,0.00015768,1099.00000000,0
1531169775771,1531169775766,10024920,0.00015768,60.00000000,1
1531169778957,1531169778951,10024921,0.00015768,3.00000000,1
1531169786523,1531169786517,10024922,0.00015768,91.00000000,1
1531169786536,1531169786531,10024923,0.00015768,1182.00000000,0
1531169786555,1531169786550,10024924,0.00015768,91.00000000,1
1531169788551,1531169788546,10024925,0.00015768,90.00000000,0
1531169791549,1531169791544,10024926,0.00015767,13.00000000,1
1531169815577,1531169815570,10024927,0.00015767,13.00000000,1
1531169815585,1531169815580,10024928,0.00015767,311.00000000,0
1531169815593,1531169815586,10024929,0.00015768,1072.00000000,0
1531169828314,1531169828308,10024930,0.00015768,345.00000000,1
1531169845094,1531169845092,10024931,0.00015765,308.00000000,1
1531169845115,1531169845108,10024932,0.00015768,927.00000000,0
1531169866243,1531169866238,10024933,0.00015768,404.00000000,1
1531169866259,1531169866255,10024934,0.00015768,2358.00000000,0
1531169866273,1531169866267,10024935,0.00015768,404.00000000,1
1531169868181,1531169868176,10024936,0.00015768,218.00000000,0
1531169885524,1531169885519,10024937,0.00015766,1339.00000000,0
1531169885533,1531169885528,10024938,0.00015765,1196.00000000,1
1531169885558,1531169885554,10024939,0.00015768,631.00000000,0
1531169898132,1531169898127,10024940,0.00015768,622.00000000,1
1531169898151,1531169898147,10024941,0.00015768,2037.00000000,0
1531169898247,1531169898242,10024942,0.00015768,622.00000000,1
1531169915014,1531169915009,10024943,0.00015765,1379.00000000,1
1531169915036,1531169915030,10024944,0.00015768,631.00000000,0
1531169926087,1531169926084,10024945,0.00015768,134.00000000,1
1531169926114,1531169926109,10024946,0.00015768,779.00000000,1
1531169936636,1531169936629,10024947,0.00015764,138.00000000,1
1531169937718,1531169937712,10024948,0.00015763,32.00000000,1
1531169938941,1531169938935,10024949,0.00015762,7.00000000,1
1531169940270,1531169940266,10024950,0.00015760,100.00000000,1
1531169940273,1531169940266,10024951,0.00015757,134.00000000,1
1531169940273,1531169940266,10024952,0.00015755,284.00000000,1
1531169940273,1531169940266,10024953,0.00015753,54.00000000,1
1531169940273,1531169940266,10024954,0.00015752,51.00000000,1
1531169940273,1531169940266,10024955,0.00015751,18.00000000,1
1531169940273,1531169940266,10024956,0.00015750,336.00000000,1
1531169941377,1531169941371,10024957,0.00015751,1.00000000,1
1531169941413,1531169941405,10024958,0.00015751,1.00000000,1
1531169941448,1531169941442,10024959,0.00015751,1.00000000,1
1531169944829,1531169944824,10024960,0.00015768,70.00000000,0
1531169944902,1531169944897,10024961,0.00015751,429.00000000,1
1531169944904,1531169944899,10024962,0.00015759,343.00000000,0
1531169944919,1531169944913,10024963,0.00015751,1379.00000000,1
1531169944967,1531169944962,10024964,0.00015751,3.00000000,0
1531169944970,1531169944964,10024965,0.00015759,502.00000000,0
1531169959957,1531169959950,10024966,0.00015760,1333.00000000,0
1531169959964,1531169959959,10024967,0.00015751,1018.00000000,1
1531169959987,1531169959980,10024968,0.00015760,342.00000000,1
1531169959987,1531169959980,10024969,0.00015751,828.00000000,1
1531169962342,1531169962336,10024970,0.00015750,60.00000000,1
1531169964248,1531169964244,10024971,0.00015750,319.00000000,1
1531169965195,1531169965190,10024972,0.00015750,28.00000000,1
1531169966019,1531169966014,10024973,0.00015750,317.00000000,1
1531169967155,1531169967148,10024974,0.00015750,57.00000000,1
1531169970444,1531169970439,10024975,0.00015750,10.00000000,1
1531169976828,1531169976822,10024976,0.00015750,223.00000000,1
1531169984642,1531169984636,10024977,0.00015760,2744.00000000,0
1531169984654,1531169984650,10024978,0.00015751,1089.00000000,1
1531169992582,1531169992576,10024979,0.00015751,100.00000000,1
1531169993520,1531169993514,10024980,0.00015751,7.00000000,1
1531170003802,1531170003796,10024981,0.00015752,148.00000000,1
1531170004833,1531170004827,10024982,0.00015768,10.00000000,0
1531170004833,1531170004827,10024983,0.00015769,2.00000000,0
1531170006326,1531170006319,10024984,0.00015766,51.00000000,0
1531170006969,1531170006964,10024985,0.00015752,1766.00000000,1
1531170006984,1531170006981,10024986,0.00015752,797.00000000,1
1531170006993,1531170006987,10024987,0.00015752,48.00000000,0
1531170007037,1531170007032,10024988,0.00015752,100.00000000,0
1531170013396,1531170013390,10024989,0.00015752,48.00000000,1
1531170013432,1531170013427,10024990,0.00015752,17.00000000,0
1531170020045,1531170020039,10024991,0.00015766,1.00000000,0
1531170020045,1531170020039,10024992,0.00015769,3.00000000,0
1531170034599,1531170034593,10024993,0.00015764,2568.00000000,0
1531170034613,1531170034607,10024994,0.00015760,892.00000000,1
1531170048259,1531170048254,10024995,0.00015760,343.00000000,1
1531170048277,1531170048271,10024996,0.00015760,1139.00000000,1
1531170054176,1531170054169,10024997,0.00015769,2.00000000,0
1531170061290,1531170061283,10024998,0.00015771,26.00000000,0
1531170061290,1531170061283,10024999,0.00015775,37.00000000,0
1531170067573,1531170067567,10025000,0.00015775,19.00000000,0
1531170068988,1531170068983,10025001,0.00015775,19.00000000,0
1531170070572,1531170070566,10025002,0.00015760,580.00000000,1
1531170075547,1531170075540,10025003,0.00015767,937.00000000,0
1531170075559,1531170075554,10025004,0.00015760,1783.00000000,1
1531170075582,1531170075576,10025005,0.00015760,176.00000000,1
1531170075610,1531170075605,10025006,0.00015760,50.00000000,0
1531170076056,1531170076051,10025007,0.00015760,530.00000000,0
1531170099180,1531170099175,10025008,0.00015767,893.00000000,0
1531170099199,1531170099194,10025009,0.00015760,304.00000000,1
1531170105309,1531170105304,10025010,0.00015775,19.00000000,0
1531170122531,1531170122525,10025011,0.00015775,442.00000000,0
1531170129830,1531170129826,10025012,0.00015776,137.00000000,1
1531170132681,1531170132675,10025013,0.00015760,39.00000000,0
1531170132771,1531170132768,10025014,0.00015760,67.00000000,0
1531170132840,1531170132836,10025015,0.00015760,7.00000000,0
1531170132860,1531170132853,10025016,0.00015760,617.00000000,0
1531170143190,1531170143186,10025017,0.00015761,985.00000000,1
1531170143205,1531170143200,10025018,0.00015761,398.00000000,1
1531170164266,1531170164261,10025019,0.00015762,1624.00000000,1
1531170164289,1531170164284,10025020,0.00015762,692.00000000,1
1531170185274,1531170185270,10025021,0.00015762,1091.00000000,1
1531170195717,1531170195713,10025022,0.00015762,293.00000000,1
1531170209700,1531170209694,10025023,0.00015772,2530.00000000,0
1531170209712,1531170209708,10025024,0.00015762,1205.00000000,1
1531170226030,1531170226024,10025025,0.00015762,365.00000000,1
1531170242322,1531170242317,10025026,0.00015762,743.00000000,1
1531170264327,1531170264321,10025027,0.00015771,2233.00000000,0
1531170264334,1531170264329,10025028,0.00015762,1379.00000000,1
