event_time,trade_time,trade_id,price,quantity,maker
1531160270909,1531160270905,387280,0.00000060,1.00000000,0
1531160270932,1531160270929,387281,0.00000060,1.00000000,0
1531160270936,1531160270933,387282,0.00000060,1.00000000,0
1531160271426,1531160271423,387283,0.00000060,1.00000000,0
1531160272133,1531160272131,387284,0.00000060,1.00000000,0
1531160273087,1531160273084,387285,0.00000060,11.00000000,0
1531160274138,1531160274135,387286,0.00000060,1.00000000,0
1531160274370,1531160274366,387287,0.00000060,1.00000000,0
1531160275158,1531160275155,387288,0.00000060,1.00000000,0
1531160275342,1531160275338,387289,0.00000060,1.00000000,0
1531160277068,1531160277064,387290,0.00000060,1.00000000,0
1531160277226,1531160277224,387291,0.00000060,1.00000000,0
1531160277478,1531160277475,387292,0.00000060,1.00000000,0
1531160277641,1531160277637,387293,0.00000060,1.00000000,0
1531160278356,1531160278353,387294,0.00000060,1.00000000,0
1531160278691,1531160278687,387295,0.00000060,1.00000000,0
1531160279033,1531160279031,387296,0.00000060,1.00000000,0
1531160280777,1531160280773,387297,0.00000060,1.00000000,0
1531160281285,1531160281282,387298,0.00000060,1.00000000,0
1531160281847,1531160281844,387299,0.00000060,1.00000000,0
1531160282469,1531160282466,387300,0.00000060,11.00000000,0
1531160282896,1531160282893,387301,0.00000060,11.00000000,0
1531160283851,1531160283849,387302,0.00000060,1.00000000,0
1531160284352,1531160284349,387303,0.00000060,1.00000000,0
1531160284364,1531160284361,387304,0.00000060,1.00000000,0
1531160284728,1531160284726,387305,0.00000060,1.00000000,0
1531160286492,1531160286492,387306,0.00000060,1.00000000,0
1531160286661,1531160286658,387307,0.00000060,1.00000000,0
1531160287593,1531160287590,387308,0.00000060,1.00000000,0
1531160288529,1531160288528,387309,0.00000060,1.00000000,0
1531160288835,1531160288832,387310,0.00000060,1.00000000,0
1531160289595,1531160289592,387311,0.00000060,1.00000000,0
1531160290074,1531160290070,387312,0.00000060,1.00000000,0
1531160290340,1531160290336,387313,0.00000060,1.00000000,0
1531160290833,1531160290829,387314,0.00000060,1.00000000,0
1531160291915,1531160291912,387315,0.00000060,1.00000000,0
1531160292912,1531160292909,387316,0.00000060,1.00000000,0
1531160294268,1531160294264,387317,0.00000060,1.00000000,0
1531160295286,1531160295282,387318,0.00000060,1.00000000,0
1531160296110,1531160296107,387319,0.00000060,1.00000000,0
1531160296198,1531160296194,387320,0.00000060,1.00000000,0
1531160296213,1531160296211,387321,0.00000060,1.00000000,0
1531160297660,1531160297658,387322,0.00000060,1.00000000,0
1531160297936,1531160297934,387323,0.00000060,1.00000000,0
1531160299430,1531160299426,387324,0.00000060,1.00000000,0
1531160300220,1531160300217,387325,0.00000060,1.00000000,0
1531160300652,1531160300650,387326,0.00000060,1.00000000,0
1531160300710,1531160300707,387327,0.00000060,1.00000000,0
1531160300749,1531160300744,387328,0.00000060,1.00000000,0
1531160302286,1531160302283,387329,0.00000060,1.00000000,0
1531160302328,1531160302325,387330,0.00000060,1.00000000,0
1531160302688,1531160302684,387331,0.00000060,1.00000000,0
1531160303949,1531160303947,387332,0.00000060,1.00000000,0
1531160304684,1531160304681,387333,0.00000060,1.00000000,0
1531160312955,1531160312952,387334,0.00000060,11.00000000,0
1531160313138,1531160313136,387335,0.00000060,1.00000000,0
1531160314391,1531160314387,387336,0.00000060,11.00000000,0
1531160315287,1531160315285,387337,0.00000060,1.00000000,0
1531160315471,1531160315468,387338,0.00000060,1.00000000,0
1531160316497,1531160316493,387339,0.00000060,1.00000000,0
1531160316658,1531160316654,387340,0.00000060,1.00000000,0
1531160317504,1531160317501,387341,0.00000060,1.00000000,0
1531160318479,1531160318475,387342,0.00000060,1.00000000,0
1531160319346,1531160319341,387343,0.00000060,1.00000000,0
1531160320279,1531160320276,387344,0.00000060,1.00000000,0
1531160321195,1531160321192,387345,0.00000060,1.00000000,0
1531160322124,1531160322121,387346,0.00000060,1.00000000,0
1531160322987,1531160322984,387347,0.00000060,1.00000000,0
1531160324151,1531160324149,387348,0.00000060,1.00000000,0
1531160324603,1531160324599,387349,0.00000060,11.00000000,0
1531160325628,1531160325625,387350,0.00000060,1.00000000,0
1531160326595,1531160326592,387351,0.00000060,1.00000000,0
1531160327523,1531160327519,387352,0.00000060,1.00000000,0
1531160328117,1531160328114,387353,0.00000060,1.00000000,0
1531160329343,1531160329340,387354,0.00000060,1.00000000,0
1531160329948,1531160329944,387355,0.00000060,1.00000000,0
1531160330983,1531160330979,387356,0.00000060,1.00000000,0
1531160331346,1531160331343,387357,0.00000060,1.00000000,0
1531160332475,1531160332473,387358,0.00000060,1.00000000,0
1531160333382,1531160333380,387359,0.00000060,1.00000000,0
1531160334172,1531160334170,387360,0.00000060,1.00000000,0
1531160335107,1531160335104,387361,0.00000060,1.00000000,0
1531160336142,1531160336139,387362,0.00000060,1.00000000,0
1531160336989,1531160336986,387363,0.00000060,1.00000000,0
1531160338320,1531160338317,387364,0.00000060,1.00000000,0
1531160338458,1531160338455,387365,0.00000060,1.00000000,0
1531160338767,1531160338765,387366,0.00000060,1.00000000,0
1531160339565,1531160339561,387367,0.00000060,1.00000000,0
1531160339798,1531160339794,387368,0.00000060,1.00000000,0
1531160340994,1531160340991,387369,0.00000060,1.00000000,0
1531160341229,1531160341226,387370,0.00000060,1.00000000,0
1531160341960,1531160341958,387371,0.00000060,1.00000000,0
1531160342230,1531160342227,387372,0.00000060,1.00000000,0
1531160343269,1531160343265,387373,0.00000060,1.00000000,0
1531160343999,1531160343996,387374,0.00000060,1.00000000,0
1531160344975,1531160344972,387375,0.00000060,1.00000000,0
1531160352108,1531160352105,387376,0.00000060,1.00000000,0
1531160353062,1531160353059,387377,0.00000060,1.00000000,0
1531160353112,1531160353108,387378,0.00000060,1.00000000,0
1531160354184,1531160354181,387379,0.00000060,1.00000000,0
1531160355206,1531160355204,387380,0.00000060,1.00000000,0
1531160356098,1531160356098,387381,0.00000060,1.00000000,0
1531160356776,1531160356773,387382,0.00000060,11.00000000,0
1531160357781,1531160357778,387383,0.00000060,2.00000000,0
1531160358866,1531160358863,387384,0.00000060,2.00000000,0
1531160359075,1531160359072,387385,0.00000060,2.00000000,0
1531160360276,1531160360274,387386,0.00000060,2.00000000,0
1531160361235,1531160361232,387387,0.00000060,1.00000000,0
1531160362584,1531160362581,387388,0.00000060,1.00000000,0
1531160362902,1531160362899,387389,0.00000060,11.00000000,0
1531160364065,1531160364061,387390,0.00000060,1.00000000,0
1531160364941,1531160364939,387391,0.00000060,1.00000000,0
1531160366171,1531160366167,387392,0.00000060,1.00000000,0
1531160367014,1531160367012,387393,0.00000060,1.00000000,0
1531160367201,1531160367198,387394,0.00000060,1.00000000,0
1531160368288,1531160368284,387395,0.00000060,1.00000000,0
1531160370062,1531160370059,387396,0.00000060,1.00000000,0
1531160370277,1531160370273,387397,0.00000060,1.00000000,0
1531160373212,1531160373208,387398,0.00000060,1.00000000,0
1531160373393,1531160373389,387399,0.00000060,11.00000000,0
1531160374745,1531160374741,387400,0.00000060,1.00000000,0
1531160374971,1531160374967,387401,0.00000060,1.00000000,0
1531160375848,1531160375844,387402,0.00000060,1.00000000,0
1531160376786,1531160376785,387403,0.00000060,1.00000000,0
1531160377960,1531160377958,387404,0.00000060,1.00000000,0
1531160378241,1531160378237,387405,0.00000060,1.00000000,0
1531160379349,1531160379348,387406,0.00000060,1.00000000,0
1531160379630,1531160379628,387407,0.00000060,1.00000000,0
1531160380495,1531160380493,387408,0.00000060,1.00000000,0
1531160381719,1531160381715,387409,0.00000060,1.00000000,0
1531160382453,1531160382449,387410,0.00000059,500.00000000,1
1531160382489,1531160382486,387411,0.00000060,2.00000000,0
1531160382989,1531160382986,387412,0.00000060,2.00000000,0
1531160384256,1531160384252,387413,0.00000060,2.00000000,0
1531160384256,1531160384252,387414,0.00000060,2.00000000,0
1531160385293,1531160385291,387415,0.00000060,2.00000000,0
1531160386185,1531160386181,387416,0.00000060,1.00000000,0
1531160387249,1531160387246,387417,0.00000060,1.00000000,0
1531160387408,1531160387403,387418,0.00000060,1.00000000,0
1531160388213,1531160388211,387419,0.00000060,1.00000000,0
1531160389128,1531160389124,387420,0.00000060,1.00000000,0
1531160390114,1531160390111,387421,0.00000060,1.00000000,0
1531160390278,1531160390275,387422,0.00000060,1.00000000,0
1531160390558,1531160390556,387423,0.00000060,1.00000000,0
1531160390970,1531160390966,387424,0.00000060,1.00000000,0
1531160391344,1531160391341,387425,0.00000060,1.00000000,0
1531160391670,1531160391667,387426,0.00000060,11.00000000,0
1531160392223,1531160392219,387427,0.00000060,1.00000000,0
1531160392516,1531160392512,387428,0.00000060,1.00000000,0
1531160392993,1531160392990,387429,0.00000060,1.00000000,0
1531160393186,1531160393181,387430,0.00000060,1.00000000,0
1531160393436,1531160393433,387431,0.00000060,1.00000000,0
1531160394343,1531160394340,387432,0.00000060,1.00000000,0
1531160394437,1531160394435,387433,0.00000060,1.00000000,0
1531160394519,1531160394515,387434,0.00000060,1.00000000,0
1531160395380,1531160395378,387435,0.00000060,1.00000000,0
1531160395383,1531160395380,387436,0.00000060,1.00000000,0
1531160396579,1531160396577,387437,0.00000060,1.00000000,0
1531160396649,1531160396646,387438,0.00000060,1.00000000,0
1531160396711,1531160396708,387439,0.00000060,1.00000000,0
1531160397161,1531160397158,387440,0.00000060,1.00000000,0
1531160397659,1531160397657,387441,0.00000060,11.00000000,0
1531160397956,1531160397953,387442,0.00000060,1.00000000,0
1531160398701,1531160398698,387443,0.00000060,1.00000000,0
1531160398739,1531160398739,387444,0.00000060,1.00000000,0
1531160399172,1531160399168,387445,0.00000060,1.00000000,0
1531160399702,1531160399681,387446,0.00000060,1.00000000,0
1531160400238,1531160400235,387447,0.00000060,11.00000000,0
1531160400258,1531160400255,387448,0.00000060,1.00000000,0
1531160400403,1531160400399,387449,0.00000060,1.00000000,0
1531160400633,1531160400631,387450,0.00000060,1.00000000,0
1531160400736,1531160400733,387451,0.00000060,1.00000000,0
1531160401980,1531160401778,387452,0.00000060,1.00000000,0
1531160401992,1531160401819,387453,0.00000060,11.00000000,0
1531160402341,1531160402337,387454,0.00000060,1.00000000,0
1531160404083,1531160404079,387455,0.00000060,1.00000000,0
1531160404088,1531160404086,387456,0.00000060,1.00000000,0
1531160404177,1531160404173,387457,0.00000060,11.00000000,0
1531160404437,1531160404435,387458,0.00000060,1.00000000,0
1531160404646,1531160404643,387459,0.00000060,1.00000000,0
1531160405437,1531160405434,387460,0.00000060,1.00000000,0
1531160405607,1531160405603,387461,0.00000060,1.00000000,0
1531160405621,1531160405619,387462,0.00000060,1.00000000,0
1531160406439,1531160406436,387463,0.00000060,1.00000000,0
1531160406556,1531160406553,387464,0.00000060,1.00000000,0
1531160406820,1531160406817,387465,0.00000060,1.00000000,0
1531160406834,1531160406832,387466,0.00000060,1.00000000,0
1531160407850,1531160407847,387467,0.00000060,1.00000000,0
1531160407927,1531160407924,387468,0.00000060,1.00000000,0
1531160408422,1531160408420,387469,0.00000060,1.00000000,0
1531160408701,1531160408698,387470,0.00000060,1.00000000,0
1531160408931,1531160408931,387471,0.00000060,1.00000000,0
1531160409867,1531160409863,387472,0.00000060,1.00000000,0
1531160409978,1531160409975,387473,0.00000060,1.00000000,0
1531160410936,1531160410933,387474,0.00000060,1.00000000,0
1531160411041,1531160411038,387475,0.00000060,1.00000000,0
1531160412044,1531160412042,387476,0.00000060,1.00000000,0
1531160412322,1531160412318,387477,0.00000060,22.00000000,0
1531160413002,1531160412999,387478,0.00000060,1.00000000,0
1531160413092,1531160413089,387479,0.00000060,2.00000000,0
1531160414028,1531160414025,387480,0.00000060,2.00000000,0
1531160414353,1531160414349,387481,0.00000060,1.00000000,0
1531160414691,1531160414688,387482,0.00000060,1.00000000,0
1531160414903,1531160414900,387483,0.00000060,2.00000000,0
1531160415502,1531160415499,387484,0.00000060,2.00000000,0
1531160415790,1531160415788,387485,0.00000060,1.00000000,0
1531160416272,1531160416269,387486,0.00000060,1.00000000,0
1531160416573,1531160416569,387487,0.00000060,22.00000000,0
1531160416848,1531160416845,387488,0.00000060,2.00000000,0
1531160417941,1531160417937,387489,0.00000060,2.00000000,0
1531160418158,1531160418155,387490,0.00000060,2.00000000,0
1531160418211,1531160418208,387491,0.00000060,1.00000000,0
1531160418991,1531160418991,387492,0.00000060,2.00000000,0
1531160419253,1531160419252,387493,0.00000060,2.00000000,0
1531160419302,1531160419299,387494,0.00000060,1.00000000,0
1531160420013,1531160420009,387495,0.00000060,2.00000000,0
1531160420074,1531160420071,387496,0.00000060,1.00000000,0
1531160420861,1531160420859,387497,0.00000060,2.00000000,0
1531160421095,1531160421094,387498,0.00000060,2.00000000,0
1531160421156,1531160421151,387499,0.00000060,1.00000000,0
1531160422364,1531160422361,387500,0.00000060,2.00000000,0
1531160422695,1531160422691,387501,0.00000060,2.00000000,0
1531160423908,1531160423904,387502,0.00000060,2.00000000,0
1531160424606,1531160424604,387503,0.00000060,2.00000000,0
1531160424800,1531160424797,387504,0.00000060,2.00000000,0
1531160425509,1531160425506,387505,0.00000060,2.00000000,0
1531160426216,1531160426214,387506,0.00000060,2.00000000,0
1531160426672,1531160426668,387507,0.00000060,2.00000000,0
1531160427487,1531160427485,387508,0.00000060,2.00000000,0
1531160427739,1531160427738,387509,0.00000060,2.00000000,0
1531160428617,1531160428613,387510,0.00000060,2.00000000,0
1531160429688,1531160429685,387511,0.00000060,2.00000000,0
1531160430066,1531160430062,387512,0.00000060,2.00000000,0
1531160431227,1531160431225,387513,0.00000060,2.00000000,0
1531160432118,1531160432116,387514,0.00000060,2.00000000,0
1531160433008,1531160433005,387515,0.00000060,2.00000000,0
1531160434409,1531160434407,387516,0.00000060,2.00000000,0
1531160434942,1531160434938,387517,0.00000060,2.00000000,0
1531160435086,1531160435083,387518,0.00000060,2.00000000,0
1531160436066,1531160436063,387519,0.00000060,2.00000000,0
1531160437646,1531160437642,387520,0.00000060,2.00000000,0
1531160438275,1531160438272,387521,0.00000060,2.00000000,0
1531160444614,1531160444612,387522,0.00000060,11.00000000,0
1531160444986,1531160444983,387523,0.00000060,1.00000000,0
1531160444986,1531160444984,387524,0.00000060,1.00000000,0
1531160445729,1531160445726,387525,0.00000060,1.00000000,0
1531160446590,1531160446586,387526,0.00000060,1.00000000,0
1531160446959,1531160446955,387527,0.00000060,1.00000000,0
1531160447559,1531160447556,387528,0.00000060,1.00000000,0
1531160448148,1531160448145,387529,0.00000060,1.00000000,0
1531160448577,1531160448573,387530,0.00000060,1.00000000,0
1531160449838,1531160449835,387531,0.00000060,1.00000000,0
1531160451085,1531160451082,387532,0.00000060,1.00000000,0
1531160452100,1531160452097,387533,0.00000060,1.00000000,0
1531160452347,1531160452343,387534,0.00000060,1.00000000,0
1531160452836,1531160452836,387535,0.00000060,1.00000000,0
1531160453778,1531160453775,387536,0.00000060,1.00000000,0
1531160454241,1531160454241,387537,0.00000060,1.00000000,0
1531160456201,1531160456196,387538,0.00000060,1.00000000,0
1531160457412,1531160457409,387539,0.00000060,1.00000000,0
1531160458155,1531160458153,387540,0.00000060,1.00000000,0
1531160458719,1531160458717,387541,0.00000060,1.00000000,0
1531160460005,1531160460002,387542,0.00000060,11.00000000,0
1531160461594,1531160461592,387543,0.00000060,1.00000000,0
1531160462138,1531160462135,387544,0.00000060,1.00000000,0
1531160466611,1531160466608,387545,0.00000059,760.00000000,1
1531160466727,1531160466723,387546,0.00000059,49950.00000000,1
1531160470486,1531160470482,387547,0.00000060,1.00000000,0
1531160470704,1531160470702,387548,0.00000060,1.00000000,0
1531160471171,1531160471168,387549,0.00000060,1.00000000,0
1531160471358,1531160471354,387550,0.00000060,1.00000000,0
1531160471426,1531160471423,387551,0.00000060,1.00000000,0
1531160471634,1531160471630,387552,0.00000060,1.00000000,0
1531160472878,1531160472875,387553,0.00000060,1.00000000,0
1531160472892,1531160472889,387554,0.00000060,1.00000000,0
1531160473048,1531160473044,387555,0.00000060,1.00000000,0
1531160473886,1531160473884,387556,0.00000060,1.00000000,0
1531160474088,1531160474083,387557,0.00000060,1.00000000,0
1531160474240,1531160474237,387558,0.00000060,1.00000000,0
1531160474469,1531160474465,387559,0.00000060,1.00000000,0
1531160475178,1531160475176,387560,0.00000060,1.00000000,0
1531160475338,1531160475334,387561,0.00000060,1.00000000,0
1531160476041,1531160476037,387562,0.00000060,11.00000000,0
1531160476182,1531160476181,387563,0.00000060,1.00000000,0
1531160476883,1531160476880,387564,0.00000060,1.00000000,0
1531160477234,1531160477231,387565,0.00000060,1.00000000,0
1531160477477,1531160477474,387566,0.00000060,1.00000000,0
1531160478210,1531160478207,387567,0.00000060,1.00000000,0
1531160478352,1531160478349,387568,0.00000060,1.00000000,0
1531160478480,1531160478478,387569,0.00000060,1.00000000,0
1531160479246,1531160479244,387570,0.00000060,1.00000000,0
1531160479404,1531160479401,387571,0.00000060,1.00000000,0
1531160479500,1531160479497,387572,0.00000060,1.00000000,0
1531160480363,1531160480361,387573,0.00000060,1.00000000,0
1531160480851,1531160480847,387574,0.00000060,1.00000000,0
1531160481231,1531160481227,387575,0.00000060,1.00000000,0
1531160481944,1531160481940,387576,0.00000060,1.00000000,0
1531160482124,1531160482122,387577,0.00000060,1.00000000,0
1531160482872,1531160482870,387578,0.00000060,1.00000000,0
1531160483013,1531160483009,387579,0.00000060,1.00000000,0
1531160483487,1531160483484,387580,0.00000060,1.00000000,0
1531160484633,1531160484629,387581,0.00000060,1.00000000,0
1531160485025,1531160485022,387582,0.00000060,1.00000000,0
1531160485761,1531160485757,387583,0.00000060,11.00000000,0
1531160486479,1531160486475,387584,0.00000060,1.00000000,0
1531160486624,1531160486622,387585,0.00000060,1.00000000,0
1531160487451,1531160487448,387586,0.00000060,1.00000000,0
1531160488280,1531160488278,387587,0.00000060,1.00000000,0
1531160488411,1531160488409,387588,0.00000060,1.00000000,0
1531160489764,1531160489760,387589,0.00000060,1.00000000,0
1531160490122,1531160490120,387590,0.00000060,1.00000000,0
1531160490271,1531160490268,387591,0.00000060,1.00000000,0
1531160490511,1531160490508,387592,0.00000060,1.00000000,0
1531160491147,1531160491145,387593,0.00000060,1.00000000,0
1531160492063,1531160492059,387594,0.00000060,1.00000000,0
1531160492218,1531160492215,387595,0.00000060,1.00000000,0
1531160492844,1531160492841,387596,0.00000059,53043.00000000,1
1531160492938,1531160492934,387597,0.00000060,1.00000000,0
1531160495365,1531160495361,387598,0.00000060,1.00000000,0
1531160495792,1531160495788,387599,0.00000060,1.00000000,0
1531160496021,1531160496019,387600,0.00000060,1.00000000,0
1531160496446,1531160496442,387601,0.00000060,1.00000000,0
1531160496537,1531160496536,387602,0.00000060,1.00000000,0
1531160497404,1531160497401,387603,0.00000060,1.00000000,0
1531160497762,1531160497759,387604,0.00000060,1.00000000,0
1531160498127,1531160498125,387605,0.00000060,1.00000000,0
1531160499158,1531160499155,387606,0.00000060,1.00000000,0
1531160499503,1531160499499,387607,0.00000060,1.00000000,0
1531160500597,1531160500594,387608,0.00000059,4925.00000000,1
1531160501278,1531160501275,387609,0.00000060,1.00000000,0
1531160502539,1531160502536,387610,0.00000060,1.00000000,0
1531160502551,1531160502546,387611,0.00000060,1.00000000,0
1531160503197,1531160503193,387612,0.00000060,1.00000000,0
1531160503224,1531160503221,387613,0.00000060,1.00000000,0
1531160503266,1531160503263,387614,0.00000060,1.00000000,0
1531160503502,1531160503499,387615,0.00000060,1.00000000,0
1531160504356,1531160504352,387616,0.00000060,11.00000000,0
1531160504686,1531160504683,387617,0.00000060,1.00000000,0
1531160504718,1531160504716,387618,0.00000060,11.00000000,0
1531160504952,1531160504948,387619,0.00000060,1.00000000,0
1531160505127,1531160505124,387620,0.00000060,1.00000000,0
1531160505741,1531160505737,387621,0.00000060,1.00000000,0
1531160505985,1531160505983,387622,0.00000060,1.00000000,0
1531160506035,1531160506031,387623,0.00000060,1.00000000,0
1531160506102,1531160506099,387624,0.00000060,1.00000000,0
1531160506933,1531160506930,387625,0.00000060,1.00000000,0
1531160507059,1531160507056,387626,0.00000060,11.00000000,0
1531160507093,1531160507090,387627,0.00000060,1.00000000,0
1531160507421,1531160507417,387628,0.00000060,1.00000000,0
1531160507948,1531160507945,387629,0.00000060,1.00000000,0
1531160508094,1531160508091,387630,0.00000060,1.00000000,0
1531160508419,1531160508416,387631,0.00000060,1.00000000,0
1531160508768,1531160508764,387632,0.00000060,1.00000000,0
1531160508895,1531160508891,387633,0.00000060,11.00000000,0
1531160509040,1531160509037,387634,0.00000060,1.00000000,0
1531160509488,1531160509485,387635,0.00000059,1000000.00000000,1
1531160509844,1531160509841,387636,0.00000060,1.00000000,0
1531160509870,1531160509867,387637,0.00000060,1.00000000,0
1531160509990,1531160509988,387638,0.00000060,1.00000000,0
1531160510514,1531160510510,387639,0.00000060,1.00000000,0
1531160510835,1531160510832,387640,0.00000060,1.00000000,0
1531160511020,1531160511017,387641,0.00000060,1.00000000,0
1531160511233,1531160511229,387642,0.00000060,1.00000000,0
1531160511312,1531160511310,387643,0.00000060,1.00000000,0
1531160511523,1531160511520,387644,0.00000060,1.00000000,0
1531160511599,1531160511596,387645,0.00000060,1.00000000,0
1531160511853,1531160511849,387646,0.00000060,1.00000000,0
1531160512232,1531160512229,387647,0.00000060,1.00000000,0
1531160512918,1531160512915,387648,0.00000060,11.00000000,0
1531160512941,1531160512938,387649,0.00000060,1.00000000,0
1531160512947,1531160512944,387650,0.00000060,1.00000000,0
1531160513067,1531160513064,387651,0.00000060,1.00000000,0
1531160513167,1531160513164,387652,0.00000060,1.00000000,0
1531160513904,1531160513901,387653,0.00000060,1.00000000,0
1531160514047,1531160514044,387654,0.00000060,1.00000000,0
1531160514052,1531160514048,387655,0.00000060,1.00000000,0
1531160514360,1531160514356,387656,0.00000060,1.00000000,0
1531160515296,1531160515292,387657,0.00000060,11.00000000,0
1531160515445,1531160515441,387658,0.00000060,1.00000000,0
1531160515603,1531160515600,387659,0.00000060,1.00000000,0
1531160515607,1531160515603,387660,0.00000060,1.00000000,0
1531160515856,1531160515853,387661,0.00000060,1.00000000,0
1531160516059,1531160516055,387662,0.00000060,1.00000000,0
1531160516531,1531160516528,387663,0.00000060,11.00000000,0
1531160516850,1531160516848,387664,0.00000060,1.00000000,0
1531160516890,1531160516886,387665,0.00000060,1.00000000,0
1531160517088,1531160517086,387666,0.00000060,1.00000000,0
1531160517255,1531160517253,387667,0.00000060,1.00000000,0
1531160517763,1531160517760,387668,0.00000060,11.00000000,0
1531160518406,1531160518403,387669,0.00000060,1.00000000,0
1531160518755,1531160518752,387670,0.00000060,1.00000000,0
1531160519204,1531160519202,387671,0.00000060,11.00000000,0
1531160519681,1531160519678,387672,0.00000060,1.00000000,0
1531160519991,1531160519988,387673,0.00000060,1.00000000,0
1531160520091,1531160520086,387674,0.00000060,1.00000000,0
1531160520573,1531160520570,387675,0.00000060,1.00000000,0
1531160520820,1531160520817,387676,0.00000060,1.00000000,0
1531160520937,1531160520934,387677,0.00000060,11.00000000,0
1531160521197,1531160521194,387678,0.00000060,1.00000000,0
1531160521794,1531160521791,387679,0.00000060,1.00000000,0
1531160522035,1531160522033,387680,0.00000060,1.00000000,0
1531160522387,1531160522383,387681,0.00000060,1.00000000,0
1531160522807,1531160522804,387682,0.00000060,1.00000000,0
1531160523077,1531160523073,387683,0.00000060,1.00000000,0
1531160523919,1531160523916,387684,0.00000060,1.00000000,0
1531160524246,1531160524243,387685,0.00000060,11.00000000,0
1531160524528,1531160524526,387686,0.00000060,1.00000000,0
1531160525173,1531160525170,387687,0.00000060,1.00000000,0
1531160525481,1531160525477,387688,0.00000060,1.00000000,0
1531160525780,1531160525775,387689,0.00000060,1.00000000,0
1531160526740,1531160526737,387690,0.00000060,1.00000000,0
1531160526997,1531160526993,387691,0.00000060,11.00000000,0
1531160527304,1531160527301,387692,0.00000059,104511.00000000,1
1531160527995,1531160527993,387693,0.00000060,1.00000000,0
1531160528095,1531160528091,387694,0.00000060,1.00000000,0
1531160528299,1531160528279,387695,0.00000060,1.00000000,0
1531160528324,1531160528319,387696,0.00000060,1.00000000,0
1531160528568,1531160528566,387697,0.00000060,1.00000000,0
1531160529317,1531160529313,387698,0.00000060,1.00000000,0
1531160529637,1531160529635,387699,0.00000060,1.00000000,0
1531160529659,1531160529655,387700,0.00000060,1.00000000,0
1531160530204,1531160530201,387701,0.00000060,1.00000000,0
1531160530680,1531160530676,387702,0.00000060,1.00000000,0
1531160531046,1531160531043,387703,0.00000060,1.00000000,0
1531160531440,1531160531438,387704,0.00000060,39623.00000000,0
1531160531520,1531160531516,387705,0.00000060,1.00000000,0
1531160531994,1531160531991,387706,0.00000060,1.00000000,0
1531160532055,1531160532052,387707,0.00000060,1.00000000,0
1531160532269,1531160532266,387708,0.00000060,1.00000000,0
1531160533044,1531160533041,387709,0.00000060,1.00000000,0
1531160533105,1531160533102,387710,0.00000060,1.00000000,0
1531160533293,1531160533289,387711,0.00000060,1.00000000,0
1531160533394,1531160533391,387712,0.00000060,1.00000000,0
1531160534223,1531160534220,387713,0.00000060,1.00000000,0
1531160534403,1531160534400,387714,0.00000060,111.00000000,0
1531160534721,1531160534717,387715,0.00000060,1.00000000,0
1531160535182,1531160535178,387716,0.00000060,11.00000000,0
1531160535745,1531160535742,387717,0.00000060,1.00000000,0
1531160536078,1531160536074,387718,0.00000060,1.00000000,0
1531160536225,1531160536221,387719,0.00000060,1.00000000,0
1531160536715,1531160536711,387720,0.00000060,1.00000000,0
1531160537053,1531160537050,387721,0.00000060,1.00000000,0
1531160537143,1531160537140,387722,0.00000060,1.00000000,0
1531160537355,1531160537353,387723,0.00000060,1.00000000,0
1531160538353,1531160538351,387724,0.00000060,1.00000000,0
1531160538368,1531160538364,387725,0.00000060,1.00000000,0
1531160538725,1531160538723,387726,0.00000060,11.00000000,0
1531160538821,1531160538819,387727,0.00000060,1.00000000,0
1531160539765,1531160539761,387728,0.00000060,11.00000000,0
1531160539861,1531160539857,387729,0.00000060,1.00000000,0
1531160540083,1531160540079,387730,0.00000060,1.00000000,0
1531160540798,1531160540794,387731,0.00000060,1.00000000,0
1531160541846,1531160541844,387732,0.00000060,1.00000000,0
1531160542722,1531160542719,387733,0.00000060,1.00000000,0
1531160543967,1531160543963,387734,0.00000060,1.00000000,0
1531160543982,1531160543979,387735,0.00000060,1.00000000,0
1531160544520,1531160544517,387736,0.00000060,1.00000000,0
1531160544961,1531160544958,387737,0.00000060,1.00000000,0
1531160546029,1531160546025,387738,0.00000060,11.00000000,0
1531160547215,1531160547213,387739,0.00000060,2.00000000,0
1531160547431,1531160547428,387740,0.00000060,22.00000000,0
1531160548340,1531160548336,387741,0.00000060,2.00000000,0
1531160548470,1531160548467,387742,0.00000060,2.00000000,0
1531160550273,1531160550270,387743,0.00000060,1.00000000,0
1531160550691,1531160550687,387744,0.00000060,11.00000000,0
1531160551662,1531160551659,387745,0.00000060,1.00000000,0
1531160552452,1531160552449,387746,0.00000059,15356.00000000,1
1531160552590,1531160552587,387747,0.00000060,11.00000000,0
1531160553991,1531160553988,387748,0.00000060,1.00000000,0
1531160554205,1531160554202,387749,0.00000060,1.00000000,0
1531160554257,1531160554254,387750,0.00000060,1.00000000,0
1531160555251,1531160555247,387751,0.00000060,1.00000000,0
1531160555445,1531160555442,387752,0.00000060,1.00000000,0
1531160555610,1531160555607,387753,0.00000060,1.00000000,0
1531160556588,1531160556583,387754,0.00000060,1.00000000,0
1531160557388,1531160557384,387755,0.00000060,1.00000000,0
1531160557533,1531160557530,387756,0.00000060,1.00000000,0
1531160557680,1531160557677,387757,0.00000060,1.00000000,0
1531160558573,1531160558570,387758,0.00000060,1.00000000,0
1531160558977,1531160558974,387759,0.00000060,1.00000000,0
1531160559739,1531160559735,387760,0.00000060,11.00000000,0
1531160559963,1531160559961,387761,0.00000060,1.00000000,0
1531160560490,1531160560487,387762,0.00000060,1.00000000,0
1531160561280,1531160561279,387763,0.00000060,11.00000000,0
1531160561448,1531160561445,387764,0.00000060,1.00000000,0
1531160562292,1531160562289,387765,0.00000060,1.00000000,0
1531160562474,1531160562470,387766,0.00000060,1.00000000,0
1531160563283,1531160563280,387767,0.00000060,1.00000000,0
1531160564244,1531160564240,387768,0.00000060,1.00000000,0
1531160565076,1531160565073,387769,0.00000060,1.00000000,0
1531160565663,1531160565659,387770,0.00000060,1.00000000,0
1531160566004,1531160566000,387771,0.00000060,1.00000000,0
1531160566420,1531160566417,387772,0.00000060,1.00000000,0
1531160567399,1531160567396,387773,0.00000060,11.00000000,0
1531160567621,1531160567618,387774,0.00000060,1.00000000,0
1531160568470,1531160568466,387775,0.00000060,11.00000000,0
1531160568687,1531160568684,387776,0.00000060,1.00000000,0
1531160569272,1531160569269,387777,0.00000059,5129.00000000,1
1531160569663,1531160569660,387778,0.00000060,1.00000000,0
1531160570207,1531160570204,387779,0.00000060,1.00000000,0
1531160571022,1531160571018,387780,0.00000060,1.00000000,0
1531160571164,1531160571160,387781,0.00000060,1.00000000,0
1531160571388,1531160571385,387782,0.00000060,1.00000000,0
1531160572219,1531160572216,387783,0.00000060,1.00000000,0
1531160572397,1531160572394,387784,0.00000060,1.00000000,0
1531160573225,1531160573224,387785,0.00000060,1.00000000,0
1531160576403,1531160576399,387786,0.00000060,1.00000000,0
1531160576557,1531160576554,387787,0.00000060,1.00000000,0
1531160577428,1531160577425,387788,0.00000060,11.00000000,0
1531160578313,1531160578309,387789,0.00000060,1.00000000,0
1531160579413,1531160579409,387790,0.00000060,1.00000000,0
1531160579596,1531160579592,387791,0.00000060,1.00000000,0
1531160580458,1531160580455,387792,0.00000060,1.00000000,0
1531160581294,1531160581290,387793,0.00000060,1.00000000,0
1531160582117,1531160582114,387794,0.00000060,1.00000000,0
1531160582301,1531160582298,387795,0.00000060,1.00000000,0
1531160583123,1531160583120,387796,0.00000060,1.00000000,0
1531160583290,1531160583286,387797,0.00000060,1.00000000,0
1531160584217,1531160584215,387798,0.00000060,1.00000000,0
1531160584373,1531160584371,387799,0.00000060,1.00000000,0
1531160585148,1531160585145,387800,0.00000060,1.00000000,0
1531160585336,1531160585333,387801,0.00000060,1.00000000,0
1531160586767,1531160586764,387802,0.00000060,1.00000000,0
1531160586950,1531160586947,387803,0.00000060,1.00000000,0
1531160587184,1531160587181,387804,0.00000060,1.00000000,0
1531160587437,1531160587433,387805,0.00000060,1.00000000,0
1531160587605,1531160587603,387806,0.00000060,1.00000000,0
1531160587661,1531160587659,387807,0.00000060,1.00000000,0
1531160588445,1531160588441,387808,0.00000060,11.00000000,0
1531160589280,1531160589275,387809,0.00000060,1.00000000,0
1531160589452,1531160589448,387810,0.00000060,1.00000000,0
1531160590308,1531160590306,387811,0.00000060,1.00000000,0
1531160591275,1531160591271,387812,0.00000060,1.00000000,0
1531160591444,1531160591440,387813,0.00000060,1.00000000,0
1531160591957,1531160591952,387814,0.00000060,1.00000000,0
1531160592714,1531160592710,387815,0.00000060,11.00000000,0
1531160593670,1531160593666,387816,0.00000060,1.00000000,0
1531160593888,1531160593884,387817,0.00000060,1.00000000,0
1531160594692,1531160594688,387818,0.00000060,11000.00000000,0
1531160594806,1531160594803,387819,0.00000060,1.00000000,0
1531160595415,1531160595413,387820,0.00000060,330992.00000000,0
1531160595569,1531160595566,387821,0.00000060,1.00000000,0
1531160595752,1531160595748,387822,0.00000060,1.00000000,0
1531160595947,1531160595943,387823,0.00000060,1.00000000,0
1531160596846,1531160596842,387824,0.00000060,11.00000000,0
1531160597089,1531160597085,387825,0.00000060,1.00000000,0
1531160597439,1531160597435,387826,0.00000060,1.00000000,0
1531160597554,1531160597551,387827,0.00000060,1.00000000,0
1531160598567,1531160598564,387828,0.00000060,1.00000000,0
1531160599129,1531160599125,387829,0.00000060,1.00000000,0
1531160599438,1531160599436,387830,0.00000060,1.00000000,0
1531160599461,1531160599458,387831,0.00000060,1.00000000,0
1531160600394,1531160600390,387832,0.00000060,1.00000000,0
1531160600552,1531160600548,387833,0.00000060,1.00000000,0
1531160600727,1531160600724,387834,0.00000060,1.00000000,0
1531160601959,1531160601956,387835,0.00000060,1.00000000,0
1531160602230,1531160602227,387836,0.00000060,1.00000000,0
1531160602384,1531160602380,387837,0.00000060,1.00000000,0
1531160602413,1531160602409,387838,0.00000060,1.00000000,0
1531160602727,1531160602724,387839,0.00000060,1.00000000,0
1531160603978,1531160603976,387840,0.00000060,1.00000000,0
1531160603985,1531160603982,387841,0.00000060,1.00000000,0
1531160604151,1531160604147,387842,0.00000060,1.00000000,0
1531160604422,1531160604419,387843,0.00000060,11.00000000,0
1531160605265,1531160605261,387844,0.00000060,1.00000000,0
1531160606138,1531160606135,387845,0.00000060,1.00000000,0
1531160606264,1531160606262,387846,0.00000060,1.00000000,0
1531160606480,1531160606477,387847,0.00000060,1.00000000,0
1531160606595,1531160606591,387848,0.00000060,1.00000000,0
1531160606951,1531160606948,387849,0.00000060,1.00000000,0
1531160607622,1531160607619,387850,0.00000060,1.00000000,0
1531160607779,1531160607775,387851,0.00000060,1.00000000,0
1531160608305,1531160608302,387852,0.00000060,1.00000000,0
1531160608679,1531160608676,387853,0.00000060,1.00000000,0
1531160608894,1531160608891,387854,0.00000060,1.00000000,0
1531160609405,1531160609402,387855,0.00000060,1.00000000,0
1531160610105,1531160610101,387856,0.00000060,1.00000000,0
1531160610211,1531160610208,387857,0.00000060,1.00000000,0
1531160611393,1531160611391,387858,0.00000060,1.00000000,0
1531160612991,1531160612988,387859,0.00000060,11.00000000,0
1531160613654,1531160613651,387860,0.00000060,1.00000000,0
1531160614616,1531160614613,387861,0.00000060,11.00000000,0
1531160615839,1531160615837,387862,0.00000060,1.00000000,0
1531160616974,1531160616971,387863,0.00000060,1.00000000,0
1531160617974,1531160617971,387864,0.00000059,8198.00000000,1
1531160619153,1531160619150,387865,0.00000060,1.00000000,0
1531160620328,1531160620325,387866,0.00000060,1.00000000,0
1531160625989,1531160625985,387867,0.00000060,1.00000000,0
1531160626557,1531160626552,387868,0.00000060,1.00000000,0
1531160627908,1531160627904,387869,0.00000060,11.00000000,0
1531160629262,1531160629259,387870,0.00000060,1.00000000,0
1531160630723,1531160630720,387871,0.00000060,1.00000000,0
1531160631313,1531160631309,387872,0.00000059,1961709.00000000,1
1531160631735,1531160631731,387873,0.00000060,1.00000000,0
1531160632174,1531160632171,387874,0.00000060,1.00000000,0
1531160633485,1531160633482,387875,0.00000060,1.00000000,0
1531160634669,1531160634665,387876,0.00000060,1.00000000,0
1531160636065,1531160636064,387877,0.00000060,1.00000000,0
1531160636508,1531160636504,387878,0.00000060,1.00000000,0
1531160637928,1531160637923,387879,0.00000060,1.00000000,0
1531160638927,1531160638924,387880,0.00000060,1.00000000,0
1531160640051,1531160640047,387881,0.00000060,1.00000000,0
1531160643610,1531160643606,387882,0.00000060,1.00000000,0
1531160644032,1531160644029,387883,0.00000060,1.00000000,0
1531160645259,1531160645256,387884,0.00000060,11.00000000,0
1531160645695,1531160645692,387885,0.00000060,1.00000000,0
1531160647524,1531160647521,387886,0.00000060,1.00000000,0
1531160647605,1531160647602,387887,0.00000060,11.00000000,0
1531160648261,1531160648257,387888,0.00000060,1.00000000,0
1531160651638,1531160651634,387889,0.00000060,1.00000000,0
1531160652335,1531160652333,387890,0.00000060,1.00000000,0
1531160653655,1531160653650,387891,0.00000059,783183.00000000,1
1531160661770,1531160661767,387892,0.00000059,12297.00000000,1
1531160666072,1531160666033,387893,0.00000060,2.00000000,0
1531160666236,1531160666233,387894,0.00000060,2.00000000,0
1531160666423,1531160666419,387895,0.00000060,2.00000000,0
1531160667234,1531160667231,387896,0.00000060,2.00000000,0
1531160667980,1531160667977,387897,0.00000060,2.00000000,0
1531160668615,1531160668612,387898,0.00000060,2.00000000,0
1531160668958,1531160668955,387899,0.00000060,2.00000000,0
1531160670018,1531160670015,387900,0.00000060,22.00000000,0
1531160670194,1531160670190,387901,0.00000060,2.00000000,0
1531160670865,1531160670862,387902,0.00000060,5000.00000000,0
1531160671066,1531160671063,387903,0.00000060,2.00000000,0
1531160671530,1531160671526,387904,0.00000060,2.00000000,0
1531160671896,1531160671894,387905,0.00000060,2.00000000,0
1531160672701,1531160672697,387906,0.00000060,2.00000000,0
1531160673431,1531160673428,387907,0.00000060,2.00000000,0
1531160673942,1531160673938,387908,0.00000060,2.00000000,0
1531160674323,1531160674318,387909,0.00000060,2.00000000,0
1531160675131,1531160675127,387910,0.00000060,2.00000000,0
1531160675925,1531160675922,387911,0.00000060,2.00000000,0
1531160676091,1531160676087,387912,0.00000060,2.00000000,0
1531160676878,1531160676875,387913,0.00000060,2.00000000,0
1531160677628,1531160677625,387914,0.00000060,2.00000000,0
1531160678267,1531160678263,387915,0.00000060,2.00000000,0
1531160678562,1531160678559,387916,0.00000060,1.00000000,0
1531160679421,1531160679419,387917,0.00000060,11.00000000,0
1531160679573,1531160679570,387918,0.00000060,1.00000000,0
1531160680432,1531160680428,387919,0.00000060,1.00000000,0
1531160681161,1531160681157,387920,0.00000060,1.00000000,0
1531160681293,1531160681289,387921,0.00000060,1.00000000,0
1531160682148,1531160682144,387922,0.00000060,1.00000000,0
1531160682572,1531160682568,387923,0.00000060,1.00000000,0
1531160682973,1531160682969,387924,0.00000060,1.00000000,0
1531160683965,1531160683963,387925,0.00000060,1.00000000,0
1531160683972,1531160683968,387926,0.00000060,1.00000000,0
1531160684969,1531160684965,387927,0.00000060,1.00000000,0
1531160685227,1531160685226,387928,0.00000060,1.00000000,0
1531160685565,1531160685563,387929,0.00000060,1.00000000,0
1531160686350,1531160686345,387930,0.00000060,2.00000000,0
1531160686487,1531160686484,387931,0.00000060,2.00000000,0
1531160687279,1531160687275,387932,0.00000060,2.00000000,0
1531160687718,1531160687714,387933,0.00000060,2.00000000,0
1531160688106,1531160688101,387934,0.00000060,2.00000000,0
1531160688982,1531160688977,387935,0.00000060,211.00000000,0
1531160689284,1531160689281,387936,0.00000060,1.00000000,0
1531160695408,1531160695403,387937,0.00000060,1.00000000,0
1531160695971,1531160695967,387938,0.00000060,1.00000000,0
1531160696681,1531160696678,387939,0.00000060,1.00000000,0
1531160696836,1531160696832,387940,0.00000060,1.00000000,0
1531160697693,1531160697689,387941,0.00000060,1.00000000,0
1531160698463,1531160698458,387942,0.00000060,1.00000000,0
1531160699084,1531160699080,387943,0.00000060,1.00000000,0
1531160699377,1531160699373,387944,0.00000060,1.00000000,0
1531160699817,1531160699814,387945,0.00000060,1.00000000,0
1531160703105,1531160703101,387946,0.00000060,166773.00000000,0
1531160712460,1531160712456,387947,0.00000060,1.00000000,0
1531160718030,1531160718028,387948,0.00000060,153291.00000000,0
1531160718470,1531160718466,387949,0.00000060,13125.00000000,0
1531160718828,1531160718822,387950,0.00000059,1376957.00000000,1
1531160719516,1531160719511,387951,0.00000060,1.00000000,0
1531160720074,1531160720071,387952,0.00000060,1.00000000,0
1531160749930,1531160749928,387953,0.00000060,25000.00000000,0
1531160750084,1531160750081,387954,0.00000059,500.00000000,1
1531160752804,1531160752799,387955,0.00000059,179976.00000000,1
1531160757578,1531160757574,387956,0.00000060,1.00000000,0
1531160757692,1531160757690,387957,0.00000060,1.00000000,0
1531160758254,1531160758250,387958,0.00000060,1.00000000,0
1531160758417,1531160758414,387959,0.00000060,1.00000000,0
1531160758675,1531160758672,387960,0.00000060,1.00000000,0
1531160759624,1531160759620,387961,0.00000060,1.00000000,0
1531160759935,1531160759933,387962,0.00000060,1.00000000,0
1531160760864,1531160760860,387963,0.00000060,111.00000000,0
1531160761166,1531160761163,387964,0.00000060,1.00000000,0
1531160762106,1531160762103,387965,0.00000060,111.00000000,0
1531160762402,1531160762399,387966,0.00000060,1.00000000,0
1531160763410,1531160763407,387967,0.00000060,1.00000000,0
1531160763717,1531160763713,387968,0.00000060,11.00000000,0
1531160764655,1531160764651,387969,0.00000060,111.00000000,0
1531160764955,1531160764952,387970,0.00000060,1.00000000,0
1531160767120,1531160767117,387971,0.00000060,11.00000000,0
1531160768465,1531160768462,387972,0.00000060,132539.00000000,0
1531160768699,1531160768696,387973,0.00000060,1.00000000,0
1531160768871,1531160768867,387974,0.00000060,1.00000000,0
1531160769893,1531160769890,387975,0.00000060,1.00000000,0
1531160770231,1531160770229,387976,0.00000060,1.00000000,0
1531160771462,1531160771458,387977,0.00000060,1.00000000,0
1531160773122,1531160773120,387978,0.00000060,1.00000000,0
1531160773471,1531160773467,387979,0.00000060,1.00000000,0
1531160774906,1531160774903,387980,0.00000060,1.00000000,0
1531160776565,1531160776561,387981,0.00000060,1.00000000,0
1531160777502,1531160777497,387982,0.00000060,1.00000000,0
1531160778766,1531160778763,387983,0.00000060,1.00000000,0
1531160779228,1531160779224,387984,0.00000060,1.00000000,0
1531160780344,1531160780341,387985,0.00000060,1.00000000,0
1531160781397,1531160781393,387986,0.00000060,1.00000000,0
1531160782816,1531160782813,387987,0.00000060,1.00000000,0
1531160783408,1531160783403,387988,0.00000060,1.00000000,0
1531160784442,1531160784439,387989,0.00000060,11.00000000,0
1531160785296,1531160785292,387990,0.00000060,1.00000000,0
1531160786519,1531160786515,387991,0.00000060,1.00000000,0
1531160787453,1531160787450,387992,0.00000060,1.00000000,0
1531160788168,1531160788165,387993,0.00000060,1.00000000,0
1531160789228,1531160789223,387994,0.00000060,11.00000000,0
1531160789619,1531160789615,387995,0.00000060,1.00000000,0
1531160790740,1531160790737,387996,0.00000060,1.00000000,0
1531160791601,1531160791597,387997,0.00000060,1.00000000,0
1531160791727,1531160791723,387998,0.00000059,1700.00000000,1
1531160793041,1531160793037,387999,0.00000060,1.00000000,0
1531160793357,1531160793354,388000,0.00000060,1.00000000,0
1531160793708,1531160793706,388001,0.00000060,1.00000000,0
1531160794785,1531160794782,388002,0.00000060,1.00000000,0
1531160795172,1531160795169,388003,0.00000060,1.00000000,0
1531160796286,1531160796283,388004,0.00000060,1.00000000,0
1531160796674,1531160796670,388005,0.00000060,1.00000000,0
1531160798008,1531160798005,388006,0.00000060,1.00000000,0
1531160798629,1531160798627,388007,0.00000060,1.00000000,0
1531160799942,1531160799939,388008,0.00000060,1.00000000,0
1531160800033,1531160800029,388009,0.00000060,11.00000000,0
1531160800319,1531160800316,388010,0.00000060,1.00000000,0
1531160801453,1531160801450,388011,0.00000060,1.00000000,0
1531160802728,1531160802724,388012,0.00000060,1.00000000,0
1531160803420,1531160803417,388013,0.00000060,1.00000000,0
1531160803821,1531160803818,388014,0.00000060,1.00000000,0
1531160804969,1531160804965,388015,0.00000060,1.00000000,0
1531160805330,1531160805327,388016,0.00000060,1.00000000,0
1531160845362,1531160845361,388017,0.00000060,1.00000000,0
1531160845519,1531160845515,388018,0.00000060,1.00000000,0
1531160845682,1531160845678,388019,0.00000060,1.00000000,0
1531160845969,1531160845966,388020,0.00000060,1.00000000,0
1531160846966,1531160846963,388021,0.00000060,1.00000000,0
1531160847271,1531160847268,388022,0.00000060,1.00000000,0
1531160850742,1531160850738,388023,0.00000060,1.00000000,0
1531160853038,1531160853034,388024,0.00000060,1.00000000,0
1531160853348,1531160853345,388025,0.00000060,1.00000000,0
1531160853489,1531160853485,388026,0.00000060,1.00000000,0
1531160853491,1531160853487,388027,0.00000060,1.00000000,0
1531160855375,1531160855372,388028,0.00000060,11.00000000,0
1531160857245,1531160857241,388029,0.00000060,1.00000000,0
1531160857685,1531160857682,388030,0.00000060,1.00000000,0
1531160859272,1531160859269,388031,0.00000060,1.00000000,0
1531160859991,1531160859988,388032,0.00000060,1.00000000,0
1531160862832,1531160862830,388033,0.00000060,11.00000000,0
1531160864237,1531160864233,388034,0.00000060,1.00000000,0
1531160864488,1531160864482,388035,0.00000059,226794.00000000,1
1531160868599,1531160868595,388036,0.00000060,1.00000000,0
1531160869771,1531160869769,388037,0.00000060,1.00000000,0
1531160871332,1531160871329,388038,0.00000060,1.00000000,0
1531160872010,1531160872005,388039,0.00000060,1.00000000,0
1531160882879,1531160882876,388040,0.00000059,1289.00000000,1
1531160884134,1531160884129,388041,0.00000059,5167203.00000000,1
1531160887030,1531160887027,388042,0.00000060,1.00000000,0
1531160887212,1531160887209,388043,0.00000060,1.00000000,0
1531160887513,1531160887508,388044,0.00000060,1.00000000,0
1531160887557,1531160887554,388045,0.00000060,1.00000000,0
1531160887873,1531160887870,388046,0.00000060,1.00000000,0
1531160887937,1531160887934,388047,0.00000060,1.00000000,0
1531160888493,1531160888490,388048,0.00000060,1.00000000,0
1531160888557,1531160888554,388049,0.00000060,1.00000000,0
1531160888717,1531160888714,388050,0.00000060,1.00000000,0
1531160888836,1531160888833,388051,0.00000060,1.00000000,0
1531160889443,1531160889440,388052,0.00000060,1.00000000,0
1531160889555,1531160889551,388053,0.00000060,1.00000000,0
1531160889593,1531160889589,388054,0.00000060,1.00000000,0
1531160889721,1531160889717,388055,0.00000060,1.00000000,0
1531160890244,1531160890240,388056,0.00000060,1.00000000,0
1531160890345,1531160890341,388057,0.00000060,1.00000000,0
1531160890501,1531160890498,388058,0.00000060,1.00000000,0
1531160890932,1531160890928,388059,0.00000060,1.00000000,0
1531160891017,1531160891013,388060,0.00000060,1.00000000,0
1531160891507,1531160891503,388061,0.00000060,11.00000000,0
1531160891944,1531160891941,388062,0.00000060,1.00000000,0
1531160892298,1531160892295,388063,0.00000060,1.00000000,0
1531160892854,1531160892849,388064,0.00000060,1.00000000,0
1531160893000,1531160892997,388065,0.00000059,1756.00000000,1
1531160893032,1531160893032,388066,0.00000060,1.00000000,0
1531160893171,1531160893169,388067,0.00000060,1.00000000,0
1531160894170,1531160894166,388068,0.00000060,11.00000000,0
1531160894973,1531160894970,388069,0.00000060,1.00000000,0
1531160894975,1531160894971,388070,0.00000060,1.00000000,0
1531160895567,1531160895562,388071,0.00000060,1.00000000,0
1531160895729,1531160895726,388072,0.00000060,1.00000000,0
1531160895999,1531160895995,388073,0.00000060,1.00000000,0
1531160896196,1531160896192,388074,0.00000060,1.00000000,0
1531160896473,1531160896470,388075,0.00000060,1.00000000,0
1531160897265,1531160897261,388076,0.00000060,1.00000000,0
1531160897402,1531160897399,388077,0.00000060,1.00000000,0
1531160898172,1531160898169,388078,0.00000060,1.00000000,0
1531160898591,1531160898588,388079,0.00000060,1.00000000,0
1531160898805,1531160898802,388080,0.00000059,19499.00000000,1
1531160898932,1531160898928,388081,0.00000060,1.00000000,0
1531160899597,1531160899595,388082,0.00000060,1.00000000,0
1531160899757,1531160899753,388083,0.00000060,1.00000000,0
1531160900513,1531160900508,388084,0.00000060,1.00000000,0
1531160901299,1531160901295,388085,0.00000060,1.00000000,0
1531160901556,1531160901552,388086,0.00000060,141957.00000000,0
1531160901726,1531160901723,388087,0.00000060,1.00000000,0
1531160902620,1531160902617,388088,0.00000060,1.00000000,0
1531160902812,1531160902808,388089,0.00000060,1.00000000,0
1531160903286,1531160903283,388090,0.00000060,1.00000000,0
1531160904776,1531160904772,388091,0.00000060,1.00000000,0
1531160904778,1531160904774,388092,0.00000060,1.00000000,0
1531160904779,1531160904776,388093,0.00000060,1.00000000,0
1531160905212,1531160905209,388094,0.00000060,1.00000000,0
1531160905333,1531160905330,388095,0.00000060,1.00000000,0
1531160906147,1531160906142,388096,0.00000060,1.00000000,0
1531160906862,1531160906859,388097,0.00000060,1.00000000,0
1531160906971,1531160906968,388098,0.00000060,1.00000000,0
1531160907744,1531160907741,388099,0.00000060,1.00000000,0
1531160908130,1531160908127,388100,0.00000060,1.00000000,0
1531160908505,1531160908501,388101,0.00000060,1.00000000,0
1531160909269,1531160909265,388102,0.00000060,1.00000000,0
1531160909634,1531160909630,388103,0.00000060,1.00000000,0
1531160910005,1531160910002,388104,0.00000060,1.00000000,0
1531160910030,1531160910027,388105,0.00000060,18706.00000000,0
1531160910711,1531160910708,388106,0.00000060,1.00000000,0
1531160911446,1531160911442,388107,0.00000060,1.00000000,0
1531160911910,1531160911906,388108,0.00000060,1.00000000,0
1531160912584,1531160912581,388109,0.00000060,1.00000000,0
1531160912904,1531160912901,388110,0.00000060,1.00000000,0
1531160913591,1531160913587,388111,0.00000060,1.00000000,0
1531160913723,1531160913720,388112,0.00000060,1.00000000,0
1531160914375,1531160914374,388113,0.00000060,11.00000000,0
1531160915023,1531160915019,388114,0.00000060,1.00000000,0
1531160915829,1531160915826,388115,0.00000060,1.00000000,0
1531160915995,1531160915991,388116,0.00000060,1.00000000,0
1531160917141,1531160917138,388117,0.00000060,1.00000000,0
1531160917292,1531160917290,388118,0.00000060,1.00000000,0
1531160918051,1531160918048,388119,0.00000060,11.00000000,0
1531160918428,1531160918424,388120,0.00000060,1.00000000,0
1531160918809,1531160918800,388121,0.00000060,1.00000000,0
1531160919649,1531160919645,388122,0.00000060,1.00000000,0
1531160920398,1531160920395,388123,0.00000060,1.00000000,0
1531160921135,1531160921132,388124,0.00000060,1.00000000,0
1531160921797,1531160921794,388125,0.00000060,1.00000000,0
1531160922529,1531160922526,388126,0.00000060,1.00000000,0
1531160922839,1531160922836,388127,0.00000060,1.00000000,0
1531160923167,1531160923163,388128,0.00000060,1.00000000,0
1531160924076,1531160924071,388129,0.00000060,11.00000000,0
1531160924276,1531160924272,388130,0.00000060,1.00000000,0
1531160925050,1531160925045,388131,0.00000060,1.00000000,0
1531160925415,1531160925412,388132,0.00000060,1.00000000,0
1531160925818,1531160925815,388133,0.00000060,1.00000000,0
1531160926433,1531160926429,388134,0.00000060,1.00000000,0
1531160926925,1531160926921,388135,0.00000060,1.00000000,0
1531160927134,1531160927130,388136,0.00000060,1.00000000,0
1531160927997,1531160927993,388137,0.00000060,1.00000000,0
1531160928305,1531160928302,388138,0.00000060,1.00000000,0
1531160928659,1531160928656,388139,0.00000060,1.00000000,0
1531160929438,1531160929434,388140,0.00000060,11.00000000,0
1531160929600,1531160929597,388141,0.00000060,1.00000000,0
1531160930277,1531160930273,388142,0.00000060,11.00000000,0
1531160930554,1531160930551,388143,0.00000060,1.00000000,0
1531160930952,1531160930948,388144,0.00000060,1.00000000,0
1531160931287,1531160931283,388145,0.00000060,1.00000000,0
1531160931624,1531160931620,388146,0.00000060,1.00000000,0
1531160931945,1531160931941,388147,0.00000060,1.00000000,0
1531160932290,1531160932286,388148,0.00000060,1.00000000,0
1531160932648,1531160932644,388149,0.00000060,1.00000000,0
1531160933238,1531160933234,388150,0.00000060,1.00000000,0
1531160933373,1531160933370,388151,0.00000060,1.00000000,0
1531160934195,1531160934191,388152,0.00000060,1.00000000,0
1531160934247,1531160934242,388153,0.00000060,11.00000000,0
1531160934375,1531160934371,388154,0.00000060,1.00000000,0
1531160934869,1531160934864,388155,0.00000060,1.00000000,0
1531160935177,1531160935173,388156,0.00000060,11.00000000,0
1531160935959,1531160935956,388157,0.00000060,11.00000000,0
1531160936115,1531160936111,388158,0.00000060,1.00000000,0
1531160936818,1531160936814,388159,0.00000060,11.00000000,0
1531160936988,1531160936984,388160,0.00000060,1.00000000,0
1531160937147,1531160937145,388161,0.00000060,1.00000000,0
1531160937517,1531160937514,388162,0.00000060,16666.00000000,0
1531160938075,1531160938071,388163,0.00000060,1.00000000,0
1531160938878,1531160938874,388164,0.00000060,1.00000000,0
1531160938982,1531160938979,388165,0.00000060,1.00000000,0
1531160939801,1531160939797,388166,0.00000060,1.00000000,0
1531160940062,1531160940059,388167,0.00000060,1.00000000,0
1531160940203,1531160940199,388168,0.00000060,1.00000000,0
1531160941016,1531160941013,388169,0.00000060,1.00000000,0
1531160941169,1531160941165,388170,0.00000060,1.00000000,0
1531160941707,1531160941703,388171,0.00000060,1.00000000,0
1531160941959,1531160941955,388172,0.00000060,1.00000000,0
1531160942100,1531160942096,388173,0.00000060,1.00000000,0
1531160942852,1531160942849,388174,0.00000060,1.00000000,0
1531160943017,1531160943013,388175,0.00000060,1.00000000,0
1531160943918,1531160943915,388176,0.00000060,1.00000000,0
1531160944062,1531160944059,388177,0.00000060,1.00000000,0
1531160944890,1531160944885,388178,0.00000060,1.00000000,0
1531160945046,1531160945043,388179,0.00000060,1.00000000,0
1531160945154,1531160945151,388180,0.00000059,500.00000000,1
1531160945559,1531160945555,388181,0.00000060,1.00000000,0
1531160946212,1531160946208,388182,0.00000060,11.00000000,0
1531160946373,1531160946368,388183,0.00000060,1.00000000,0
1531160946572,1531160946568,388184,0.00000060,1.00000000,0
1531160946728,1531160946725,388185,0.00000059,5000.00000000,1
1531160947325,1531160947321,388186,0.00000060,1.00000000,0
1531160947913,1531160947910,388187,0.00000060,1.00000000,0
1531160947960,1531160947956,388188,0.00000060,1.00000000,0
1531160948117,1531160948114,388189,0.00000060,1.00000000,0
1531160948317,1531160948312,388190,0.00000060,1.00000000,0
1531160949035,1531160949030,388191,0.00000060,1.00000000,0
1531160949179,1531160949176,388192,0.00000060,1.00000000,0
1531160949358,1531160949354,388193,0.00000060,1.00000000,0
1531160950144,1531160950140,388194,0.00000060,1.00000000,0
1531160950304,1531160950301,388195,0.00000060,1.00000000,0
1531160950510,1531160950507,388196,0.00000060,11.00000000,0
1531160951560,1531160951556,388197,0.00000060,111.00000000,0
1531160952597,1531160952593,388198,0.00000060,1.00000000,0
1531160953223,1531160953220,388199,0.00000060,1.00000000,0
1531160953323,1531160953319,388200,0.00000060,1.00000000,0
1531160953601,1531160953597,388201,0.00000060,1.00000000,0
1531160954030,1531160954026,388202,0.00000060,1.00000000,0
1531160954381,1531160954378,388203,0.00000060,1.00000000,0
1531160954466,1531160954463,388204,0.00000060,11.00000000,0
1531160954591,1531160954586,388205,0.00000060,1.00000000,0
1531160954700,1531160954697,388206,0.00000060,1.00000000,0
1531160955053,1531160955051,388207,0.00000060,1.00000000,0
1531160955373,1531160955370,388208,0.00000060,1.00000000,0
1531160955525,1531160955515,388209,0.00000060,1.00000000,0
1531160955795,1531160955792,388210,0.00000060,1.00000000,0
1531160956659,1531160956656,388211,0.00000060,1.00000000,0
1531160956812,1531160956808,388212,0.00000060,1.00000000,0
1531160957016,1531160957012,388213,0.00000060,1.00000000,0
1531160957713,1531160957710,388214,0.00000060,1.00000000,0
1531160957832,1531160957829,388215,0.00000060,1.00000000,0
1531160957889,1531160957886,388216,0.00000060,1.00000000,0
1531160958578,1531160958575,388217,0.00000060,1.00000000,0
1531160959370,1531160959366,388218,0.00000060,1.00000000,0
1531160960159,1531160960156,388219,0.00000060,1.00000000,0
1531160960657,1531160960652,388220,0.00000060,1.00000000,0
1531160961005,1531160961001,388221,0.00000060,1.00000000,0
1531160961916,1531160961911,388222,0.00000060,1.00000000,0
1531160962712,1531160962709,388223,0.00000060,11.00000000,0
1531160963102,1531160963099,388224,0.00000060,1.00000000,0
1531160963210,1531160963207,388225,0.00000060,1.00000000,0
1531160963363,1531160963360,388226,0.00000060,1.00000000,0
1531160964427,1531160964422,388227,0.00000060,1.00000000,0
1531160964579,1531160964576,388228,0.00000060,1.00000000,0
1531160964708,1531160964695,388229,0.00000060,1.00000000,0
1531160965351,1531160965348,388230,0.00000060,1.00000000,0
1531160965457,1531160965454,388231,0.00000060,1.00000000,0
1531160965848,1531160965844,388232,0.00000060,1.00000000,0
1531160966272,1531160966269,388233,0.00000060,1.00000000,0
1531160966447,1531160966446,388234,0.00000060,1.00000000,0
1531160966881,1531160966877,388235,0.00000060,1.00000000,0
1531160967277,1531160967276,388236,0.00000060,1.00000000,0
1531160967788,1531160967785,388237,0.00000060,1.00000000,0
1531160968097,1531160968092,388238,0.00000060,1.00000000,0
1531160968762,1531160968759,388239,0.00000060,1.00000000,0
1531160968920,1531160968916,388240,0.00000060,1.00000000,0
1531160969660,1531160969655,388241,0.00000060,1.00000000,0
1531160969867,1531160969864,388242,0.00000060,1.00000000,0
1531160970122,1531160970118,388243,0.00000060,1.00000000,0
1531160970457,1531160970454,388244,0.00000060,1.00000000,0
1531160970833,1531160970829,388245,0.00000060,1.00000000,0
1531160971189,1531160971186,388246,0.00000060,1.00000000,0
1531160971332,1531160971328,388247,0.00000060,1.00000000,0
1531160972101,1531160972098,388248,0.00000060,1.00000000,0
1531160972109,1531160972105,388249,0.00000060,1.00000000,0
1531160972836,1531160972832,388250,0.00000060,1.00000000,0
1531160972999,1531160972995,388251,0.00000060,1.00000000,0
1531160973085,1531160973081,388252,0.00000060,1.00000000,0
1531160973735,1531160973731,388253,0.00000060,1.00000000,0
1531160973813,1531160973808,388254,0.00000060,1.00000000,0
1531160974306,1531160974305,388255,0.00000060,1.00000000,0
1531160974489,1531160974487,388256,0.00000060,1.00000000,0
1531160975150,1531160975146,388257,0.00000060,1.00000000,0
1531160976085,1531160976081,388258,0.00000060,1.00000000,0
1531160976788,1531160976785,388259,0.00000060,2.00000000,0
1531160976840,1531160976836,388260,0.00000060,1.00000000,0
1531160977224,1531160977223,388261,0.00000060,1.00000000,0
1531160977240,1531160977236,388262,0.00000060,2.00000000,0
1531160977656,1531160977652,388263,0.00000060,2.00000000,0
1531160978315,1531160978311,388264,0.00000060,1.00000000,0
1531160979113,1531160979110,388265,0.00000060,2.00000000,0
1531160979246,1531160979243,388266,0.00000060,2.00000000,0
1531160979269,1531160979265,388267,0.00000060,1.00000000,0
1531160980185,1531160980182,388268,0.00000060,1.00000000,0
1531160980342,1531160980339,388269,0.00000060,1.00000000,0
1531160980487,1531160980483,388270,0.00000060,1.00000000,0
1531160981137,1531160981133,388271,0.00000060,1.00000000,0
1531160981723,1531160981719,388272,0.00000060,1.00000000,0
1531160982155,1531160982151,388273,0.00000060,1.00000000,0
1531160982165,1531160982162,388274,0.00000060,1.00000000,0
1531160982552,1531160982549,388275,0.00000060,1.00000000,0
1531160982617,1531160982613,388276,0.00000060,1.00000000,0
1531160983853,1531160983850,388277,0.00000060,1.00000000,0
1531160983960,1531160983956,388278,0.00000060,1.00000000,0
1531160984032,1531160984032,388279,0.00000060,1.00000000,0
1531160984787,1531160984784,388280,0.00000060,1.00000000,0
1531160985040,1531160985037,388281,0.00000060,11.00000000,0
1531160985459,1531160985456,388282,0.00000060,1.00000000,0
1531160985954,1531160985951,388283,0.00000060,1.00000000,0
1531160986504,1531160986500,388284,0.00000060,1.00000000,0
1531160986790,1531160986786,388285,0.00000060,1.00000000,0
1531160987620,1531160987607,388286,0.00000060,1.00000000,0
1531160987757,1531160987753,388287,0.00000060,1.00000000,0
1531160988419,1531160988415,388288,0.00000060,1.00000000,0
1531160988446,1531160988442,388289,0.00000060,1.00000000,0
1531160989100,1531160989097,388290,0.00000060,1.00000000,0
1531160989854,1531160989850,388291,0.00000060,1.00000000,0
1531160990400,1531160990395,388292,0.00000060,1.00000000,0
1531160990921,1531160990919,388293,0.00000060,11.00000000,0
1531160991150,1531160991148,388294,0.00000060,2191.00000000,0
1531160991184,1531160991181,388295,0.00000060,11.00000000,0
1531160991212,1531160991208,388296,0.00000060,1.00000000,0
1531160992028,1531160992025,388297,0.00000060,1.00000000,0
1531160992140,1531160992136,388298,0.00000060,1.00000000,0
1531160992740,1531160992735,388299,0.00000060,1.00000000,0
1531160993250,1531160993246,388300,0.00000060,1.00000000,0
1531160993600,1531160993597,388301,0.00000060,1.00000000,0
1531160994391,1531160994387,388302,0.00000060,1.00000000,0
1531160994529,1531160994525,388303,0.00000060,1.00000000,0
1531160995333,1531160995330,388304,0.00000060,1.00000000,0
1531160995498,1531160995495,388305,0.00000060,1.00000000,0
1531160995948,1531160995945,388306,0.00000060,1.00000000,0
1531160996922,1531160996918,388307,0.00000060,1.00000000,0
1531160997137,1531160997133,388308,0.00000060,1.00000000,0
1531160997272,1531160997268,388309,0.00000060,1.00000000,0
1531160998182,1531160998178,388310,0.00000060,1.00000000,0
1531160998394,1531160998389,388311,0.00000060,1.00000000,0
1531160999191,1531160999188,388312,0.00000060,1.00000000,0
1531160999362,1531160999357,388313,0.00000060,1.00000000,0
1531160999367,1531160999365,388314,0.00000060,1.00000000,0
1531160999448,1531160999444,388315,0.00000060,83334.00000000,0
1531160999902,1531160999898,388316,0.00000060,1.00000000,0
1531161000031,1531161000027,388317,0.00000060,1.00000000,0
1531161000131,1531161000128,388318,0.00000060,11.00000000,0
1531161000357,1531161000353,388319,0.00000060,1.00000000,0
1531161001019,1531161001016,388320,0.00000060,11.00000000,0
1531161001117,1531161001113,388321,0.00000060,1.00000000,0
1531161001186,1531161001182,388322,0.00000060,1.00000000,0
1531161001655,1531161001651,388323,0.00000060,1.00000000,0
1531161002033,1531161002032,388324,0.00000060,1.00000000,0
1531161002378,1531161002376,388325,0.00000060,1.00000000,0
1531161002486,1531161002483,388326,0.00000060,1.00000000,0
1531161002811,1531161002807,388327,0.00000060,1.00000000,0
1531161003172,1531161003168,388328,0.00000060,1.00000000,0
1531161003946,1531161003943,388329,0.00000060,1.00000000,0
1531161003967,1531161003967,388330,0.00000060,11.00000000,0
1531161004358,1531161004358,388331,0.00000060,1.00000000,0
1531161004982,1531161004979,388332,0.00000060,1.00000000,0
1531161005049,1531161005045,388333,0.00000060,1.00000000,0
1531161005066,1531161005063,388334,0.00000060,1.00000000,0
1531161005550,1531161005546,388335,0.00000060,1.00000000,0
1531161005733,1531161005728,388336,0.00000060,1.00000000,0
1531161006299,1531161006296,388337,0.00000060,1.00000000,0
1531161006498,1531161006495,388338,0.00000060,1.00000000,0
1531161006654,1531161006650,388339,0.00000060,1.00000000,0
1531161006850,1531161006847,388340,0.00000060,1.00000000,0
1531161007545,1531161007540,388341,0.00000060,1.00000000,0
1531161008241,1531161008237,388342,0.00000060,1.00000000,0
1531161008550,1531161008547,388343,0.00000060,253914.00000000,0
1531161008764,1531161008760,388344,0.00000060,1.00000000,0
1531161009498,1531161009494,388345,0.00000060,1.00000000,0
1531161009599,1531161009595,388346,0.00000060,1.00000000,0
1531161010079,1531161010076,388347,0.00000060,1.00000000,0
1531161010327,1531161010324,388348,0.00000060,1.00000000,0
1531161010446,1531161010443,388349,0.00000060,1.00000000,0
1531161011022,1531161011017,388350,0.00000060,1.00000000,0
1531161011162,1531161011158,388351,0.00000060,11.00000000,0
1531161011324,1531161011321,388352,0.00000060,1.00000000,0
1531161011880,1531161011877,388353,0.00000060,1.00000000,0
1531161012168,1531161012164,388354,0.00000060,1.00000000,0
1531161012360,1531161012356,388355,0.00000060,1.00000000,0
1531161012496,1531161012493,388356,0.00000060,1.00000000,0
1531161013064,1531161013061,388357,0.00000060,1.00000000,0
1531161013492,1531161013488,388358,0.00000060,1.00000000,0
1531161013653,1531161013649,388359,0.00000060,1.00000000,0
1531161013766,1531161013763,388360,0.00000060,1.00000000,0
1531161014338,1531161014337,388361,0.00000060,1.00000000,0
1531161014581,1531161014577,388362,0.00000060,1.00000000,0
1531161014740,1531161014736,388363,0.00000060,1.00000000,0
1531161015531,1531161015527,388364,0.00000060,1.00000000,0
1531161015558,1531161015554,388365,0.00000060,1.00000000,0
1531161015727,1531161015723,388366,0.00000060,1.00000000,0
1531161016429,1531161016426,388367,0.00000060,1.00000000,0
1531161016602,1531161016599,388368,0.00000060,1.00000000,0
1531161017097,1531161017092,388369,0.00000060,500.00000000,0
1531161017354,1531161017350,388370,0.00000060,1.00000000,0
1531161017529,1531161017524,388371,0.00000060,1.00000000,0
1531161018049,1531161018044,388372,0.00000060,1.00000000,0
1531161018306,1531161018302,388373,0.00000060,1.00000000,0
1531161018669,1531161018665,388374,0.00000060,1.00000000,0
1531161019181,1531161019177,388375,0.00000060,1.00000000,0
1531161019265,1531161019261,388376,0.00000060,1.00000000,0
1531161019433,1531161019428,388377,0.00000060,1.00000000,0
1531161019621,1531161019618,388378,0.00000060,1.00000000,0
1531161020553,1531161020549,388379,0.00000060,1.00000000,0
1531161020716,1531161020713,388380,0.00000060,1.00000000,0
1531161020780,1531161020777,388381,0.00000060,1.00000000,0
1531161021641,1531161021637,388382,0.00000060,1.00000000,0
1531161021909,1531161021906,388383,0.00000060,11.00000000,0
1531161022320,1531161022316,388384,0.00000060,1.00000000,0
1531161023054,1531161023050,388385,0.00000060,1.00000000,0
1531161023239,1531161023236,388386,0.00000060,1.00000000,0
1531161024013,1531161024010,388387,0.00000060,1.00000000,0
1531161024340,1531161024337,388388,0.00000060,1.00000000,0
1531161024520,1531161024517,388389,0.00000060,1.00000000,0
1531161024628,1531161024625,388390,0.00000060,1.00000000,0
1531161025064,1531161025060,388391,0.00000060,1.00000000,0
1531161025296,1531161025293,388392,0.00000060,1.00000000,0
1531161025776,1531161025773,388393,0.00000060,1.00000000,0
1531161026113,1531161026109,388394,0.00000060,1.00000000,0
1531161026721,1531161026717,388395,0.00000060,11.00000000,0
1531161026758,1531161026753,388396,0.00000060,1.00000000,0
1531161026848,1531161026846,388397,0.00000060,1.00000000,0
1531161027096,1531161027092,388398,0.00000060,1.00000000,0
1531161027608,1531161027606,388399,0.00000060,11.00000000,0
1531161027921,1531161027917,388400,0.00000060,1.00000000,0
1531161027961,1531161027957,388401,0.00000060,1.00000000,0
1531161028068,1531161028065,388402,0.00000060,1.00000000,0
1531161028856,1531161028852,388403,0.00000060,1.00000000,0
1531161029194,1531161029189,388404,0.00000060,1.00000000,0
1531161029968,1531161029965,388405,0.00000060,1.00000000,0
1531161030215,1531161030211,388406,0.00000060,1.00000000,0
1531161030389,1531161030386,388407,0.00000060,1.00000000,0
1531161031163,1531161031161,388408,0.00000060,11.00000000,0
1531161031385,1531161031380,388409,0.00000060,1.00000000,0
1531161031601,1531161031597,388410,0.00000060,1.00000000,0
1531161032695,1531161032692,388411,0.00000060,111.00000000,0
1531161033543,1531161033538,388412,0.00000060,1.00000000,0
1531161033712,1531161033709,388413,0.00000060,1.00000000,0
1531161034287,1531161034282,388414,0.00000060,1.00000000,0
1531161034613,1531161034610,388415,0.00000060,1.00000000,0
1531161034938,1531161034934,388416,0.00000060,1.00000000,0
1531161035616,1531161035612,388417,0.00000060,1.00000000,0
1531161035777,1531161035774,388418,0.00000060,1.00000000,0
1531161036470,1531161036465,388419,0.00000060,1.00000000,0
1531161037288,1531161037284,388420,0.00000060,1.00000000,0
1531161037428,1531161037424,388421,0.00000060,1.00000000,0
1531161037949,1531161037946,388422,0.00000060,1.00000000,0
1531161038463,1531161038459,388423,0.00000060,1.00000000,0
1531161038776,1531161038771,388424,0.00000060,1.00000000,0
1531161039658,1531161039654,388425,0.00000060,11.00000000,0
1531161039851,1531161039847,388426,0.00000060,1.00000000,0
1531161040619,1531161040616,388427,0.00000060,1.00000000,0
1531161040775,1531161040772,388428,0.00000060,1.00000000,0
1531161041511,1531161041508,388429,0.00000060,1.00000000,0
1531161041674,1531161041670,388430,0.00000060,1.00000000,0
1531161042481,1531161042478,388431,0.00000060,1.00000000,0
1531161042742,1531161042737,388432,0.00000060,1.00000000,0
1531161043490,1531161043487,388433,0.00000060,5000.00000000,0
1531161043878,1531161043873,388434,0.00000060,1.00000000,0
1531161044213,1531161044209,388435,0.00000060,1.00000000,0
1531161044552,1531161044548,388436,0.00000060,1.00000000,0
1531161045363,1531161045360,388437,0.00000060,1.00000000,0
1531161045515,1531161045512,388438,0.00000060,1.00000000,0
1531161046302,1531161046299,388439,0.00000060,1.00000000,0
1531161046474,1531161046470,388440,0.00000060,1.00000000,0
1531161047260,1531161047242,388441,0.00000060,11.00000000,0
1531161047453,1531161047450,388442,0.00000060,1.00000000,0
1531161048147,1531161048143,388443,0.00000060,1.00000000,0
1531161048380,1531161048375,388444,0.00000060,12.00000000,0
1531161048741,1531161048736,388445,0.00000060,1.00000000,0
1531161048756,1531161048753,388446,0.00000060,1.00000000,0
1531161049037,1531161049032,388447,0.00000060,1.00000000,0
1531161049926,1531161049921,388448,0.00000060,1.00000000,0
1531161050108,1531161050105,388449,0.00000060,1.00000000,0
1531161050596,1531161050592,388450,0.00000060,1.00000000,0
1531161051004,1531161051001,388451,0.00000060,1.00000000,0
1531161051841,1531161051829,388452,0.00000060,1.00000000,0
1531161051990,1531161051985,388453,0.00000060,1.00000000,0
1531161052180,1531161052175,388454,0.00000060,1.00000000,0
1531161052770,1531161052767,388455,0.00000060,1.00000000,0
1531161052989,1531161052985,388456,0.00000060,1.00000000,0
1531161053755,1531161053750,388457,0.00000060,1.00000000,0
1531161053900,1531161053897,388458,0.00000060,1.00000000,0
1531161054729,1531161054725,388459,0.00000060,1.00000000,0
1531161054871,1531161054867,388460,0.00000060,1.00000000,0
1531161055747,1531161055744,388461,0.00000060,1.00000000,0
1531161060247,1531161060242,388462,0.00000060,1.00000000,0
1531161060368,1531161060365,388463,0.00000060,11.00000000,0
1531161060736,1531161060732,388464,0.00000060,1.00000000,0
1531161061724,1531161061721,388465,0.00000060,11.00000000,0
1531161062076,1531161062072,388466,0.00000060,1.00000000,0
1531161063529,1531161063526,388467,0.00000060,1.00000000,0
1531161063566,1531161063565,388468,0.00000060,1.00000000,0
1531161064176,1531161064172,388469,0.00000060,1.00000000,0
1531161064999,1531161064996,388470,0.00000060,11.00000000,0
1531161065373,1531161065369,388471,0.00000060,1.00000000,0
1531161066576,1531161066571,388472,0.00000060,1.00000000,0
1531161066971,1531161066967,388473,0.00000060,1.00000000,0
1531161068007,1531161068003,388474,0.00000060,1.00000000,0
1531161068349,1531161068346,388475,0.00000060,1.00000000,0
1531161069507,1531161069503,388476,0.00000060,11.00000000,0
1531161070536,1531161070533,388477,0.00000060,1.00000000,0
1531161071765,1531161071761,388478,0.00000060,1.00000000,0
1531161072097,1531161072094,388479,0.00000060,1.00000000,0
1531161072193,1531161072190,388480,0.00000060,1.00000000,0
1531161073320,1531161073317,388481,0.00000060,1.00000000,0
1531161073610,1531161073606,388482,0.00000060,1.00000000,0
1531161074495,1531161074490,388483,0.00000060,111.00000000,0
1531161074894,1531161074891,388484,0.00000060,1.00000000,0
1531161075476,1531161075472,388485,0.00000060,1.00000000,0
1531161076933,1531161076929,388486,0.00000060,1.00000000,0
1531161077316,1531161077312,388487,0.00000060,1.00000000,0
1531161079044,1531161079040,388488,0.00000060,1.00000000,0
1531161080414,1531161080410,388489,0.00000060,1.00000000,0
1531161081125,1531161081121,388490,0.00000060,1.00000000,0
1531161082097,1531161082092,388491,0.00000060,1.00000000,0
1531161083081,1531161083078,388492,0.00000060,1.00000000,0
1531161083911,1531161083908,388493,0.00000060,1.00000000,0
1531161084759,1531161084756,388494,0.00000060,1.00000000,0
1531161085595,1531161085591,388495,0.00000060,1.00000000,0
1531161086893,1531161086890,388496,0.00000060,1.00000000,0
1531161087556,1531161087553,388497,0.00000060,1.00000000,0
1531161087890,1531161087885,388498,0.00000060,1.00000000,0
1531161089014,1531161089010,388499,0.00000060,1.00000000,0
1531161089349,1531161089346,388500,0.00000060,1.00000000,0
1531161089692,1531161089687,388501,0.00000059,17295.00000000,1
1531161090406,1531161090403,388502,0.00000060,1.00000000,0
1531161091464,1531161091460,388503,0.00000060,1.00000000,0
1531161091764,1531161091759,388504,0.00000060,11.00000000,0
1531161093534,1531161093530,388505,0.00000060,11.00000000,0
1531161095100,1531161095096,388506,0.00000060,1.00000000,0
1531161096087,1531161096084,388507,0.00000060,1.00000000,0
1531161097241,1531161097237,388508,0.00000060,1.00000000,0
1531161098186,1531161098182,388509,0.00000060,1.00000000,0
1531161099143,1531161099141,388510,0.00000060,1.00000000,0
1531161099980,1531161099976,388511,0.00000060,1.00000000,0
1531161100630,1531161100626,388512,0.00000060,1.00000000,0
1531161101020,1531161101016,388513,0.00000060,1.00000000,0
1531161102286,1531161102283,388514,0.00000060,1.00000000,0
1531161102910,1531161102907,388515,0.00000060,1.00000000,0
1531161104684,1531161104681,388516,0.00000060,11.00000000,0
1531161105022,1531161105017,388517,0.00000060,1.00000000,0
1531161106289,1531161106286,388518,0.00000060,1.00000000,0
1531161106699,1531161106695,388519,0.00000060,1.00000000,0
1531161108132,1531161108129,388520,0.00000060,1.00000000,0
1531161108533,1531161108530,388521,0.00000060,1.00000000,0
1531161109487,1531161109484,388522,0.00000060,11.00000000,0
1531161110103,1531161110099,388523,0.00000060,1.00000000,0
1531161111015,1531161111010,388524,0.00000060,11.00000000,0
1531161112243,1531161112239,388525,0.00000060,11.00000000,0
1531161113216,1531161113213,388526,0.00000060,1.00000000,0
1531161113563,1531161113559,388527,0.00000060,3039511.00000000,0
1531161113622,1531161113620,388528,0.00000060,1.00000000,0
1531161114904,1531161114900,388529,0.00000060,1.00000000,0
1531161115576,1531161115571,388530,0.00000060,1.00000000,0
1531161116631,1531161116627,388531,0.00000060,1.00000000,0
1531161117002,1531161117000,388532,0.00000060,1.00000000,0
1531161118529,1531161118526,388533,0.00000060,3286.00000000,0
1531161119241,1531161119238,388534,0.00000060,1.00000000,0
1531161119909,1531161119904,388535,0.00000060,1.00000000,0
1531161120239,1531161120237,388536,0.00000060,1.00000000,0
1531161137777,1531161137773,388537,0.00000060,1.00000000,0
1531161138109,1531161138106,388538,0.00000060,1.00000000,0
1531161139013,1531161139010,388539,0.00000060,1.00000000,0
1531161139220,1531161139216,388540,0.00000060,1.00000000,0
1531161139366,1531161139362,388541,0.00000060,1.00000000,0
1531161139691,1531161139687,388542,0.00000060,1.00000000,0
1531161141135,1531161141132,388543,0.00000060,11.00000000,0
1531161141471,1531161141468,388544,0.00000060,11.00000000,0
1531161142788,1531161142785,388545,0.00000060,22.00000000,0
1531161143503,1531161143499,388546,0.00000060,2.00000000,0
1531161143773,1531161143770,388547,0.00000060,2.00000000,0
1531161145474,1531161145471,388548,0.00000060,2.00000000,0
1531161145843,1531161145841,388549,0.00000060,2.00000000,0
1531161146944,1531161146941,388550,0.00000060,2.00000000,0
1531161147279,1531161147274,388551,0.00000060,2.00000000,0
1531161148349,1531161148346,388552,0.00000060,22.00000000,0
1531161149392,1531161149387,388553,0.00000060,1.00000000,0
1531161150256,1531161150252,388554,0.00000060,1.00000000,0
1531161150451,1531161150448,388555,0.00000060,1.00000000,0
1531161157525,1531161157521,388556,0.00000060,2.00000000,0
1531161157938,1531161157934,388557,0.00000060,2.00000000,0
1531161157994,1531161157990,388558,0.00000060,2.00000000,0
1531161159085,1531161159080,388559,0.00000060,2.00000000,0
1531161159452,1531161159448,388560,0.00000060,2.00000000,0
1531161160672,1531161160667,388561,0.00000060,2.00000000,0
1531161179671,1531161179668,388562,0.00000060,1682.00000000,0
1531161181787,1531161181782,388563,0.00000060,1.00000000,0
1531161181988,1531161181983,388564,0.00000060,1.00000000,0
1531161182208,1531161182204,388565,0.00000060,1.00000000,0
1531161182604,1531161182600,388566,0.00000059,500.00000000,1
1531161183254,1531161183251,388567,0.00000060,1.00000000,0
1531161183496,1531161183492,388568,0.00000060,177025.00000000,0
1531161184130,1531161184126,388569,0.00000060,1.00000000,0
1531161184263,1531161184260,388570,0.00000060,1.00000000,0
1531161185127,1531161185123,388571,0.00000060,1.00000000,0
1531161185278,1531161185275,388572,0.00000060,1.00000000,0
1531161186087,1531161186084,388573,0.00000060,1.00000000,0
1531161186483,1531161186480,388574,0.00000060,1.00000000,0
1531161186865,1531161186862,388575,0.00000060,1.00000000,0
1531161187620,1531161187617,388576,0.00000060,11.00000000,0
1531161188326,1531161188322,388577,0.00000060,1.00000000,0
1531161188481,1531161188478,388578,0.00000060,1.00000000,0
1531161189316,1531161189313,388579,0.00000060,1.00000000,0
1531161190058,1531161190055,388580,0.00000060,1.00000000,0
1531161190163,1531161190158,388581,0.00000060,1.00000000,0
1531161190258,1531161190254,388582,0.00000060,1.00000000,0
1531161190582,1531161190579,388583,0.00000060,1.00000000,0
1531161190892,1531161190889,388584,0.00000060,1.00000000,0
1531161190931,1531161190927,388585,0.00000060,1.00000000,0
1531161191657,1531161191654,388586,0.00000060,1.00000000,0
1531161191812,1531161191812,388587,0.00000060,11.00000000,0
1531161192330,1531161192326,388588,0.00000060,1.00000000,0
1531161192495,1531161192492,388589,0.00000060,1.00000000,0
1531161193153,1531161193148,388590,0.00000060,1.00000000,0
1531161193168,1531161193164,388591,0.00000060,1.00000000,0
1531161193300,1531161193298,388592,0.00000060,1.00000000,0
1531161193301,1531161193298,388593,0.00000060,1.00000000,0
1531161194002,1531161193998,388594,0.00000060,1.00000000,0
1531161194164,1531161194159,388595,0.00000060,1.00000000,0
1531161194540,1531161194536,388596,0.00000060,1.00000000,0
1531161194829,1531161194827,388597,0.00000060,1.00000000,0
1531161194994,1531161194991,388598,0.00000060,1.00000000,0
1531161195148,1531161195143,388599,0.00000060,1.00000000,0
1531161195987,1531161195982,388600,0.00000060,1.00000000,0
1531161196082,1531161196078,388601,0.00000060,1.00000000,0
1531161196383,1531161196378,388602,0.00000060,1.00000000,0
1531161196763,1531161196759,388603,0.00000060,1.00000000,0
1531161196801,1531161196796,388604,0.00000060,1.00000000,0
1531161197150,1531161197148,388605,0.00000060,1.00000000,0
1531161197591,1531161197587,388606,0.00000060,1.00000000,0
1531161198008,1531161198004,388607,0.00000060,1.00000000,0
1531161198298,1531161198295,388608,0.00000060,1.00000000,0
1531161198428,1531161198424,388609,0.00000060,1.00000000,0
1531161199122,1531161199118,388610,0.00000060,1.00000000,0
1531161199268,1531161199264,388611,0.00000060,1.00000000,0
1531161199666,1531161199662,388612,0.00000060,1.00000000,0
1531161199938,1531161199935,388613,0.00000060,1.00000000,0
1531161200122,1531161200120,388614,0.00000060,1.00000000,0
1531161200502,1531161200499,388615,0.00000060,1.00000000,0
1531161200836,1531161200832,388616,0.00000060,1.00000000,0
1531161200985,1531161200982,388617,0.00000060,1.00000000,0
1531161201616,1531161201612,388618,0.00000060,1.00000000,0
1531161201823,1531161201818,388619,0.00000060,1.00000000,0
1531161202585,1531161202582,388620,0.00000060,1.00000000,0
1531161202695,1531161202691,388621,0.00000060,1.00000000,0
1531161203832,1531161203829,388622,0.00000060,1.00000000,0
1531161203918,1531161203915,388623,0.00000060,1.00000000,0
1531161203930,1531161203926,388624,0.00000060,1.00000000,0
1531161204493,1531161204490,388625,0.00000060,1.00000000,0
1531161205226,1531161205221,388626,0.00000060,1.00000000,0
1531161206009,1531161206007,388627,0.00000060,1.00000000,0
1531161206345,1531161206342,388628,0.00000060,1.00000000,0
1531161206706,1531161206701,388629,0.00000060,1.00000000,0
1531161207006,1531161207002,388630,0.00000060,1.00000000,0
1531161207306,1531161207302,388631,0.00000060,1.00000000,0
1531161207507,1531161207503,388632,0.00000060,1.00000000,0
1531161208123,1531161208119,388633,0.00000060,1.00000000,0
1531161208274,1531161208269,388634,0.00000060,1.00000000,0
1531161208411,1531161208407,388635,0.00000060,1.00000000,0
1531161208497,1531161208493,388636,0.00000060,1.00000000,0
1531161208519,1531161208516,388637,0.00000060,1.00000000,0
1531161209580,1531161209575,388638,0.00000060,1.00000000,0
1531161209723,1531161209719,388639,0.00000060,11.00000000,0
1531161209834,1531161209831,388640,0.00000060,1.00000000,0
1531161209986,1531161209983,388641,0.00000060,1.00000000,0
1531161210632,1531161210629,388642,0.00000060,1.00000000,0
1531161210764,1531161210760,388643,0.00000060,11.00000000,0
1531161211222,1531161211219,388644,0.00000060,1.00000000,0
1531161211640,1531161211635,388645,0.00000060,1.00000000,0
1531161211832,1531161211829,388646,0.00000060,1.00000000,0
1531161212397,1531161212396,388647,0.00000060,1.00000000,0
1531161212462,1531161212458,388648,0.00000060,1.00000000,0
1531161213279,1531161213275,388649,0.00000060,1.00000000,0
1531161213290,1531161213286,388650,0.00000060,1.00000000,0
1531161213406,1531161213401,388651,0.00000060,1.00000000,0
1531161213684,1531161213680,388652,0.00000060,1.00000000,0
1531161214212,1531161214208,388653,0.00000060,1.00000000,0
1531161214547,1531161214542,388654,0.00000060,1.00000000,0
1531161214791,1531161214787,388655,0.00000060,1.00000000,0
1531161214904,1531161214903,388656,0.00000060,1.00000000,0
1531161215160,1531161215156,388657,0.00000060,1.00000000,0
1531161215581,1531161215577,388658,0.00000060,1.00000000,0
1531161215745,1531161215741,388659,0.00000060,1.00000000,0
1531161216205,1531161216200,388660,0.00000060,1.00000000,0
1531161216525,1531161216520,388661,0.00000060,1.00000000,0
1531161216534,1531161216531,388662,0.00000060,1.00000000,0
1531161217169,1531161217164,388663,0.00000060,1.00000000,0
1531161217310,1531161217306,388664,0.00000060,1.00000000,0
1531161217695,1531161217691,388665,0.00000060,1.00000000,0
1531161218073,1531161218070,388666,0.00000060,1.00000000,0
1531161218115,1531161218110,388667,0.00000060,1.00000000,0
1531161218887,1531161218884,388668,0.00000060,1.00000000,0
1531161219572,1531161219568,388669,0.00000060,1.00000000,0
1531161219612,1531161219609,388670,0.00000060,1.00000000,0
1531161219706,1531161219702,388671,0.00000060,1.00000000,0
1531161220008,1531161220004,388672,0.00000060,1.00000000,0
1531161220471,1531161220467,388673,0.00000060,1.00000000,0
1531161221143,1531161221139,388674,0.00000060,1.00000000,0
1531161221150,1531161221146,388675,0.00000060,1.00000000,0
1531161221277,1531161221274,388676,0.00000060,1.00000000,0
1531161222021,1531161222018,388677,0.00000060,1.00000000,0
1531161222031,1531161222026,388678,0.00000060,1.00000000,0
1531161222378,1531161222373,388679,0.00000060,1.00000000,0
1531161222426,1531161222422,388680,0.00000060,1.00000000,0
1531161222807,1531161222803,388681,0.00000060,1.00000000,0
1531161223469,1531161223466,388682,0.00000060,1.00000000,0
1531161223828,1531161223825,388683,0.00000060,1.00000000,0
1531161223897,1531161223894,388684,0.00000060,1.00000000,0
1531161223900,1531161223897,388685,0.00000060,1.00000000,0
1531161224824,1531161224819,388686,0.00000060,1.00000000,0
1531161225022,1531161225017,388687,0.00000060,1.00000000,0
1531161225087,1531161225084,388688,0.00000060,1.00000000,0
1531161225189,1531161225185,388689,0.00000060,1.00000000,0
1531161225330,1531161225326,388690,0.00000060,1.00000000,0
1531161225478,1531161225474,388691,0.00000060,1.00000000,0
1531161226166,1531161226162,388692,0.00000060,1.00000000,0
1531161226267,1531161226264,388693,0.00000060,1.00000000,0
1531161226594,1531161226589,388694,0.00000060,1.00000000,0
1531161227147,1531161227144,388695,0.00000060,1.00000000,0
1531161227420,1531161227416,388696,0.00000060,1.00000000,0
1531161227569,1531161227565,388697,0.00000060,1.00000000,0
1531161227808,1531161227805,388698,0.00000060,1.00000000,0
1531161228786,1531161228783,388699,0.00000060,1.00000000,0
1531161229007,1531161229003,388700,0.00000060,1.00000000,0
1531161229859,1531161229855,388701,0.00000060,1.00000000,0
1531161230117,1531161230113,388702,0.00000060,1.00000000,0
1531161230805,1531161230801,388703,0.00000060,11.00000000,0
1531161231171,1531161231167,388704,0.00000060,1.00000000,0
1531161232022,1531161232018,388705,0.00000060,1.00000000,0
1531161232315,1531161232312,388706,0.00000060,1.00000000,0
1531161232807,1531161232803,388707,0.00000060,1.00000000,0
1531161233143,1531161233140,388708,0.00000060,1.00000000,0
1531161233606,1531161233601,388709,0.00000060,1.00000000,0
1531161234423,1531161234420,388710,0.00000060,1.00000000,0
1531161234743,1531161234739,388711,0.00000060,1.00000000,0
1531161234991,1531161234987,388712,0.00000060,1.00000000,0
1531161235108,1531161235104,388713,0.00000060,1.00000000,0
1531161235951,1531161235946,388714,0.00000060,1.00000000,0
1531161236147,1531161236143,388715,0.00000060,1.00000000,0
1531161236395,1531161236391,388716,0.00000060,1.00000000,0
1531161237108,1531161237104,388717,0.00000060,1.00000000,0
1531161237296,1531161237292,388718,0.00000060,1.00000000,0
1531161238102,1531161238098,388719,0.00000060,1.00000000,0
1531161238525,1531161238522,388720,0.00000060,1.00000000,0
1531161238766,1531161238761,388721,0.00000060,1.00000000,0
1531161239245,1531161239241,388722,0.00000060,1.00000000,0
1531161239691,1531161239687,388723,0.00000060,11.00000000,0
1531161240351,1531161240347,388724,0.00000060,11.00000000,0
1531161240421,1531161240417,388725,0.00000060,1.00000000,0
1531161240510,1531161240506,388726,0.00000060,1.00000000,0
1531161240806,1531161240802,388727,0.00000060,1.00000000,0
1531161240982,1531161240978,388728,0.00000060,1.00000000,0
1531161241519,1531161241516,388729,0.00000060,1.00000000,0
1531161241690,1531161241685,388730,0.00000060,1.00000000,0
1531161241894,1531161241890,388731,0.00000060,1.00000000,0
1531161242118,1531161242114,388732,0.00000060,1.00000000,0
1531161242643,1531161242640,388733,0.00000060,11.00000000,0
1531161242846,1531161242842,388734,0.00000060,1.00000000,0
1531161243165,1531161243161,388735,0.00000060,1.00000000,0
1531161244006,1531161244002,388736,0.00000060,1.00000000,0
1531161244036,1531161244031,388737,0.00000060,1.00000000,0
1531161244203,1531161244199,388738,0.00000060,1.00000000,0
1531161244248,1531161244244,388739,0.00000059,593010.00000000,1
1531161244272,1531161244268,388740,0.00000060,1.00000000,0
1531161244377,1531161244375,388741,0.00000060,1.00000000,0
1531161245245,1531161245241,388742,0.00000060,1.00000000,0
1531161245383,1531161245379,388743,0.00000060,1.00000000,0
1531161245594,1531161245590,388744,0.00000060,1.00000000,0
1531161245664,1531161245661,388745,0.00000060,1.00000000,0
1531161246263,1531161246260,388746,0.00000060,1.00000000,0
1531161246283,1531161246278,388747,0.00000060,1.00000000,0
1531161246479,1531161246475,388748,0.00000060,1.00000000,0
1531161246705,1531161246701,388749,0.00000060,1.00000000,0
1531161246792,1531161246788,388750,0.00000060,1.00000000,0
1531161249539,1531161249537,388751,0.00000060,1.00000000,0
1531161250116,1531161250112,388752,0.00000060,1.00000000,0
1531161250135,1531161250131,388753,0.00000060,1.00000000,0
1531161250166,1531161250163,388754,0.00000060,1.00000000,0
1531161250263,1531161250259,388755,0.00000060,1.00000000,0
1531161250339,1531161250335,388756,0.00000060,1.00000000,0
1531161250529,1531161250525,388757,0.00000060,1.00000000,0
1531161250704,1531161250700,388758,0.00000060,1.00000000,0
1531161251351,1531161251348,388759,0.00000060,1.00000000,0
1531161251368,1531161251364,388760,0.00000060,1.00000000,0
1531161251764,1531161251760,388761,0.00000060,1.00000000,0
1531161252512,1531161252508,388762,0.00000060,1.00000000,0
1531161252761,1531161252756,388763,0.00000060,11.00000000,0
1531161253487,1531161253484,388764,0.00000060,1.00000000,0
1531161253565,1531161253561,388765,0.00000060,1.00000000,0
1531161254027,1531161254022,388766,0.00000060,1.00000000,0
1531161254189,1531161254185,388767,0.00000060,1.00000000,0
1531161254404,1531161254400,388768,0.00000060,1.00000000,0
1531161255321,1531161255318,388769,0.00000060,11.00000000,0
1531161255419,1531161255414,388770,0.00000060,1.00000000,0
1531161255499,1531161255495,388771,0.00000060,1.00000000,0
1531161256157,1531161256153,388772,0.00000060,1.00000000,0
1531161256164,1531161256161,388773,0.00000060,1.00000000,0
1531161256327,1531161256322,388774,0.00000060,1.00000000,0
1531161256512,1531161256509,388775,0.00000060,1.00000000,0
1531161256514,1531161256510,388776,0.00000060,1.00000000,0
1531161257178,1531161257175,388777,0.00000060,111.00000000,0
1531161257946,1531161257942,388778,0.00000060,1.00000000,0
1531161258216,1531161258211,388779,0.00000060,1.00000000,0
1531161258345,1531161258341,388780,0.00000060,1.00000000,0
1531161258362,1531161258359,388781,0.00000060,1.00000000,0
1531161259219,1531161259214,388782,0.00000060,1.00000000,0
1531161259323,1531161259319,388783,0.00000060,1.00000000,0
1531161259940,1531161259937,388784,0.00000060,1.00000000,0
1531161260142,1531161260139,388785,0.00000060,1.00000000,0
1531161260264,1531161260259,388786,0.00000060,1.00000000,0
1531161260271,1531161260268,388787,0.00000060,1.00000000,0
1531161261064,1531161261061,388788,0.00000060,1.00000000,0
1531161261336,1531161261333,388789,0.00000060,1.00000000,0
1531161261682,1531161261677,388790,0.00000060,1.00000000,0
1531161261697,1531161261693,388791,0.00000060,1.00000000,0
1531161261846,1531161261843,388792,0.00000060,1.00000000,0
1531161262609,1531161262605,388793,0.00000060,1.00000000,0
1531161262766,1531161262762,388794,0.00000060,1.00000000,0
1531161262783,1531161262779,388795,0.00000060,1.00000000,0
1531161263881,1531161263877,388796,0.00000060,1.00000000,0
1531161263912,1531161263909,388797,0.00000060,1.00000000,0
1531161264211,1531161264207,388798,0.00000060,1.00000000,0
1531161264235,1531161264232,388799,0.00000060,1.00000000,0
1531161264609,1531161264606,388800,0.00000060,1.00000000,0
1531161265262,1531161265258,388801,0.00000060,1.00000000,0
1531161265326,1531161265322,388802,0.00000060,1.00000000,0
1531161265482,1531161265478,388803,0.00000060,1.00000000,0
1531161265593,1531161265589,388804,0.00000060,1.00000000,0
1531161266043,1531161266039,388805,0.00000060,1.00000000,0
1531161266456,1531161266452,388806,0.00000060,1.00000000,0
1531161266673,1531161266670,388807,0.00000060,1.00000000,0
1531161267278,1531161267274,388808,0.00000060,1.00000000,0
1531161267441,1531161267437,388809,0.00000060,1.00000000,0
1531161267934,1531161267931,388810,0.00000060,1.00000000,0
1531161268224,1531161268221,388811,0.00000060,1.00000000,0
1531161268606,1531161268602,388812,0.00000060,1.00000000,0
1531161269030,1531161269025,388813,0.00000060,1.00000000,0
1531161269530,1531161269527,388814,0.00000060,11.00000000,0
1531161269751,1531161269747,388815,0.00000060,1.00000000,0
1531161269880,1531161269876,388816,0.00000060,1.00000000,0
1531161270365,1531161270361,388817,0.00000060,1.00000000,0
1531161270499,1531161270495,388818,0.00000060,1.00000000,0
1531161270988,1531161270984,388819,0.00000060,1.00000000,0
1531161271321,1531161271317,388820,0.00000060,1.00000000,0
1531161271732,1531161271727,388821,0.00000060,1.00000000,0
1531161271870,1531161271866,388822,0.00000060,1.00000000,0
1531161272165,1531161272162,388823,0.00000060,1.00000000,0
1531161273161,1531161273156,388824,0.00000060,1.00000000,0
1531161273230,1531161273225,388825,0.00000060,1.00000000,0
1531161274133,1531161274129,388826,0.00000060,1.00000000,0
1531161274756,1531161274752,388827,0.00000060,1.00000000,0
1531161275617,1531161275613,388828,0.00000060,1.00000000,0
1531161275813,1531161275809,388829,0.00000060,1.00000000,0
1531161276152,1531161276148,388830,0.00000060,1.00000000,0
1531161276264,1531161276259,388831,0.00000060,1.00000000,0
1531161276878,1531161276875,388832,0.00000060,11.00000000,0
1531161277073,1531161277069,388833,0.00000060,1.00000000,0
1531161277453,1531161277450,388834,0.00000060,1.00000000,0
1531161277623,1531161277619,388835,0.00000060,1.00000000,0
1531161277752,1531161277748,388836,0.00000060,1.00000000,0
1531161278389,1531161278386,388837,0.00000060,1.00000000,0
1531161278516,1531161278511,388838,0.00000060,1.00000000,0
1531161278642,1531161278638,388839,0.00000060,1.00000000,0
1531161278732,1531161278728,388840,0.00000060,1.00000000,0
1531161279529,1531161279525,388841,0.00000060,1.00000000,0
1531161280077,1531161280074,388842,0.00000060,1.00000000,0
1531161280195,1531161280191,388843,0.00000060,1.00000000,0
1531161280285,1531161280284,388844,0.00000060,1.00000000,0
1531161281550,1531161281546,388845,0.00000060,1.00000000,0
1531161282258,1531161282254,388846,0.00000060,1.00000000,0
1531161283649,1531161283645,388847,0.00000060,1.00000000,0
1531161284044,1531161284040,388848,0.00000060,1.00000000,0
1531161285425,1531161285421,388849,0.00000060,1.00000000,0
1531161286216,1531161286212,388850,0.00000060,1.00000000,0
1531161286279,1531161286275,388851,0.00000060,1.00000000,0
1531161286440,1531161286436,388852,0.00000060,1.00000000,0
1531161286633,1531161286629,388853,0.00000060,1.00000000,0
1531161287520,1531161287515,388854,0.00000060,1.00000000,0
1531161287675,1531161287671,388855,0.00000060,1.00000000,0
1531161287867,1531161287864,388856,0.00000060,1.00000000,0
1531161287888,1531161287884,388857,0.00000060,1.00000000,0
1531161288618,1531161288614,388858,0.00000060,1.00000000,0
1531161288737,1531161288734,388859,0.00000060,1.00000000,0
1531161288800,1531161288797,388860,0.00000060,1.00000000,0
1531161289521,1531161289517,388861,0.00000060,1.00000000,0
1531161290529,1531161290525,388862,0.00000060,1.00000000,0
1531161291264,1531161291259,388863,0.00000060,1.00000000,0
1531161291855,1531161291851,388864,0.00000060,12.00000000,0
1531161292240,1531161292235,388865,0.00000060,2.00000000,0
1531161292273,1531161292270,388866,0.00000060,2.00000000,0
1531161292468,1531161292464,388867,0.00000060,1.00000000,0
1531161293321,1531161293318,388868,0.00000060,1.00000000,0
1531161293509,1531161293505,388869,0.00000060,2.00000000,0
1531161294216,1531161294212,388870,0.00000060,1.00000000,0
1531161294697,1531161294693,388871,0.00000060,2.00000000,0
1531161294937,1531161294933,388872,0.00000060,1.00000000,0
1531161295809,1531161295806,388873,0.00000060,2.00000000,0
1531161296049,1531161296044,388874,0.00000060,2.00000000,0
1531161296246,1531161296242,388875,0.00000060,1.00000000,0
1531161296892,1531161296889,388876,0.00000060,1.00000000,0
1531161297083,1531161297079,388877,0.00000060,2.00000000,0
1531161297202,1531161297199,388878,0.00000060,1.00000000,0
1531161298158,1531161298155,388879,0.00000060,1.00000000,0
1531161298811,1531161298808,388880,0.00000060,1.00000000,0
1531161299032,1531161299028,388881,0.00000060,12.00000000,0
1531161299035,1531161299031,388882,0.00000060,1.00000000,0
1531161299822,1531161299820,388883,0.00000060,1.00000000,0
1531161300495,1531161300491,388884,0.00000060,12.00000000,0
1531161300621,1531161300618,388885,0.00000060,1.00000000,0
1531161301414,1531161301410,388886,0.00000060,1.00000000,0
1531161301916,1531161301913,388887,0.00000060,12.00000000,0
1531161301938,1531161301934,388888,0.00000060,1.00000000,0
1531161302288,1531161302283,388889,0.00000060,1.00000000,0
1531161304057,1531161304053,388890,0.00000060,1.00000000,0
1531161304814,1531161304810,388891,0.00000060,12.00000000,0
1531161305099,1531161305096,388892,0.00000060,1.00000000,0
1531161306609,1531161306606,388893,0.00000060,12.00000000,0
1531161307949,1531161307945,388894,0.00000060,2.00000000,0
1531161308078,1531161308074,388895,0.00000060,1.00000000,0
1531161308569,1531161308565,388896,0.00000060,1.00000000,0
1531161308798,1531161308795,388897,0.00000060,1.00000000,0
1531161309282,1531161309277,388898,0.00000060,1.00000000,0
1531161310051,1531161310047,388899,0.00000060,1.00000000,0
1531161310372,1531161310369,388900,0.00000060,1.00000000,0
1531161311171,1531161311166,388901,0.00000060,1.00000000,0
1531161311993,1531161311988,388902,0.00000060,1.00000000,0
1531161312140,1531161312136,388903,0.00000060,1.00000000,0
1531161312884,1531161312880,388904,0.00000060,1.00000000,0
1531161313421,1531161313417,388905,0.00000060,13.00000000,0
1531161313775,1531161313770,388906,0.00000060,1.00000000,0
1531161314612,1531161314607,388907,0.00000060,1.00000000,0
1531161315422,1531161315419,388908,0.00000060,1.00000000,0
1531161315587,1531161315583,388909,0.00000060,1.00000000,0
1531161315980,1531161315976,388910,0.00000060,13.00000000,0
1531161316392,1531161316388,388911,0.00000060,1.00000000,0
1531161317226,1531161317222,388912,0.00000060,1.00000000,0
1531161317964,1531161317959,388913,0.00000060,1.00000000,0
1531161318008,1531161318006,388914,0.00000060,13.00000000,0
1531161318742,1531161318738,388915,0.00000060,1.00000000,0
1531161319550,1531161319549,388916,0.00000060,1.00000000,0
1531161320337,1531161320333,388917,0.00000060,1.00000000,0
1531161320840,1531161320836,388918,0.00000060,13.00000000,0
1531161321140,1531161321136,388919,0.00000060,1.00000000,0
1531161321895,1531161321892,388920,0.00000060,1.00000000,0
1531161322521,1531161322517,388921,0.00000060,1.00000000,0
1531161322668,1531161322663,388922,0.00000060,1.00000000,0
1531161323137,1531161323134,388923,0.00000060,1.00000000,0
1531161323958,1531161323954,388924,0.00000060,13.00000000,0
1531161324149,1531161324145,388925,0.00000060,1.00000000,0
1531161324491,1531161324487,388926,0.00000060,1.00000000,0
1531161324923,1531161324919,388927,0.00000060,1.00000000,0
1531161325316,1531161325311,388928,0.00000060,1.00000000,0
1531161326087,1531161326085,388929,0.00000060,1.00000000,0
1531161327461,1531161327433,388930,0.00000060,1.00000000,0
1531161327714,1531161327711,388931,0.00000060,1.00000000,0
1531161328610,1531161328605,388932,0.00000060,1.00000000,0
1531161328921,1531161328917,388933,0.00000060,1.00000000,0
1531161329740,1531161329737,388934,0.00000060,11.00000000,0
1531161329996,1531161329992,388935,0.00000060,1.00000000,0
1531161330380,1531161330375,388936,0.00000060,1.00000000,0
1531161331116,1531161331112,388937,0.00000060,11.00000000,0
1531161331973,1531161331970,388938,0.00000060,1.00000000,0
1531161332124,1531161332121,388939,0.00000060,1.00000000,0
1531161332631,1531161332627,388940,0.00000060,13.00000000,0
1531161334239,1531161334235,388941,0.00000060,13.00000000,0
1531161335491,1531161335487,388942,0.00000060,10.00000000,0
1531161336226,1531161336221,388943,0.00000060,13.00000000,0
1531161337360,1531161337356,388944,0.00000060,1.00000000,0
1531161337657,1531161337654,388945,0.00000060,13.00000000,0
1531161337909,1531161337906,388946,0.00000060,1.00000000,0
1531161338957,1531161338953,388947,0.00000060,1.00000000,0
1531161339812,1531161339808,388948,0.00000060,1.00000000,0
1531161340568,1531161340564,388949,0.00000060,1.00000000,0
1531161341492,1531161341489,388950,0.00000060,15.00000000,0
1531161341925,1531161341922,388951,0.00000060,1.00000000,0
1531161343583,1531161343579,388952,0.00000060,14.00000000,0
1531161345393,1531161345389,388953,0.00000060,15.00000000,0
1531161345818,1531161345780,388954,0.00000060,1.00000000,0
1531161352157,1531161352154,388955,0.00000060,16.00000000,0
1531161354198,1531161354196,388956,0.00000060,1.00000000,0
1531161354889,1531161354885,388957,0.00000060,1.00000000,0
1531161355232,1531161355227,388958,0.00000060,1.00000000,0
1531161356219,1531161356214,388959,0.00000060,11.00000000,0
1531161357028,1531161357024,388960,0.00000060,1.00000000,0
1531161357250,1531161357245,388961,0.00000060,1.00000000,0
1531161358232,1531161358228,388962,0.00000060,1.00000000,0
1531161358566,1531161358561,388963,0.00000060,1.00000000,0
1531161359611,1531161359604,388964,0.00000059,18706.00000000,1
1531161360040,1531161360036,388965,0.00000060,12.00000000,0
1531161360457,1531161360453,388966,0.00000060,7254.00000000,0
