event_time,trade_time,trade_id,price,quantity,maker
1531160289885,1531160289882,1782202,0.00000998,745.00000000,0
1531160290194,1531160290189,1782203,0.00000998,19629.00000000,0
1531160293135,1531160293132,1782204,0.00000999,3962.00000000,1
1531160293135,1531160293132,1782205,0.00000998,16098.00000000,1
1531160298908,1531160298905,1782206,0.00001000,301.00000000,0
1531160298952,1531160298949,1782207,0.00001000,390.00000000,1
1531160301872,1531160301868,1782208,0.00000998,950.00000000,1
1531160319306,1531160319303,1782209,0.00000999,1653.00000000,1
1531160319306,1531160319303,1782210,0.00000998,3808.00000000,1
1531160319702,1531160319697,1782211,0.00000997,444.00000000,0
1531160319702,1531160319697,1782212,0.00000998,8118.00000000,0
1531160320406,1531160320404,1782213,0.00000999,1296.00000000,1
1531160322421,1531160322417,1782214,0.00000999,2736.00000000,1
1531160327003,1531160327000,1782215,0.00000998,831.00000000,1
1531160334875,1531160334872,1782216,0.00000999,2845.00000000,0
1531160343689,1531160343686,1782217,0.00000997,1003.00000000,0
1531160344699,1531160344696,1782218,0.00000997,1003.00000000,0
1531160345688,1531160345685,1782219,0.00000997,1003.00000000,0
1531160346688,1531160346684,1782220,0.00000997,1003.00000000,0
1531160346787,1531160346786,1782221,0.00000997,2147.00000000,0
1531160352362,1531160352359,1782222,0.00000997,346.00000000,1
1531160453451,1531160453447,1782223,0.00000996,1977.00000000,1
1531160453451,1531160453447,1782224,0.00000995,4065.00000000,1
1531160503213,1531160503209,1782225,0.00000998,4281.00000000,0
1531160508115,1531160508111,1782226,0.00000998,578.00000000,1
1531160537083,1531160537079,1782227,0.00000999,1761.00000000,1
1531160574843,1531160574840,1782228,0.00000999,4679.00000000,1
1531160596035,1531160596030,1782229,0.00001000,100.00000000,0
1531160611615,1531160611611,1782230,0.00001000,5.00000000,0
1531160611636,1531160611631,1782231,0.00001000,158.00000000,1
1531160611656,1531160611654,1782232,0.00001000,158.00000000,1
1531160611673,1531160611670,1782233,0.00001000,500.00000000,1
1531160611684,1531160611680,1782234,0.00000999,381.00000000,1
1531160611684,1531160611680,1782235,0.00000998,119.00000000,1
1531160629999,1531160629996,1782236,0.00001000,784.00000000,1
1531160660109,1531160660106,1782237,0.00001000,100.00000000,1
1531160660350,1531160660350,1782238,0.00001000,153.00000000,1
1531160683010,1531160683006,1782239,0.00001000,255.00000000,1
1531160704875,1531160704872,1782240,0.00001000,500.00000000,1
1531160706728,1531160706724,1782241,0.00001000,1507.00000000,1
1531160706973,1531160706969,1782242,0.00001000,7288.00000000,1
1531160707733,1531160707730,1782243,0.00001000,2232.00000000,1
1531160707965,1531160707960,1782244,0.00001000,1507.00000000,1
1531160718229,1531160718226,1782245,0.00001000,279.00000000,1
1531160728428,1531160728424,1782246,0.00001001,253.00000000,0
1531160759057,1531160759051,1782247,0.00001000,10451.00000000,1
1531160766313,1531160766309,1782248,0.00001001,531.00000000,0
1531160766313,1531160766309,1782249,0.00001002,5450.00000000,0
1531160767993,1531160767990,1782250,0.00001002,4343.00000000,0
1531160776139,1531160776136,1782251,0.00001002,137.00000000,1
1531160776139,1531160776136,1782252,0.00001001,830.00000000,1
1531160776139,1531160776136,1782253,0.00001000,33.00000000,1
1531160795972,1531160795969,1782254,0.00001002,568.00000000,1
1531160852857,1531160852852,1782255,0.00001002,5107.00000000,1
1531160862792,1531160862788,1782256,0.00001001,2200.00000000,0
1531160862792,1531160862788,1782257,0.00001003,769.00000000,0
1531160863208,1531160863205,1782258,0.00001003,239.00000000,1
1531160872533,1531160872530,1782259,0.00001003,9651.00000000,1
1531160877364,1531160877361,1782260,0.00001003,2687.00000000,0
1531160894128,1531160894123,1782261,0.00001001,830.00000000,1
1531160894128,1531160894123,1782262,0.00001000,2360.00000000,1
1531160899122,1531160899117,1782263,0.00001003,11.00000000,0
1531160913178,1531160913174,1782264,0.00001002,1507.00000000,0
1531160916977,1531160916974,1782265,0.00001003,3079.00000000,0
1531160920227,1531160920225,1782266,0.00001003,261.00000000,0
1531160922643,1531160922636,1782267,0.00001003,1435.00000000,0
1531160922643,1531160922636,1782268,0.00001004,2250.00000000,0
1531160922643,1531160922636,1782269,0.00001005,13399.00000000,0
1531160922643,1531160922636,1782270,0.00001006,1003.00000000,0
1531160922643,1531160922636,1782271,0.00001007,700.00000000,0
1531160922643,1531160922636,1782272,0.00001010,42604.00000000,0
1531160922643,1531160922636,1782273,0.00001011,3313.00000000,0
1531160922831,1531160922826,1782274,0.00001005,593.00000000,1
1531160937096,1531160937091,1782275,0.00001011,5442.00000000,0
1531160937096,1531160937091,1782276,0.00001013,25363.00000000,0
1531160937112,1531160937107,1782277,0.00001013,7021.00000000,1
1531160937143,1531160937141,1782278,0.00001013,187.00000000,1
1531160937154,1531160937151,1782279,0.00001013,124.00000000,1
1531160937221,1531160937216,1782280,0.00001013,2134.00000000,1
1531160937222,1531160937220,1782281,0.00001013,3479.00000000,1
1531160940923,1531160940920,1782282,0.00001014,820.00000000,0
1531160941062,1531160941060,1782283,0.00001014,299.00000000,1
1531160946061,1531160946056,1782284,0.00001016,3149.00000000,0
1531160946061,1531160946056,1782285,0.00001017,1864.00000000,0
1531160946165,1531160946162,1782286,0.00001017,564.00000000,1
1531160951027,1531160951023,1782287,0.00001017,299.00000000,1
1531160951321,1531160951318,1782288,0.00001019,307.00000000,0
1531160952668,1531160952664,1782289,0.00001019,490.00000000,0
1531160952668,1531160952664,1782290,0.00001020,5343.00000000,0
1531160954987,1531160954983,1782291,0.00001018,16.00000000,1
1531160958265,1531160958261,1782292,0.00001019,1430.00000000,0
1531160958265,1531160958261,1782293,0.00001020,31153.00000000,0
1531160958922,1531160958919,1782294,0.00001020,295.00000000,1
1531160959690,1531160959687,1782295,0.00001020,880.00000000,1
1531160960225,1531160960220,1782296,0.00001020,114.00000000,1
1531160963726,1531160963722,1782297,0.00001022,127.00000000,0
1531160964385,1531160964383,1782298,0.00001020,1.00000000,1
1531160964385,1531160964383,1782299,0.00001015,98.00000000,1
1531160965266,1531160965262,1782300,0.00001015,4278.00000000,1
1531160965266,1531160965262,1782301,0.00001014,519.00000000,1
1531160965676,1531160965672,1782302,0.00001013,1036.00000000,0
1531160965695,1531160965691,1782303,0.00001020,1480.00000000,1
1531160967936,1531160967931,1782304,0.00001020,588.00000000,1
1531160969884,1531160969882,1782305,0.00001021,470.00000000,0
1531160970860,1531160970855,1782306,0.00001021,3906.00000000,0
1531160973952,1531160973950,1782307,0.00001021,149.00000000,1
1531160975679,1531160975674,1782308,0.00001021,3330.00000000,0
1531160975679,1531160975674,1782309,0.00001022,802.00000000,0
1531160977290,1531160977287,1782310,0.00001022,272.00000000,1
1531160978590,1531160978587,1782311,0.00001022,15304.00000000,1
1531160979526,1531160979522,1782312,0.00001022,13070.00000000,1
1531160980651,1531160980645,1782313,0.00001022,18766.00000000,0
1531160980651,1531160980645,1782314,0.00001023,7262.00000000,0
1531160980651,1531160980645,1782315,0.00001024,3594.00000000,0
1531160980651,1531160980645,1782316,0.00001029,15151.00000000,0
1531160980651,1531160980645,1782317,0.00001030,96139.00000000,0
1531160980676,1531160980673,1782318,0.00001030,15911.00000000,1
1531160980695,1531160980691,1782319,0.00001030,709.00000000,1
1531160980728,1531160980724,1782320,0.00001030,99.00000000,1
1531160980746,1531160980742,1782321,0.00001030,709.00000000,1
1531160981198,1531160981193,1782322,0.00001030,85345.00000000,1
1531160983696,1531160983692,1782323,0.00001031,3883.00000000,1
1531160983696,1531160983692,1782324,0.00001030,4751.00000000,1
1531160986158,1531160986154,1782325,0.00001024,261.00000000,1
1531160988709,1531160988705,1782326,0.00001024,2920.00000000,1
1531160993450,1531160993447,1782327,0.00001026,575.00000000,0
1531160993708,1531160993706,1782328,0.00001025,148.00000000,1
1531160996172,1531160996169,1782329,0.00001024,3902.00000000,1
1531160996935,1531160996932,1782330,0.00001026,193.00000000,0
1531160998855,1531160998851,1782331,0.00001025,11000.00000000,1
1531160998855,1531160998851,1782332,0.00001024,16480.00000000,1
1531160998981,1531160998977,1782333,0.00001024,1327.00000000,0
1531161000016,1531161000012,1782334,0.00001023,1552.00000000,1
1531161000979,1531161000974,1782335,0.00001023,861.00000000,0
1531161004993,1531161004990,1782336,0.00001023,575.00000000,0
1531161005566,1531161005562,1782337,0.00001024,3558.00000000,0
1531161007797,1531161007792,1782338,0.00001025,395.00000000,0
1531161009415,1531161009414,1782339,0.00001025,784.00000000,0
1531161016566,1531161016561,1782340,0.00001027,2668.00000000,0
1531161030722,1531161030718,1782341,0.00001026,99.00000000,0
1531161036019,1531161036015,1782342,0.00001022,1266.00000000,1
1531161036019,1531161036015,1782343,0.00001021,138.00000000,1
1531161040219,1531161040215,1782344,0.00001023,783.00000000,1
1531161042712,1531161042709,1782345,0.00001021,428.00000000,1
1531161042732,1531161042728,1782346,0.00001021,111.00000000,0
1531161042757,1531161042755,1782347,0.00001021,111.00000000,0
1531161042758,1531161042755,1782348,0.00001021,111.00000000,0
1531161043058,1531161043053,1782349,0.00001021,111.00000000,0
1531161044566,1531161044563,1782350,0.00001021,518.00000000,0
1531161048192,1531161048188,1782351,0.00001020,722.00000000,1
1531161054848,1531161054843,1782352,0.00001019,579.00000000,1
1531161057696,1531161057692,1782353,0.00001018,201.00000000,1
1531161063536,1531161063532,1782354,0.00001018,310.00000000,1
1531161064606,1531161064602,1782355,0.00001017,953.00000000,1
1531161065550,1531161065546,1782356,0.00001018,585.00000000,0
1531161080991,1531161080990,1782357,0.00001016,99.00000000,1
1531161087240,1531161087235,1782358,0.00001013,193.00000000,1
1531161101265,1531161101260,1782359,0.00001014,2134.00000000,1
1531161101265,1531161101260,1782360,0.00001013,1430.00000000,1
1531161101265,1531161101260,1782361,0.00001012,3792.00000000,1
1531161118790,1531161118786,1782362,0.00001010,106.00000000,1
1531161127243,1531161127239,1782363,0.00001010,512.00000000,1
1531161130194,1531161130191,1782364,0.00001009,834.00000000,0
1531161130593,1531161130589,1782365,0.00001009,3151.00000000,0
1531161141194,1531161141188,1782366,0.00001006,262.00000000,1
1531161142640,1531161142639,1782367,0.00001006,5.00000000,0
1531161149331,1531161149326,1782368,0.00001004,314.00000000,1
1531161151699,1531161151696,1782369,0.00001004,4.00000000,0
1531161165741,1531161165736,1782370,0.00001005,1069.00000000,1
1531161165741,1531161165736,1782371,0.00001003,4088.00000000,1
1531161189536,1531161189532,1782372,0.00001005,518.00000000,1
1531161195663,1531161195660,1782373,0.00001008,159.00000000,0
1531161195663,1531161195660,1782374,0.00001010,100.00000000,0
1531161230629,1531161230626,1782375,0.00001008,119.00000000,1
1531161233068,1531161233064,1782376,0.00001008,448.00000000,0
1531161233068,1531161233064,1782377,0.00001009,420.00000000,0
1531161233295,1531161233290,1782378,0.00001010,601.00000000,0
1531161233316,1531161233311,1782379,0.00001010,111.00000000,1
1531161252517,1531161252513,1782380,0.00001011,314.00000000,0
1531161252518,1531161252513,1782381,0.00001014,47.00000000,0
1531161256372,1531161256367,1782382,0.00001012,584.00000000,1
1531161267623,1531161267618,1782383,0.00001012,250.00000000,0
1531161267844,1531161267841,1782384,0.00001013,580.00000000,0
1531161267881,1531161267876,1782385,0.00001013,830.00000000,0
1531161299294,1531161299290,1782386,0.00001010,126.00000000,1
1531161304116,1531161304111,1782387,0.00001013,10367.00000000,0
1531161311639,1531161311634,1782388,0.00001013,259.00000000,1
1531161314799,1531161314793,1782389,0.00001013,39.00000000,1
1531161391146,1531161391142,1782390,0.00001010,791.00000000,1
1531161407654,1531161407649,1782391,0.00001011,300.00000000,0
1531161413159,1531161413155,1782392,0.00001011,271.00000000,0
1531161417506,1531161417503,1782393,0.00001011,190.00000000,0
1531161422946,1531161422942,1782394,0.00001011,118.00000000,0
1531161423416,1531161423412,1782395,0.00001011,584.00000000,0
1531161459340,1531161459336,1782396,0.00001011,300.00000000,0
1531161463283,1531161463277,1782397,0.00001011,831.00000000,0
1531161464002,1531161463999,1782398,0.00001011,300.00000000,0
1531161468311,1531161468308,1782399,0.00001011,300.00000000,0
1531161472689,1531161472683,1782400,0.00001011,300.00000000,0
1531161478176,1531161478172,1782401,0.00001011,300.00000000,0
1531161482559,1531161482556,1782402,0.00001011,300.00000000,0
1531161488360,1531161488356,1782403,0.00001011,300.00000000,0
1531161492850,1531161492846,1782404,0.00001010,1562.00000000,1
1531161493550,1531161493546,1782405,0.00001010,300.00000000,0
1531161499024,1531161499020,1782406,0.00001010,300.00000000,0
1531161503906,1531161503903,1782407,0.00001010,300.00000000,0
1531161509676,1531161509671,1782408,0.00001010,300.00000000,0
1531161513548,1531161513543,1782409,0.00001009,1007.00000000,1
1531161515571,1531161515569,1782410,0.00001010,300.00000000,0
1531161521324,1531161521319,1782411,0.00001010,300.00000000,0
1531161525361,1531161525356,1782412,0.00001010,156.00000000,0
1531161529111,1531161529107,1782413,0.00001010,110.00000000,0
1531161539194,1531161539191,1782414,0.00001010,116.00000000,0
1531161551180,1531161551176,1782415,0.00001009,1590.00000000,1
1531161551864,1531161551861,1782416,0.00001009,1155.00000000,0
1531161660022,1531161660017,1782417,0.00001009,130.00000000,1
1531161683522,1531161683517,1782418,0.00001007,230.00000000,1
1531161774121,1531161774116,1782419,0.00001008,784.00000000,1
1531161774134,1531161774129,1782420,0.00001008,701.00000000,1
1531161774239,1531161774236,1782421,0.00001008,1752.00000000,1
1531161774475,1531161774471,1782422,0.00001008,3556.00000000,1
1531161792837,1531161792835,1782423,0.00001008,1128.00000000,1
1531161831402,1531161831397,1782424,0.00001007,1029.00000000,1
1531161863872,1531161863868,1782425,0.00001006,9960.00000000,1
1531161873291,1531161873287,1782426,0.00001004,235.00000000,1
1531161878486,1531161878482,1782427,0.00001004,1422.00000000,1
1531161890721,1531161890715,1782428,0.00001004,168.00000000,1
1531161890721,1531161890715,1782429,0.00001003,715.00000000,1
1531162012889,1531162012884,1782430,0.00001005,236.00000000,0
1531162020760,1531162020755,1782431,0.00001004,258.00000000,1
1531162049750,1531162049745,1782432,0.00001004,584.00000000,1
1531162059036,1531162059031,1782433,0.00001004,1054.00000000,1
1531162059036,1531162059031,1782434,0.00001003,6625.00000000,1
1531162167278,1531162167273,1782435,0.00001003,100.00000000,0
1531162216101,1531162216096,1782436,0.00001002,396.00000000,1
1531162270589,1531162270584,1782437,0.00001003,3221.00000000,0
1531162270589,1531162270584,1782438,0.00001005,2163.00000000,0
1531162270589,1531162270584,1782439,0.00001006,2886.00000000,0
1531162270589,1531162270584,1782440,0.00001011,758.00000000,0
1531162270589,1531162270584,1782441,0.00001012,227.00000000,0
1531162270589,1531162270584,1782442,0.00001014,10705.00000000,0
1531162372676,1531162372670,1782443,0.00001009,10945.00000000,0
1531162372676,1531162372670,1782444,0.00001010,10108.00000000,0
1531162592427,1531162592421,1782445,0.00001009,201.00000000,0
1531162593738,1531162593735,1782446,0.00001009,3029.00000000,0
1531162593738,1531162593735,1782447,0.00001010,9019.00000000,0
1531162602491,1531162602487,1782448,0.00001010,1175.00000000,0
1531162615715,1531162615711,1782449,0.00001010,477.00000000,1
1531162675825,1531162675819,1782450,0.00001010,265.00000000,1
1531162731935,1531162731929,1782451,0.00001010,964.00000000,0
1531162736466,1531162736461,1782452,0.00001009,902.00000000,1
1531162742352,1531162742349,1782453,0.00001009,767.00000000,1
1531162747605,1531162747602,1782454,0.00001009,767.00000000,1
1531162766901,1531162766896,1782455,0.00001009,100.00000000,1
1531162779775,1531162779769,1782456,0.00001009,469.00000000,1
1531162783165,1531162783160,1782457,0.00001009,786.00000000,1
1531162783524,1531162783519,1782458,0.00001009,161.00000000,1
1531162829054,1531162829049,1782459,0.00001009,3812.00000000,1
1531162829054,1531162829049,1782460,0.00001008,2389.00000000,1
1531162858853,1531162858849,1782461,0.00001009,1844.00000000,1
1531162894909,1531162894904,1782462,0.00001010,100.00000000,0
1531162937244,1531162937238,1782463,0.00001009,1747.00000000,1
1531162947189,1531162947185,1782464,0.00001010,1493.00000000,0
1531162950196,1531162950190,1782465,0.00001014,3199.00000000,0
1531162970557,1531162970551,1782466,0.00001014,307.00000000,1
1531162970557,1531162970551,1782467,0.00001012,821.00000000,1
1531162970557,1531162970551,1782468,0.00001010,157.00000000,1
1531163006958,1531163006954,1782469,0.00001010,1216.00000000,1
1531163016573,1531163016569,1782470,0.00001010,1033.00000000,1
1531163038605,1531163038598,1782471,0.00001010,2999.00000000,1
1531163425287,1531163425282,1782472,0.00001011,253.00000000,1
1531163460624,1531163460618,1782473,0.00001013,964.00000000,0
1531163460624,1531163460618,1782474,0.00001014,1593.00000000,0
1531163460624,1531163460618,1782475,0.00001015,4837.00000000,0
1531163460624,1531163460618,1782476,0.00001019,406.00000000,0
1531163463843,1531163463838,1782477,0.00001012,567.00000000,1
1531163471626,1531163471622,1782478,0.00001013,696.00000000,1
1531163476590,1531163476585,1782479,0.00001013,592.00000000,1
1531163490116,1531163490110,1782480,0.00001017,100.00000000,0
1531163519965,1531163519960,1782481,0.00001016,935.00000000,0
1531163519965,1531163519960,1782482,0.00001017,564.00000000,0
1531163691266,1531163691260,1782483,0.00001017,1000.00000000,0
1531163743732,1531163743726,1782484,0.00001014,3168.00000000,1
1531163743732,1531163743726,1782485,0.00001013,99.00000000,1
1531163802138,1531163802132,1782486,0.00001013,914.00000000,0
1531163824334,1531163824328,1782487,0.00001013,92.00000000,0
1531163844342,1531163844340,1782488,0.00001013,93.00000000,0
1531163870946,1531163870940,1782489,0.00001013,94.00000000,0
1531163885661,1531163885654,1782490,0.00001013,94.00000000,0
1531163907663,1531163907658,1782491,0.00001013,95.00000000,0
1531163910165,1531163910162,1782492,0.00001011,2015.00000000,1
1531163910192,1531163910187,1782493,0.00001011,855.00000000,0
1531163929366,1531163929360,1782494,0.00001011,648.00000000,0
1531163945082,1531163945076,1782495,0.00001010,676.00000000,1
1531163993956,1531163993950,1782496,0.00001010,1691.00000000,1
1531164228589,1531164228585,1782497,0.00001010,5611.00000000,1
1531164248415,1531164248409,1782498,0.00001010,4034.00000000,1
1531164248415,1531164248409,1782499,0.00001009,666.00000000,1
1531164284907,1531164284901,1782500,0.00001009,1270.00000000,1
1531164303327,1531164303321,1782501,0.00001009,14101.00000000,1
1531164306128,1531164306122,1782502,0.00001009,2416.00000000,1
1531164313135,1531164313131,1782503,0.00001009,2425.00000000,1
1531164313167,1531164313162,1782504,0.00001009,1165.00000000,0
1531164313189,1531164313184,1782505,0.00001009,1.00000000,0
1531164319508,1531164319507,1782506,0.00001009,192.00000000,0
1531164347594,1531164347592,1782507,0.00001009,1490.00000000,0
1531164459371,1531164459366,1782508,0.00001010,990.00000000,0
1531164480912,1531164480906,1782509,0.00001008,1605.00000000,1
1531164480912,1531164480906,1782510,0.00001007,117.00000000,1
1531164480938,1531164480933,1782511,0.00001007,146.00000000,0
1531164482092,1531164482085,1782512,0.00001010,1892.00000000,0
1531164483674,1531164483670,1782513,0.00001009,2173.00000000,1
1531164483704,1531164483700,1782514,0.00001009,2188.00000000,0
1531164483710,1531164483706,1782515,0.00001009,1129.00000000,0
1531164484473,1531164484466,1782516,0.00001009,1056.00000000,1
1531164484473,1531164484466,1782517,0.00001007,146.00000000,1
1531164484473,1531164484466,1782518,0.00001005,298.00000000,1
1531164488957,1531164488953,1782519,0.00001005,2185.00000000,1
1531164552846,1531164552839,1782520,0.00001010,822.00000000,0
1531164552846,1531164552839,1782521,0.00001011,168.00000000,0
1531164675063,1531164675057,1782522,0.00001008,2418.00000000,1
1531164675063,1531164675057,1782523,0.00001006,3836.00000000,1
1531164675063,1531164675057,1782524,0.00001005,2087.00000000,1
1531164710338,1531164710332,1782525,0.00001006,825.00000000,1
1531164711656,1531164711651,1782526,0.00001006,4797.00000000,0
1531164714409,1531164714404,1782527,0.00001006,177.00000000,1
1531164741284,1531164741277,1782528,0.00001006,2019.00000000,1
1531164741284,1531164741277,1782529,0.00001005,3728.00000000,1
1531164741284,1531164741277,1782530,0.00001004,596.00000000,1
1531164741284,1531164741277,1782531,0.00001003,3090.00000000,1
1531164741284,1531164741277,1782532,0.00001002,910.00000000,1
1531164741284,1531164741277,1782533,0.00001001,10688.00000000,1
1531164745009,1531164745003,1782534,0.00001004,3879.00000000,0
1531164756408,1531164756403,1782535,0.00001004,3367.00000000,0
1531164775446,1531164775439,1782536,0.00001006,533.00000000,0
1531164775469,1531164775463,1782537,0.00001006,2982.00000000,0
1531164823854,1531164823852,1782538,0.00001005,2985.00000000,0
1531164844020,1531164844015,1782539,0.00001004,302.00000000,1
1531164866338,1531164866332,1782540,0.00001004,1146.00000000,1
1531164884014,1531164884009,1782541,0.00001004,1851.00000000,1
1531164888370,1531164888366,1782542,0.00001004,114.00000000,1
1531164902258,1531164902257,1782543,0.00001004,1183.00000000,1
1531164943657,1531164943655,1782544,0.00001003,150.00000000,0
1531165027793,1531165027788,1782545,0.00001001,2664.00000000,1
1531165029791,1531165029788,1782546,0.00001000,500.00000000,1
1531165029791,1531165029788,1782547,0.00000999,66.00000000,1
1531165043917,1531165043913,1782548,0.00001001,2661.00000000,0
1531165057760,1531165057754,1782549,0.00001001,2658.00000000,0
1531165070791,1531165070785,1782550,0.00001001,2634.00000000,0
1531165100864,1531165100858,1782551,0.00001002,196.00000000,0
1531165151692,1531165151685,1782552,0.00001000,709.00000000,0
1531165176053,1531165176048,1782553,0.00001000,700.00000000,0
1531165182699,1531165182692,1782554,0.00001000,5758.00000000,0
1531165225918,1531165225912,1782555,0.00001000,597.00000000,0
1531165233164,1531165233158,1782556,0.00001000,1572.00000000,1
1531165253872,1531165253866,1782557,0.00000999,355.00000000,1
1531165260621,1531165260615,1782558,0.00000999,548.00000000,1
1531165260621,1531165260615,1782559,0.00000998,1408.00000000,1
1531165260621,1531165260615,1782560,0.00000997,4643.00000000,1
1531165260621,1531165260615,1782561,0.00000996,10101.00000000,1
1531165262776,1531165262769,1782562,0.00000995,584.00000000,1
1531165265247,1531165265241,1782563,0.00000995,6.00000000,1
1531165327548,1531165327543,1782564,0.00000996,1134.00000000,0
1531165345677,1531165345673,1782565,0.00000996,700.00000000,1
1531165368041,1531165368035,1782566,0.00000997,1450.00000000,1
1531165409286,1531165409279,1782567,0.00000997,833.00000000,1
1531165409286,1531165409279,1782568,0.00000996,1208.00000000,1
1531165410046,1531165410040,1782569,0.00000996,2507.00000000,0
1531165431762,1531165431755,1782570,0.00000995,2586.00000000,1
1531165432074,1531165432068,1782571,0.00000996,126.00000000,0
1531165452842,1531165452834,1782572,0.00000995,302.00000000,0
1531165462213,1531165462207,1782573,0.00000995,360.00000000,0
1531165505975,1531165505973,1782574,0.00000993,306.00000000,1
1531165551749,1531165551745,1782575,0.00000994,788.00000000,0
1531165562507,1531165562501,1782576,0.00000995,1108.00000000,0
1531165577354,1531165577348,1782577,0.00000995,8341.00000000,0
1531165579357,1531165579350,1782578,0.00000996,5456.00000000,0
1531165580353,1531165580350,1782579,0.00000997,833.00000000,0
1531165581366,1531165581361,1782580,0.00000998,150.00000000,0
1531165583015,1531165583009,1782581,0.00001002,131.00000000,1
1531165590202,1531165590199,1782582,0.00001001,430.00000000,0
1531165627040,1531165627035,1782583,0.00001001,400.00000000,0
1531165664077,1531165664073,1782584,0.00001002,229.00000000,1
1531165664102,1531165664098,1782585,0.00001002,784.00000000,1
1531165664251,1531165664245,1782586,0.00001002,229.00000000,1
1531165664373,1531165664367,1782587,0.00001003,605.00000000,0
1531165679539,1531165679532,1782588,0.00001001,4976.00000000,1
1531165679539,1531165679532,1782589,0.00001000,830.00000000,1
1531165679539,1531165679532,1782590,0.00000999,20965.00000000,1
1531165763120,1531165763114,1782591,0.00001000,1069.00000000,1
1531166087826,1531166087819,1782592,0.00001002,1535.00000000,0
1531166087826,1531166087819,1782593,0.00001004,465.00000000,0
1531166191499,1531166191492,1782594,0.00001004,1729.00000000,0
1531166191499,1531166191492,1782595,0.00001005,2271.00000000,0
1531166215130,1531166215123,1782596,0.00001005,1748.00000000,0
1531166215366,1531166215361,1782597,0.00001005,242.00000000,1
1531166372597,1531166372591,1782598,0.00001002,829.00000000,1
1531166372975,1531166372970,1782599,0.00001002,1562.00000000,0
1531166378893,1531166378889,1782600,0.00001001,784.00000000,0
1531166379451,1531166379445,1782601,0.00001000,2846.00000000,1
1531166384444,1531166384439,1782602,0.00000999,831.00000000,1
1531166390454,1531166390449,1782603,0.00000998,2571.00000000,1
1531166405443,1531166405436,1782604,0.00000998,701.00000000,1
1531166443657,1531166443651,1782605,0.00000999,6993.00000000,0
1531166463664,1531166463656,1782606,0.00000999,23308.00000000,1
1531166463664,1531166463656,1782607,0.00000997,833.00000000,1
1531166463664,1531166463656,1782608,0.00000995,2150.00000000,1
1531166463664,1531166463656,1782609,0.00000993,3445.00000000,1
1531166463686,1531166463685,1782610,0.00000993,862.00000000,0
1531166463687,1531166463685,1782611,0.00000993,862.00000000,0
1531166463687,1531166463685,1782612,0.00000993,17633.00000000,0
1531166463698,1531166463692,1782613,0.00000993,1281.00000000,0
1531166463707,1531166463701,1782614,0.00000993,14064.00000000,0
1531166463714,1531166463706,1782615,0.00000993,468.00000000,0
1531166463717,1531166463710,1782616,0.00000993,862.00000000,0
1531166463724,1531166463718,1782617,0.00000992,3571.00000000,1
1531166478439,1531166478433,1782618,0.00000992,437.00000000,1
1531166484592,1531166484586,1782619,0.00000992,169.00000000,1
1531166486603,1531166486596,1782620,0.00000990,583.00000000,1
1531166488527,1531166488521,1782621,0.00000990,583.00000000,1
1531166494817,1531166494816,1782622,0.00000992,151.00000000,0
1531166503417,1531166503412,1782623,0.00000992,1282.00000000,1
1531166505002,1531166504998,1782624,0.00000993,826.00000000,0
1531166505462,1531166505456,1782625,0.00000993,1141.00000000,0
1531166511807,1531166511801,1782626,0.00000992,1732.00000000,1
1531166533993,1531166533985,1782627,0.00000993,2030.00000000,1
1531166533993,1531166533985,1782628,0.00000990,9621.00000000,1
1531166533993,1531166533985,1782629,0.00000989,4774.00000000,1
1531166533993,1531166533985,1782630,0.00000987,4069.00000000,1
1531166533993,1531166533985,1782631,0.00000986,10200.00000000,1
1531166534006,1531166534005,1782632,0.00000986,2761.00000000,0
1531166534017,1531166534016,1782633,0.00000986,2031.00000000,0
1531166534024,1531166534020,1782634,0.00000986,1014.00000000,0
1531166534044,1531166534038,1782635,0.00000986,2031.00000000,0
1531166534049,1531166534044,1782636,0.00000986,2031.00000000,0
1531166534050,1531166534045,1782637,0.00000986,1016.00000000,0
1531166534080,1531166534075,1782638,0.00000986,403.00000000,0
1531166534135,1531166534131,1782639,0.00000985,102.00000000,1
1531166534135,1531166534131,1782640,0.00000984,1929.00000000,1
1531166534162,1531166534158,1782641,0.00000984,981.00000000,1
1531166534171,1531166534165,1782642,0.00000986,890.00000000,0
1531166534314,1531166534308,1782643,0.00000986,326.00000000,0
1531166534456,1531166534450,1782644,0.00000985,2044.00000000,0
1531166534460,1531166534457,1782645,0.00000985,8798.00000000,0
1531166534990,1531166534989,1782646,0.00000985,2004.00000000,0
1531166534990,1531166534989,1782647,0.00000986,896.00000000,0
1531166535377,1531166535371,1782648,0.00000986,700.00000000,0
1531166535526,1531166535525,1782649,0.00000986,1995.00000000,0
1531166535850,1531166535846,1782650,0.00000986,2900.00000000,0
1531166536000,1531166535997,1782651,0.00000986,1878.00000000,0
1531166536351,1531166536346,1782652,0.00000986,2900.00000000,0
1531166537144,1531166537139,1782653,0.00000985,1828.00000000,1
1531166537214,1531166537210,1782654,0.00000986,6218.00000000,0
1531166537301,1531166537295,1782655,0.00000986,209.00000000,0
1531166538087,1531166538081,1782656,0.00000986,253.00000000,0
1531166538239,1531166538233,1782657,0.00000985,1664.00000000,1
1531166538339,1531166538334,1782658,0.00000986,1810.00000000,0
1531166538504,1531166538498,1782659,0.00000986,1619.00000000,0
1531166539205,1531166539199,1782660,0.00000986,189.00000000,0
1531166539836,1531166539830,1782661,0.00000986,3336.00000000,0
1531166540392,1531166540390,1782662,0.00000986,3797.00000000,0
1531166540791,1531166540787,1782663,0.00000986,3041.00000000,0
1531166541051,1531166541045,1782664,0.00000984,240.00000000,0
1531166541242,1531166541237,1782665,0.00000984,68.00000000,0
1531166541242,1531166541237,1782666,0.00000986,3863.00000000,0
1531166541324,1531166541318,1782667,0.00000986,24573.00000000,0
1531166541919,1531166541915,1782668,0.00000991,17.00000000,0
1531166545462,1531166545457,1782669,0.00000990,403.00000000,0
1531166556315,1531166556314,1782670,0.00000990,101.00000000,0
1531166565558,1531166565553,1782671,0.00000990,1930.00000000,0
1531166565570,1531166565563,1782672,0.00000990,1100.00000000,1
1531166571478,1531166571474,1782673,0.00000989,862.00000000,0
1531166643660,1531166643654,1782674,0.00000988,1966.00000000,0
1531166656690,1531166656684,1782675,0.00000987,1423.00000000,1
1531166656690,1531166656684,1782676,0.00000986,8372.00000000,1
1531166675083,1531166675077,1782677,0.00000986,1423.00000000,1
1531166677240,1531166677236,1782678,0.00000983,2791.00000000,1
1531166681699,1531166681694,1782679,0.00000986,101.00000000,0
1531166694815,1531166694810,1782680,0.00000989,192.00000000,0
1531166696767,1531166696760,1782681,0.00000989,5238.00000000,0
1531166719402,1531166719397,1782682,0.00000984,3545.00000000,1
1531166724786,1531166724778,1782683,0.00000983,5031.00000000,1
1531166726912,1531166726907,1782684,0.00000982,565.00000000,1
1531166729903,1531166729897,1782685,0.00000981,558.00000000,1
1531166731163,1531166731157,1782686,0.00000981,2.00000000,1
1531166735660,1531166735652,1782687,0.00000982,2980.00000000,0
1531166737676,1531166737673,1782688,0.00000983,339.00000000,0
1531166740676,1531166740670,1782689,0.00000983,4353.00000000,0
1531166745969,1531166745961,1782690,0.00000982,3766.00000000,1
1531166745969,1531166745961,1782691,0.00000981,10456.00000000,1
1531166745969,1531166745961,1782692,0.00000979,9961.00000000,1
1531166745969,1531166745961,1782693,0.00000979,106.00000000,1
1531166745970,1531166745961,1782694,0.00000979,807.00000000,1
1531166749692,1531166749685,1782695,0.00000986,1156.00000000,0
1531166764545,1531166764538,1782696,0.00000986,1014.00000000,0
1531166775651,1531166775645,1782697,0.00000984,1515.00000000,1
1531166775651,1531166775645,1782698,0.00000980,16832.00000000,1
1531166775671,1531166775666,1782699,0.00000980,1511.00000000,0
1531166776120,1531166776114,1782700,0.00000980,680.00000000,0
1531166779300,1531166779295,1782701,0.00000979,2010.00000000,1
1531166780968,1531166780962,1782702,0.00000979,701.00000000,1
1531166782178,1531166782172,1782703,0.00000980,1801.00000000,0
1531166782389,1531166782386,1782704,0.00000980,2500.00000000,0
1531166783501,1531166783496,1782705,0.00000980,3729.00000000,0
1531166783547,1531166783543,1782706,0.00000980,2338.00000000,0
1531166792080,1531166792074,1782707,0.00000980,3030.00000000,1
1531166805004,1531166804998,1782708,0.00000985,1000.00000000,0
1531166817282,1531166817276,1782709,0.00000985,2000.00000000,0
1531166817518,1531166817513,1782710,0.00000980,1491.00000000,1
1531166817518,1531166817513,1782711,0.00000979,302.00000000,1
1531166817518,1531166817513,1782712,0.00000978,3552.00000000,1
1531166817518,1531166817513,1782713,0.00000976,3684.00000000,1
1531166817518,1531166817513,1782714,0.00000976,3300.00000000,1
1531166832923,1531166832916,1782715,0.00000982,1330.00000000,0
1531166832923,1531166832916,1782716,0.00000983,2670.00000000,0
1531166836665,1531166836659,1782717,0.00000983,127.00000000,0
1531166836715,1531166836709,1782718,0.00000983,30.00000000,0
1531166839297,1531166839294,1782719,0.00000985,102.00000000,0
1531166858337,1531166858330,1782720,0.00000985,710.00000000,0
1531166859048,1531166859041,1782721,0.00000985,3751.00000000,0
1531166863767,1531166863762,1782722,0.00000985,1069.00000000,1
1531166872814,1531166872807,1782723,0.00000985,416.00000000,1
1531166873286,1531166873285,1782724,0.00000985,152.00000000,1
1531166873311,1531166873305,1782725,0.00000985,152.00000000,1
1531166944838,1531166944832,1782726,0.00000985,190.00000000,0
1531167042158,1531167042150,1782727,0.00000978,4532.00000000,1
1531167042158,1531167042150,1782728,0.00000977,910.00000000,1
1531167042158,1531167042150,1782729,0.00000976,10504.00000000,1
1531167042158,1531167042150,1782730,0.00000975,16614.00000000,1
1531167054399,1531167054389,1782731,0.00000979,2136.00000000,1
1531167054399,1531167054389,1782732,0.00000975,23559.00000000,1
1531167054424,1531167054421,1782733,0.00000975,480.00000000,0
1531167054466,1531167054461,1782734,0.00000975,546.00000000,0
1531167061068,1531167061063,1782735,0.00000975,3697.00000000,0
1531167062449,1531167062443,1782736,0.00000975,2790.00000000,0
1531167062767,1531167062762,1782737,0.00000975,1605.00000000,0
1531167064038,1531167064036,1782738,0.00000975,1883.00000000,0
1531167064580,1531167064575,1782739,0.00000975,776.00000000,0
1531167065024,1531167065019,1782740,0.00000975,1000.00000000,0
1531167065374,1531167065368,1782741,0.00000975,2231.00000000,0
1531167066596,1531167066589,1782742,0.00000975,6343.00000000,0
1531167067623,1531167067621,1782743,0.00000974,952.00000000,1
1531167073916,1531167073909,1782744,0.00000975,512.00000000,0
1531167073931,1531167073924,1782745,0.00000975,5857.00000000,0
1531167074015,1531167074009,1782746,0.00000975,7581.00000000,0
1531167077204,1531167077200,1782747,0.00000975,550.00000000,1
1531167087454,1531167087449,1782748,0.00000979,153.00000000,0
1531167106072,1531167106066,1782749,0.00000975,311.00000000,1
1531167113718,1531167113713,1782750,0.00000978,239.00000000,1
1531167142534,1531167142528,1782751,0.00000974,592.00000000,1
1531167189540,1531167189535,1782752,0.00000978,102.00000000,0
1531167234161,1531167234155,1782753,0.00000977,248.00000000,0
1531167241549,1531167241541,1782754,0.00000974,2365.00000000,1
1531167241549,1531167241541,1782755,0.00000973,1603.00000000,1
1531167247372,1531167247371,1782756,0.00000977,307.00000000,0
1531167303195,1531167303189,1782757,0.00000973,1101.00000000,1
1531167311248,1531167311246,1782758,0.00000976,174.00000000,0
1531167319583,1531167319578,1782759,0.00000976,132.00000000,0
1531167319583,1531167319578,1782760,0.00000977,1.00000000,0
1531167398412,1531167398404,1782761,0.00000973,3308.00000000,1
1531167398412,1531167398404,1782762,0.00000972,6677.00000000,1
1531167398942,1531167398940,1782763,0.00000972,1489.00000000,0
1531167399437,1531167399429,1782764,0.00000972,900.00000000,0
1531167400004,1531167399999,1782765,0.00000972,544.00000000,0
1531167400463,1531167400458,1782766,0.00000972,329.00000000,0
1531167400725,1531167400719,1782767,0.00000971,416.00000000,1
1531167401001,1531167400998,1782768,0.00000972,199.00000000,0
1531167401462,1531167401456,1782769,0.00000972,180.00000000,0
1531167402014,1531167402008,1782770,0.00000971,369.00000000,1
1531167402022,1531167402016,1782771,0.00000972,102.00000000,0
1531167402540,1531167402534,1782772,0.00000972,174.00000000,0
1531167404534,1531167404529,1782773,0.00000972,3721.00000000,0
1531167404631,1531167404627,1782774,0.00000972,4842.00000000,0
1531167406322,1531167406314,1782775,0.00000977,1024.00000000,0
1531167406475,1531167406472,1782776,0.00000977,1024.00000000,0
1531167407812,1531167407808,1782777,0.00000977,154.00000000,0
1531167426544,1531167426537,1782778,0.00000977,163.00000000,0
1531167455638,1531167455632,1782779,0.00000977,922.00000000,0
1531167458759,1531167458754,1782780,0.00000972,922.00000000,1
1531167519045,1531167519039,1782781,0.00000976,133.00000000,0
1531167520796,1531167520794,1782782,0.00000975,306.00000000,0
1531167538550,1531167538544,1782783,0.00000976,483.00000000,0
1531167538550,1531167538544,1782784,0.00000977,661.00000000,0
1531167549681,1531167549674,1782785,0.00000977,2047.00000000,0
1531167569534,1531167569528,1782786,0.00000973,853.00000000,1
1531167569534,1531167569528,1782787,0.00000972,457.00000000,1
1531167592397,1531167592395,1782788,0.00000977,205.00000000,0
1531167619694,1531167619688,1782789,0.00000977,146.00000000,0
1531167659941,1531167659940,1782790,0.00000977,17.00000000,0
1531167660034,1531167660028,1782791,0.00000977,105.00000000,1
1531167699939,1531167699933,1782792,0.00000976,954.00000000,1
1531167700868,1531167700862,1782793,0.00000976,3613.00000000,1
1531167700868,1531167700862,1782794,0.00000975,2303.00000000,1
1531167916696,1531167916694,1782795,0.00000978,654.00000000,0
1531167917576,1531167917570,1782796,0.00000976,6750.00000000,1
1531167968786,1531167968783,1782797,0.00000975,3710.00000000,1
1531167968786,1531167968783,1782798,0.00000973,1469.00000000,1
1531167969598,1531167969591,1782799,0.00000973,518.00000000,0
1531167969622,1531167969623,1782800,0.00000973,1.00000000,0
1531167969628,1531167969623,1782801,0.00000972,518.00000000,1
1531167969695,1531167969693,1782802,0.00000972,518.00000000,1
1531167998873,1531167998867,1782803,0.00000972,941.00000000,1
1531168018333,1531168018326,1782804,0.00000977,3377.00000000,0
1531168020201,1531168020195,1782805,0.00000972,6704.00000000,1
1531168114191,1531168114185,1782806,0.00000977,310.00000000,0
1531168160477,1531168160477,1782807,0.00000971,3373.00000000,1
1531168161834,1531168161827,1782808,0.00000976,7.00000000,0
1531168220930,1531168220924,1782809,0.00000976,2057.00000000,0
1531168221227,1531168221224,1782810,0.00000976,500.00000000,1
1531168221979,1531168221973,1782811,0.00000976,299.00000000,1
1531168231361,1531168231355,1782812,0.00000976,614.00000000,1
1531168258579,1531168258575,1782813,0.00000976,1024.00000000,0
1531168277995,1531168277989,1782814,0.00000973,820.00000000,1
1531168277995,1531168277989,1782815,0.00000972,6980.00000000,1
1531168288634,1531168288633,1782816,0.00000975,3077.00000000,0
1531168303109,1531168303102,1782817,0.00000973,598.00000000,0
1531168311223,1531168311217,1782818,0.00000975,277.00000000,0
1531168321757,1531168321751,1782819,0.00000975,1027.00000000,0
1531168365744,1531168365739,1782820,0.00000976,1131.00000000,0
1531168478931,1531168478926,1782821,0.00000976,10149.00000000,0
1531168488943,1531168488938,1782822,0.00000974,4928.00000000,1
1531168514669,1531168514663,1782823,0.00000974,10171.00000000,0
1531168557710,1531168557703,1782824,0.00000973,3553.00000000,0
1531168557710,1531168557703,1782825,0.00000974,2313.00000000,0
1531168570804,1531168570803,1782826,0.00000974,17821.00000000,0
1531168585641,1531168585634,1782827,0.00000972,4111.00000000,1
1531168595701,1531168595696,1782828,0.00000972,8475.00000000,1
1531168595941,1531168595934,1782829,0.00000972,5545.00000000,0
1531168671957,1531168671954,1782830,0.00000974,541.00000000,0
1531168778423,1531168778416,1782831,0.00000976,1153.00000000,0
1531168805726,1531168805720,1782832,0.00000976,243.00000000,0
1531168815042,1531168815036,1782833,0.00000976,4820.00000000,0
1531168830803,1531168830797,1782834,0.00000976,239.00000000,1
1531168879825,1531168879819,1782835,0.00000976,378.00000000,1
1531168922332,1531168922329,1782836,0.00000976,1000.00000000,1
1531168951319,1531168951312,1782837,0.00000976,1000.00000000,1
1531169054996,1531169054990,1782838,0.00000976,500.00000000,1
1531169058075,1531169058070,1782839,0.00000976,279.00000000,1
1531169112055,1531169112050,1782840,0.00000976,120.00000000,1
1531169183896,1531169183882,1782841,0.00000974,352.00000000,1
1531169183896,1531169183882,1782842,0.00000972,11021.00000000,1
1531169183896,1531169183882,1782843,0.00000971,133877.00000000,1
1531169183896,1531169183882,1782844,0.00000970,3612.00000000,1
1531169183896,1531169183882,1782845,0.00000969,4075.00000000,1
1531169183896,1531169183882,1782846,0.00000968,25303.00000000,1
1531169183896,1531169183882,1782847,0.00000967,3838.00000000,1
1531169183896,1531169183882,1782848,0.00000966,1194.00000000,1
1531169183896,1531169183882,1782849,0.00000965,25879.00000000,1
1531169183896,1531169183882,1782850,0.00000964,520.00000000,1
1531169183896,1531169183882,1782851,0.00000963,8032.00000000,1
1531169183896,1531169183882,1782852,0.00000962,1255.00000000,1
1531169183896,1531169183882,1782853,0.00000961,8891.00000000,1
1531169183896,1531169183882,1782854,0.00000960,20543.00000000,1
1531169183915,1531169183910,1782855,0.00000960,7742.00000000,0
1531169183926,1531169183921,1782856,0.00000960,260.00000000,0
1531169183926,1531169183922,1782857,0.00000960,370.00000000,0
1531169183947,1531169183941,1782858,0.00000960,104.00000000,0
1531169183953,1531169183948,1782859,0.00000960,370.00000000,0
1531169183955,1531169183950,1782860,0.00000960,20833.00000000,0
1531169183956,1531169183954,1782861,0.00000960,7746.00000000,0
1531169183957,1531169183954,1782862,0.00000960,1810.00000000,0
1531169183958,1531169183956,1782863,0.00000960,370.00000000,0
1531169183958,1531169183956,1782864,0.00000960,520.00000000,0
1531169183959,1531169183956,1782865,0.00000960,352.00000000,0
1531169183967,1531169183963,1782866,0.00000960,1956.00000000,0
1531169183977,1531169183972,1782867,0.00000959,2211.00000000,1
1531169183977,1531169183972,1782868,0.00000959,2211.00000000,1
1531169184553,1531169184546,1782869,0.00000960,10189.00000000,0
1531169184799,1531169184796,1782870,0.00000960,4583.00000000,0
1531169185518,1531169185511,1782871,0.00000960,234.00000000,0
1531169185605,1531169185599,1782872,0.00000959,41710.00000000,1
1531169185679,1531169185673,1782873,0.00000960,1210.00000000,0
1531169185990,1531169185986,1782874,0.00000960,400.00000000,0
1531169186153,1531169186147,1782875,0.00000960,1129.00000000,0
1531169186253,1531169186245,1782876,0.00000958,1.00000000,1
1531169186435,1531169186430,1782877,0.00000960,875.00000000,0
1531169186882,1531169186876,1782878,0.00000958,125.00000000,1
1531169186975,1531169186968,1782879,0.00000960,246.00000000,0
1531169187785,1531169187778,1782880,0.00000958,141.00000000,0
1531169187807,1531169187804,1782881,0.00000956,230.00000000,1
1531169187900,1531169187895,1782882,0.00000956,449.00000000,1
1531169188365,1531169188360,1782883,0.00000958,23.00000000,0
1531169188510,1531169188505,1782884,0.00000960,1151.00000000,0
1531169188607,1531169188602,1782885,0.00000958,143.00000000,1
1531169188727,1531169188720,1782886,0.00000958,154.00000000,0
1531169188995,1531169188990,1782887,0.00000958,525.00000000,0
1531169189873,1531169189867,1782888,0.00000958,1023.00000000,0
1531169190348,1531169190341,1782889,0.00000957,4597.00000000,0
1531169190615,1531169190608,1782890,0.00000957,5.00000000,0
1531169190615,1531169190608,1782891,0.00000958,621.00000000,0
1531169191140,1531169191138,1782892,0.00000958,123.00000000,0
1531169191485,1531169191480,1782893,0.00000958,1000.00000000,0
1531169191588,1531169191583,1782894,0.00000959,1300.00000000,0
1531169191719,1531169191714,1782895,0.00000955,4561.00000000,1
1531169191901,1531169191898,1782896,0.00000957,347.00000000,0
1531169192093,1531169192087,1782897,0.00000957,135.00000000,0
1531169192355,1531169192350,1782898,0.00000957,107.00000000,0
1531169192402,1531169192397,1782899,0.00000955,1.00000000,1
1531169192777,1531169192771,1782900,0.00000959,4608.00000000,0
1531169192824,1531169192814,1782901,0.00000955,4630.00000000,1
1531169192824,1531169192814,1782902,0.00000954,9962.00000000,1
1531169192824,1531169192814,1782903,0.00000953,30003.00000000,1
1531169192824,1531169192814,1782904,0.00000952,33758.00000000,1
1531169192824,1531169192814,1782905,0.00000951,111041.00000000,1
1531169192824,1531169192814,1782906,0.00000950,291855.00000000,1
1531169192825,1531169192814,1782907,0.00000949,9387.00000000,1
1531169192825,1531169192814,1782908,0.00000948,413.00000000,1
1531169192825,1531169192814,1782909,0.00000948,2511.00000000,1
1531169192826,1531169192814,1782910,0.00000947,6292.00000000,1
1531169192836,1531169192831,1782911,0.00000947,27728.00000000,0
1531169192848,1531169192843,1782912,0.00000947,131.00000000,0
1531169192850,1531169192845,1782913,0.00000947,465.00000000,0
1531169192856,1531169192851,1782914,0.00000947,2868.00000000,0
1531169192857,1531169192852,1782915,0.00000947,18904.00000000,0
1531169192857,1531169192852,1782916,0.00000948,53876.00000000,0
1531169192857,1531169192852,1782917,0.00000950,105862.00000000,0
1531169192885,1531169192880,1782918,0.00000950,131.00000000,0
1531169192901,1531169192897,1782919,0.00000946,520.00000000,1
1531169192924,1531169192918,1782920,0.00000950,2257.00000000,0
1531169192958,1531169192952,1782921,0.00000950,2238.00000000,0
1531169192971,1531169192966,1782922,0.00000950,6511.00000000,0
1531169192986,1531169192980,1782923,0.00000950,2238.00000000,0
1531169193021,1531169193016,1782924,0.00000950,589.00000000,0
1531169193182,1531169193176,1782925,0.00000950,2201.00000000,0
1531169193186,1531169193182,1782926,0.00000950,1609.00000000,0
1531169193208,1531169193205,1782927,0.00000950,2203.00000000,0
1531169193239,1531169193237,1782928,0.00000950,1046.00000000,0
1531169193241,1531169193239,1782929,0.00000950,2201.00000000,0
1531169193810,1531169193806,1782930,0.00000950,5908.00000000,0
1531169193814,1531169193809,1782931,0.00000950,4608.00000000,0
1531169193968,1531169193962,1782932,0.00000950,694.00000000,0
1531169194011,1531169194006,1782933,0.00000946,131.00000000,1
1531169194236,1531169194231,1782934,0.00000950,383.00000000,0
1531169194403,1531169194398,1782935,0.00000950,1893.00000000,0
1531169194570,1531169194564,1782936,0.00000948,259.00000000,0
1531169194711,1531169194704,1782937,0.00000946,80.00000000,1
1531169194711,1531169194704,1782938,0.00000945,9289.00000000,1
1531169194780,1531169194774,1782939,0.00000950,4608.00000000,0
1531169195107,1531169195102,1782940,0.00000948,691.00000000,0
1531169195107,1531169195102,1782941,0.00000950,2209.00000000,0
1531169195517,1531169195511,1782942,0.00000948,1293.00000000,0
1531169195789,1531169195784,1782943,0.00000949,4268.00000000,0
1531169195789,1531169195784,1782944,0.00000950,23502.00000000,0
1531169195967,1531169195962,1782945,0.00000950,1903.00000000,0
1531169196057,1531169196053,1782946,0.00000946,685.00000000,0
1531169196081,1531169196076,1782947,0.00000946,161.00000000,0
1531169196143,1531169196137,1782948,0.00000944,1262.00000000,1
1531169196143,1531169196137,1782949,0.00000943,632.00000000,1
1531169196143,1531169196137,1782950,0.00000942,1021.00000000,1
1531169196475,1531169196473,1782951,0.00000948,1337.00000000,0
1531169196475,1531169196473,1782952,0.00000949,122.00000000,0
1531169197198,1531169197192,1782953,0.00000949,510.00000000,0
1531169197198,1531169197192,1782954,0.00000950,1351.00000000,0
1531169197231,1531169197226,1782955,0.00000950,16.00000000,0
1531169197377,1531169197374,1782956,0.00000948,415.00000000,1
1531169197866,1531169197862,1782957,0.00000950,2306.00000000,0
1531169198195,1531169198191,1782958,0.00000950,1134.00000000,0
1531169198525,1531169198519,1782959,0.00000950,2631.00000000,0
1531169198579,1531169198573,1782960,0.00000950,1725.00000000,0
1531169199210,1531169199199,1782961,0.00000950,1291.00000000,0
1531169199680,1531169199674,1782962,0.00000950,1924.00000000,0
1531169200201,1531169200198,1782963,0.00000950,486.00000000,0
1531169200377,1531169200372,1782964,0.00000950,91251.00000000,0
1531169200677,1531169200672,1782965,0.00000950,2900.00000000,0
1531169201650,1531169201643,1782966,0.00000950,2557.00000000,0
1531169202611,1531169202605,1782967,0.00000950,1820.00000000,0
1531169204768,1531169204762,1782968,0.00000949,660.00000000,1
1531169205050,1531169205042,1782969,0.00000949,620.00000000,1
1531169205149,1531169205144,1782970,0.00000949,73.00000000,1
1531169205149,1531169205144,1782971,0.00000943,4727.00000000,1
1531169205149,1531169205144,1782972,0.00000942,3882.00000000,1
1531169206171,1531169206165,1782973,0.00000950,505.00000000,0
1531169206979,1531169206974,1782974,0.00000949,1000.00000000,0
1531169207121,1531169207118,1782975,0.00000949,1300.00000000,0
1531169207341,1531169207337,1782976,0.00000949,1053.00000000,0
1531169209091,1531169209084,1782977,0.00000948,778.00000000,0
1531169209127,1531169209120,1782978,0.00000949,223.00000000,1
1531169212453,1531169212446,1782979,0.00000949,174.00000000,0
1531169214744,1531169214737,1782980,0.00000949,974.00000000,0
1531169217850,1531169217844,1782981,0.00000944,974.00000000,1
1531169221149,1531169221144,1782982,0.00000949,799.00000000,0
1531169221707,1531169221705,1782983,0.00000949,178.00000000,0
1531169221707,1531169221705,1782984,0.00000950,239.00000000,0
1531169224577,1531169224573,1782985,0.00000946,108.00000000,1
1531169225400,1531169225395,1782986,0.00000950,242.00000000,0
1531169226211,1531169226205,1782987,0.00000950,211.00000000,0
1531169226316,1531169226310,1782988,0.00000950,211.00000000,0
1531169227542,1531169227536,1782989,0.00000950,147.00000000,0
1531169230814,1531169230808,1782990,0.00000950,204.00000000,0
1531169234445,1531169234439,1782991,0.00000950,423.00000000,1
1531169234445,1531169234439,1782992,0.00000949,421.00000000,1
1531169234445,1531169234439,1782993,0.00000947,289.00000000,1
1531169239651,1531169239644,1782994,0.00000950,8321.00000000,1
1531169241209,1531169241202,1782995,0.00000950,17357.00000000,1
1531169244914,1531169244909,1782996,0.00000946,321.00000000,1
1531169245025,1531169245022,1782997,0.00000947,145.00000000,1
1531169248979,1531169248973,1782998,0.00000947,1692.00000000,1
1531169248979,1531169248973,1782999,0.00000946,3975.00000000,1
1531169254630,1531169254625,1783000,0.00000949,1000.00000000,0
1531169255045,1531169255041,1783001,0.00000949,180.00000000,0
1531169255415,1531169255409,1783002,0.00000949,180.00000000,0
1531169255471,1531169255466,1783003,0.00000946,23346.00000000,1
1531169256659,1531169256656,1783004,0.00000948,2900.00000000,0
1531169257231,1531169257225,1783005,0.00000948,180.00000000,0
1531169257647,1531169257641,1783006,0.00000946,14384.00000000,1
1531169258202,1531169258195,1783007,0.00000946,2285.00000000,0
1531169258431,1531169258425,1783008,0.00000946,1084.00000000,0
1531169258919,1531169258913,1783009,0.00000949,2287.00000000,0
1531169260004,1531169259999,1783010,0.00000949,2158.00000000,0
1531169260004,1531169259999,1783011,0.00000950,129.00000000,0
1531169260696,1531169260689,1783012,0.00000950,477.00000000,0
1531169264621,1531169264616,1783013,0.00000950,860.00000000,0
1531169264670,1531169264664,1783014,0.00000950,140.00000000,0
1531169264830,1531169264824,1783015,0.00000945,415.00000000,1
1531169264876,1531169264871,1783016,0.00000952,180.00000000,0
1531169265707,1531169265700,1783017,0.00000952,559.00000000,0
1531169266209,1531169266203,1783018,0.00000952,338.00000000,0
1531169266209,1531169266203,1783019,0.00000953,80.00000000,0
1531169266644,1531169266638,1783020,0.00000953,385.00000000,0
1531169267210,1531169267204,1783021,0.00000953,289.00000000,0
1531169267678,1531169267673,1783022,0.00000953,207.00000000,0
1531169267678,1531169267673,1783023,0.00000954,9.00000000,0
1531169268897,1531169268892,1783024,0.00000954,1153.00000000,0
1531169276185,1531169276181,1783025,0.00000946,2830.00000000,1
1531169285087,1531169285082,1783026,0.00000950,1609.00000000,1
1531169286430,1531169286427,1783027,0.00000950,341.00000000,1
1531169288377,1531169288373,1783028,0.00000950,207.00000000,0
1531169288377,1531169288373,1783029,0.00000951,722.00000000,0
1531169288684,1531169288680,1783030,0.00000951,1000.00000000,0
1531169288700,1531169288693,1783031,0.00000951,371.00000000,0
1531169288776,1531169288772,1783032,0.00000951,503.00000000,0
1531169289621,1531169289614,1783033,0.00000951,377.00000000,0
1531169290214,1531169290210,1783034,0.00000951,448.00000000,0
1531169290787,1531169290781,1783035,0.00000945,758.00000000,1
1531169291331,1531169291325,1783036,0.00000951,335.00000000,0
1531169292307,1531169292301,1783037,0.00000951,251.00000000,0
1531169292998,1531169292993,1783038,0.00000951,188.00000000,0
1531169294224,1531169294218,1783039,0.00000951,180.00000000,0
1531169294655,1531169294650,1783040,0.00000951,180.00000000,0
1531169295759,1531169295755,1783041,0.00000951,246.00000000,0
1531169296646,1531169296643,1783042,0.00000951,184.00000000,0
1531169297316,1531169297309,1783043,0.00000945,11.00000000,1
1531169297634,1531169297628,1783044,0.00000951,180.00000000,0
1531169300261,1531169300253,1783045,0.00000951,368.00000000,0
1531169300261,1531169300253,1783046,0.00000956,839.00000000,0
1531169300443,1531169300437,1783047,0.00000956,1000.00000000,0
1531169300875,1531169300869,1783048,0.00000956,93.00000000,0
1531169303879,1531169303873,1783049,0.00000950,158.00000000,0
1531169305839,1531169305834,1783050,0.00000948,532.00000000,1
1531169311767,1531169311762,1783051,0.00000955,180.00000000,0
1531169312274,1531169312269,1783052,0.00000955,286.00000000,0
1531169313005,1531169312998,1783053,0.00000955,66.00000000,0
1531169313005,1531169312998,1783054,0.00000956,739.00000000,0
1531169313827,1531169313823,1783055,0.00000956,1762.00000000,0
1531169314182,1531169314176,1783056,0.00000956,2688.00000000,0
1531169314182,1531169314176,1783057,0.00000957,2599.00000000,0
1531169314196,1531169314190,1783058,0.00000957,1707.00000000,1
1531169315514,1531169315508,1783059,0.00000958,5917.00000000,0
1531169315581,1531169315579,1783060,0.00000958,3132.00000000,0
1531169318626,1531169318621,1783061,0.00000952,1725.00000000,1
1531169318626,1531169318621,1783062,0.00000950,4192.00000000,1
1531169318908,1531169318903,1783063,0.00000950,721.00000000,1
1531169318908,1531169318903,1783064,0.00000947,945.00000000,1
1531169335281,1531169335278,1783065,0.00000956,794.00000000,0
1531169348296,1531169348290,1783066,0.00000955,877.00000000,0
1531169353211,1531169353208,1783067,0.00000955,261.00000000,0
1531169353226,1531169353220,1783068,0.00000955,308.00000000,0
1531169353697,1531169353690,1783069,0.00000955,543.00000000,0
1531169368533,1531169368530,1783070,0.00000955,104.00000000,0
1531169391213,1531169391207,1783071,0.00000951,2820.00000000,1
1531169391259,1531169391252,1783072,0.00000951,739.00000000,1
1531169391259,1531169391253,1783073,0.00000951,738.00000000,1
1531169393887,1531169393883,1783074,0.00000951,334.00000000,1
1531169394693,1531169394687,1783075,0.00000951,141.00000000,0
1531169401484,1531169401477,1783076,0.00000947,623.00000000,1
1531169403865,1531169403860,1783077,0.00000947,126.00000000,0
1531169405868,1531169405865,1783078,0.00000946,2650.00000000,1
1531169405868,1531169405865,1783079,0.00000945,762.00000000,1
1531169405886,1531169405883,1783080,0.00000947,31496.00000000,0
1531169406242,1531169406236,1783081,0.00000951,2864.00000000,0
1531169407378,1531169407376,1783082,0.00000951,2291.00000000,0
1531169408955,1531169408949,1783083,0.00000951,126.00000000,0
1531169410876,1531169410870,1783084,0.00000951,1446.00000000,0
1531169415192,1531169415187,1783085,0.00000951,1573.00000000,0
1531169415409,1531169415403,1783086,0.00000951,296.00000000,0
1531169418791,1531169418785,1783087,0.00000951,1847.00000000,0
1531169418791,1531169418785,1783088,0.00000952,623.00000000,0
1531169418791,1531169418785,1783089,0.00000955,530.00000000,0
1531169419729,1531169419723,1783090,0.00000955,5238.00000000,0
1531169423006,1531169423002,1783091,0.00000956,1956.00000000,0
1531169423006,1531169423002,1783092,0.00000958,1044.00000000,0
1531169429238,1531169429232,1783093,0.00000957,1024.00000000,0
1531169435856,1531169435851,1783094,0.00000957,1909.00000000,0
1531169464582,1531169464580,1783095,0.00000956,269.00000000,0
1531169467580,1531169467574,1783096,0.00000952,973.00000000,1
1531169467756,1531169467751,1783097,0.00000952,319.00000000,1
1531169471715,1531169471710,1783098,0.00000954,524.00000000,0
1531169472887,1531169472883,1783099,0.00000953,496.00000000,0
1531169513833,1531169513827,1783100,0.00000953,3000.00000000,0
1531169517974,1531169517968,1783101,0.00000953,3000.00000000,0
1531169519474,1531169519468,1783102,0.00000952,352.00000000,1
1531169522242,1531169522240,1783103,0.00000953,3000.00000000,0
1531169524020,1531169524013,1783104,0.00000952,5164.00000000,1
1531169527341,1531169527336,1783105,0.00000953,3000.00000000,0
1531169532358,1531169532352,1783106,0.00000953,4443.00000000,0
1531169533338,1531169533334,1783107,0.00000954,3000.00000000,0
1531169533429,1531169533425,1783108,0.00000954,17237.00000000,0
1531169537788,1531169537783,1783109,0.00000956,3000.00000000,0
1531169541637,1531169541634,1783110,0.00000956,954.00000000,0
1531169552291,1531169552286,1783111,0.00000955,119.00000000,0
1531169555880,1531169555875,1783112,0.00000955,770.00000000,0
1531169555880,1531169555875,1783113,0.00000956,2230.00000000,0
1531169560540,1531169560534,1783114,0.00000956,3000.00000000,0
1531169564250,1531169564245,1783115,0.00000956,3000.00000000,0
1531169575068,1531169575065,1783116,0.00000956,18180.00000000,0
1531169593573,1531169593567,1783117,0.00000956,569.00000000,1
1531169593573,1531169593567,1783118,0.00000953,2431.00000000,1
1531169624826,1531169624820,1783119,0.00000958,149.00000000,0
1531169637748,1531169637742,1783120,0.00000958,954.00000000,0
1531169643160,1531169643155,1783121,0.00000958,716.00000000,0
1531169647610,1531169647604,1783122,0.00000957,679.00000000,0
1531169647610,1531169647604,1783123,0.00000958,275.00000000,0
1531169653625,1531169653619,1783124,0.00000958,259.00000000,0
1531169654637,1531169654628,1783125,0.00000958,1709.00000000,0
1531169668331,1531169668326,1783126,0.00000954,626.00000000,1
1531169669052,1531169669046,1783127,0.00000954,505.00000000,0
1531169683492,1531169683486,1783128,0.00000954,1709.00000000,1
1531169719285,1531169719280,1783129,0.00000957,208.00000000,0
1531169721730,1531169721724,1783130,0.00000957,1.00000000,0
1531169744648,1531169744641,1783131,0.00000954,974.00000000,1
1531169745351,1531169745346,1783132,0.00000954,5324.00000000,1
1531169752855,1531169752848,1783133,0.00000957,301.00000000,0
1531169818959,1531169818953,1783134,0.00000956,104.00000000,0
1531169825005,1531169824999,1783135,0.00000956,800.00000000,0
1531169891492,1531169891486,1783136,0.00000956,2649.00000000,0
1531169905835,1531169905829,1783137,0.00000957,18579.00000000,0
1531169906216,1531169906210,1783138,0.00000956,4607.00000000,1
1531169906946,1531169906941,1783139,0.00000956,1021.00000000,0
1531169982110,1531169982104,1783140,0.00000956,1018.00000000,1
1531169993635,1531169993629,1783141,0.00000956,5161.00000000,1
1531170022977,1531170022971,1783142,0.00000956,7770.00000000,1
1531170029099,1531170029094,1783143,0.00000955,732.00000000,0
1531170030313,1531170030307,1783144,0.00000955,732.00000000,0
1531170030527,1531170030521,1783145,0.00000955,732.00000000,0
1531170030736,1531170030730,1783146,0.00000955,732.00000000,0
1531170030937,1531170030932,1783147,0.00000955,732.00000000,0
1531170031133,1531170031128,1783148,0.00000955,732.00000000,0
1531170031316,1531170031311,1783149,0.00000955,2405.00000000,0
1531170031320,1531170031316,1783150,0.00000955,732.00000000,0
1531170031512,1531170031507,1783151,0.00000955,1971.00000000,0
1531170031512,1531170031507,1783152,0.00000956,434.00000000,0
1531170032702,1531170032697,1783153,0.00000956,2405.00000000,0
1531170032916,1531170032910,1783154,0.00000956,2405.00000000,0
1531170033162,1531170033159,1783155,0.00000956,2405.00000000,0
1531170033412,1531170033408,1783156,0.00000956,2405.00000000,0
1531170042244,1531170042241,1783157,0.00000956,358.00000000,0
1531170090273,1531170090268,1783158,0.00000954,125.00000000,1
1531170383914,1531170383908,1783159,0.00000954,1963.00000000,1
1531170390313,1531170390308,1783160,0.00000953,5021.00000000,1
1531170390786,1531170390780,1783161,0.00000953,281.00000000,1
1531170419635,1531170419631,1783162,0.00000956,7060.00000000,0
1531170426337,1531170426332,1783163,0.00000956,2354.00000000,0
1531170437971,1531170437966,1783164,0.00000956,1975.00000000,0
1531170439344,1531170439339,1783165,0.00000956,1478.00000000,0
1531170440121,1531170440118,1783166,0.00000956,1106.00000000,0
1531170440633,1531170440629,1783167,0.00000956,828.00000000,0
1531170441524,1531170441518,1783168,0.00000956,619.00000000,0
1531170441976,1531170441971,1783169,0.00000956,463.00000000,0
1531170442388,1531170442383,1783170,0.00000956,347.00000000,0
1531170443346,1531170443340,1783171,0.00000956,260.00000000,0
1531170443791,1531170443785,1783172,0.00000956,195.00000000,0
1531170443791,1531170443785,1783173,0.00000957,834.00000000,0
1531170443791,1531170443785,1783174,0.00000958,624.00000000,0
1531170443791,1531170443785,1783175,0.00000959,1247.00000000,0
1531170444307,1531170444302,1783176,0.00000959,2900.00000000,0
1531170445251,1531170445245,1783177,0.00000959,2900.00000000,0
1531170446453,1531170446448,1783178,0.00000957,2900.00000000,0
1531170446939,1531170446934,1783179,0.00000957,2847.00000000,0
1531170447614,1531170447609,1783180,0.00000957,2130.00000000,0
1531170448321,1531170448314,1783181,0.00000957,1594.00000000,0
1531170449300,1531170449293,1783182,0.00000957,1193.00000000,0
1531170449754,1531170449748,1783183,0.00000957,892.00000000,0
1531170450305,1531170450301,1783184,0.00000957,668.00000000,0
1531170450993,1531170450988,1783185,0.00000957,500.00000000,0
1531170451500,1531170451494,1783186,0.00000957,374.00000000,0
1531170452328,1531170452323,1783187,0.00000957,280.00000000,0
1531170453804,1531170453799,1783188,0.00000957,209.00000000,0
1531170454296,1531170454290,1783189,0.00000957,180.00000000,0
1531170455319,1531170455316,1783190,0.00000957,180.00000000,0
1531170455757,1531170455750,1783191,0.00000957,180.00000000,0
1531170461821,1531170461816,1783192,0.00000957,2900.00000000,0
1531170462730,1531170462723,1783193,0.00000957,2900.00000000,0
1531170463301,1531170463295,1783194,0.00000957,2393.00000000,0
1531170463828,1531170463823,1783195,0.00000957,1790.00000000,0
1531170464348,1531170464342,1783196,0.00000957,1340.00000000,0
1531170465314,1531170465308,1783197,0.00000956,1002.00000000,0
1531170466317,1531170466311,1783198,0.00000957,750.00000000,0
1531170467424,1531170467418,1783199,0.00000954,426.00000000,0
1531170467424,1531170467418,1783200,0.00000957,135.00000000,0
1531170468359,1531170468353,1783201,0.00000953,200.00000000,1
1531170468389,1531170468384,1783202,0.00000957,420.00000000,0
1531170469040,1531170469036,1783203,0.00000957,314.00000000,0
1531170469808,1531170469805,1783204,0.00000957,235.00000000,0
1531170470333,1531170470330,1783205,0.00000957,180.00000000,0
1531170470754,1531170470752,1783206,0.00000957,180.00000000,0
1531170471099,1531170471094,1783207,0.00000957,180.00000000,0
1531170476825,1531170476823,1783208,0.00000957,2900.00000000,0
1531170477726,1531170477720,1783209,0.00000957,2900.00000000,0
1531170478336,1531170478331,1783210,0.00000957,2900.00000000,0
1531170479353,1531170479347,1783211,0.00000957,2900.00000000,0
1531170479953,1531170479947,1783212,0.00000957,2900.00000000,0
1531170486318,1531170486313,1783213,0.00000957,1036.00000000,0
1531170492332,1531170492329,1783214,0.00000957,1293.00000000,0
1531170497113,1531170497108,1783215,0.00000956,200.00000000,1
1531170497380,1531170497375,1783216,0.00000956,66.00000000,1
1531170521277,1531170521271,1783217,0.00000955,70.00000000,0
1531170524439,1531170524434,1783218,0.00000955,288.00000000,1
1531170577762,1531170577758,1783219,0.00000953,974.00000000,1
1531170577800,1531170577794,1783220,0.00000953,415.00000000,1
1531170577824,1531170577817,1783221,0.00000953,18392.00000000,1
1531170577824,1531170577817,1783222,0.00000950,2224.00000000,1
1531170577867,1531170577861,1783223,0.00000952,14888.00000000,1
1531170577867,1531170577861,1783224,0.00000950,5925.00000000,1
1531170578082,1531170578076,1783225,0.00000950,7903.00000000,1
1531170598778,1531170598772,1783226,0.00000955,72.00000000,0
1531170602617,1531170602610,1783227,0.00000955,2891.00000000,0
1531170608562,1531170608556,1783228,0.00000954,1596.00000000,0
1531170608562,1531170608556,1783229,0.00000955,1404.00000000,0
1531170613421,1531170613414,1783230,0.00000955,2579.00000000,0
1531170618568,1531170618561,1783231,0.00000951,839.00000000,1
1531170618568,1531170618561,1783232,0.00000950,1740.00000000,1
1531170618768,1531170618763,1783233,0.00000955,1899.00000000,0
1531170697093,1531170697090,1783234,0.00000954,260.00000000,0
1531170722496,1531170722492,1783235,0.00000954,6005.00000000,0
1531170722521,1531170722515,1783236,0.00000954,1048.00000000,0
1531170722547,1531170722541,1783237,0.00000954,3145.00000000,0
1531170723065,1531170723060,1783238,0.00000950,1048.00000000,1
1531170725641,1531170725636,1783239,0.00000950,3948.00000000,1
1531170725641,1531170725636,1783240,0.00000948,1032.00000000,1
1531170725641,1531170725636,1783241,0.00000947,1025.00000000,1
1531170820088,1531170820084,1783242,0.00000950,142.00000000,1
1531170827658,1531170827653,1783243,0.00000953,837.00000000,0
1531170827658,1531170827653,1783244,0.00000954,103.00000000,0
1531170889972,1531170889967,1783245,0.00000954,3000.00000000,0
1531170894926,1531170894921,1783246,0.00000954,3000.00000000,0
1531170903842,1531170903837,1783247,0.00000954,1954.00000000,0
1531170908073,1531170908066,1783248,0.00000953,1741.00000000,0
1531170908073,1531170908066,1783249,0.00000954,213.00000000,0
1531170937099,1531170937075,1783250,0.00000950,1954.00000000,1
1531171019030,1531171019024,1783251,0.00000950,135.00000000,1
1531171038300,1531171038296,1783252,0.00000954,140.00000000,0
1531171114911,1531171114906,1783253,0.00000954,7197.00000000,0
1531171175841,1531171175836,1783254,0.00000954,127.00000000,0
1531171244411,1531171244406,1783255,0.00000953,105.00000000,0
1531171248042,1531171248041,1783256,0.00000950,299.00000000,1
1531171254030,1531171254026,1783257,0.00000950,272.00000000,1
1531171258801,1531171258799,1783258,0.00000950,190.00000000,1
1531171262901,1531171262896,1783259,0.00000950,133.00000000,1
1531171277209,1531171277206,1783260,0.00000950,205.00000000,1
1531171287495,1531171287491,1783261,0.00000950,299.00000000,1
1531171370613,1531171370607,1783262,0.00000950,4410.00000000,1
1531171402561,1531171402556,1783263,0.00000953,2900.00000000,0
1531171403786,1531171403780,1783264,0.00000953,2207.00000000,0
1531171404372,1531171404367,1783265,0.00000953,1651.00000000,0
1531171404901,1531171404896,1783266,0.00000953,1599.00000000,0
1531171404901,1531171404896,1783267,0.00000954,1301.00000000,0
1531171405723,1531171405719,1783268,0.00000954,2900.00000000,0
1531171406486,1531171406481,1783269,0.00000954,2900.00000000,0
1531171407050,1531171407046,1783270,0.00000954,2900.00000000,0
1531171407744,1531171407740,1783271,0.00000954,2495.00000000,0
1531171408389,1531171408383,1783272,0.00000954,1867.00000000,0
1531171409109,1531171409103,1783273,0.00000954,1397.00000000,0
1531171409775,1531171409772,1783274,0.00000954,1045.00000000,0
1531171410190,1531171410186,1783275,0.00000954,782.00000000,0
1531171411498,1531171411493,1783276,0.00000954,585.00000000,0
1531171411919,1531171411914,1783277,0.00000954,438.00000000,0
1531171412387,1531171412382,1783278,0.00000954,328.00000000,0
1531171413165,1531171413160,1783279,0.00000954,245.00000000,0
1531171413659,1531171413656,1783280,0.00000954,183.00000000,0
1531171414478,1531171414473,1783281,0.00000954,180.00000000,0
1531171415378,1531171415374,1783282,0.00000954,180.00000000,0
1531171419851,1531171419846,1783283,0.00000954,298.00000000,0
1531171444988,1531171444986,1783284,0.00000954,1300.00000000,0
1531171445268,1531171445263,1783285,0.00000954,1000.00000000,0
1531171445850,1531171445844,1783286,0.00000954,2314.00000000,0
1531171446641,1531171446636,1783287,0.00000954,2900.00000000,0
1531171447300,1531171447298,1783288,0.00000954,2900.00000000,0
1531171448352,1531171448348,1783289,0.00000954,2900.00000000,0
1531171448756,1531171448752,1783290,0.00000954,2477.00000000,0
1531171449109,1531171449105,1783291,0.00000954,1853.00000000,0
1531171449469,1531171449465,1783292,0.00000954,1387.00000000,0
1531171450211,1531171450207,1783293,0.00000954,1037.00000000,0
1531171452231,1531171452226,1783294,0.00000954,776.00000000,0
1531171454968,1531171454966,1783295,0.00000954,581.00000000,0
1531171456639,1531171456637,1783296,0.00000954,435.00000000,0
1531171457648,1531171457643,1783297,0.00000954,325.00000000,0
1531171458375,1531171458371,1783298,0.00000954,243.00000000,0
1531171459381,1531171459374,1783299,0.00000954,2900.00000000,0
1531171460354,1531171460349,1783300,0.00000954,2900.00000000,0
1531171460727,1531171460722,1783301,0.00000954,2900.00000000,0
1531171463359,1531171463353,1783302,0.00000954,395.00000000,0
1531171533390,1531171533386,1783303,0.00000954,303.00000000,0
1531171533422,1531171533417,1783304,0.00000954,1000.00000000,0
1531171533777,1531171533773,1783305,0.00000954,303.00000000,0
1531171535814,1531171535810,1783306,0.00000954,303.00000000,0
1531171536377,1531171536372,1783307,0.00000954,392.00000000,0
1531171586216,1531171586211,1783308,0.00000954,115.00000000,0
1531171670974,1531171670970,1783309,0.00000950,6111.00000000,1
1531171670974,1531171670970,1783310,0.00000949,8645.00000000,1
1531171705499,1531171705494,1783311,0.00000950,25.00000000,1
1531171798415,1531171798399,1783312,0.00000950,209.00000000,1
1531171798415,1531171798399,1783313,0.00000949,16454.00000000,1
1531171798415,1531171798399,1783314,0.00000948,2750.00000000,1
1531171798415,1531171798399,1783315,0.00000947,1272.00000000,1
1531171798415,1531171798399,1783316,0.00000946,1250.00000000,1
1531171798415,1531171798399,1783317,0.00000945,439.00000000,1
1531171798415,1531171798399,1783318,0.00000944,5513.00000000,1
1531171798415,1531171798399,1783319,0.00000943,14477.00000000,1
1531171798415,1531171798399,1783320,0.00000942,8218.00000000,1
1531171798415,1531171798399,1783321,0.00000941,14057.00000000,1
1531171798918,1531171798913,1783322,0.00000944,530.00000000,1
1531171798953,1531171798948,1783323,0.00000944,604.00000000,1
1531171798983,1531171798979,1783324,0.00000946,328.00000000,0
1531171799304,1531171799299,1783325,0.00000944,159.00000000,0
1531171799446,1531171799441,1783326,0.00000946,497.00000000,0
1531171800021,1531171800017,1783327,0.00000946,328.00000000,0
1531171801628,1531171801622,1783328,0.00000945,261.00000000,0
1531171801958,1531171801953,1783329,0.00000945,915.00000000,0
1531171802579,1531171802576,1783330,0.00000945,210.00000000,0
1531171803571,1531171803565,1783331,0.00000945,147.00000000,0
1531171803660,1531171803655,1783332,0.00000945,126.00000000,0
1531171803690,1531171803686,1783333,0.00000945,1058.00000000,0
1531171810240,1531171810236,1783334,0.00000944,132.00000000,1
1531171810301,1531171810297,1783335,0.00000944,199.00000000,0
1531171810697,1531171810692,1783336,0.00000944,1059.00000000,0
1531171810745,1531171810739,1783337,0.00000944,1156.00000000,0
1531171811750,1531171811748,1783338,0.00000944,573.00000000,0
1531171813250,1531171813244,1783339,0.00000944,1705.00000000,0
1531171813335,1531171813330,1783340,0.00000944,1.00000000,0
1531171815102,1531171815097,1783341,0.00000944,1050.00000000,1
1531171825247,1531171825243,1783342,0.00000944,210.00000000,1
1531171825247,1531171825243,1783343,0.00000943,551.00000000,1
1531171831891,1531171831887,1783344,0.00000944,2431.00000000,0
1531171831974,1531171831969,1783345,0.00000944,1036.00000000,0
1531171832088,1531171832084,1783346,0.00000945,2431.00000000,0
1531171832318,1531171832315,1783347,0.00000945,2431.00000000,0
1531171832510,1531171832506,1783348,0.00000945,1913.00000000,0
1531171832510,1531171832506,1783349,0.00000946,518.00000000,0
1531171832716,1531171832711,1783350,0.00000946,2431.00000000,0
1531171832919,1531171832915,1783351,0.00000944,222.00000000,0
1531171832919,1531171832915,1783352,0.00000946,1959.00000000,0
1531171834074,1531171834069,1783353,0.00000947,709.00000000,0
1531171836076,1531171836073,1783354,0.00000947,633.00000000,0
1531171839798,1531171839793,1783355,0.00000948,126.00000000,0
1531171841498,1531171841495,1783356,0.00000946,127.00000000,1
1531171847064,1531171847060,1783357,0.00000947,224.00000000,0
1531171848065,1531171848060,1783358,0.00000947,137.00000000,0
1531171848219,1531171848214,1783359,0.00000946,6065.00000000,1
1531171853540,1531171853534,1783360,0.00000946,321.00000000,1
1531171853693,1531171853691,1783361,0.00000946,107.00000000,1
1531171866749,1531171866745,1783362,0.00000946,14.00000000,1
1531171867077,1531171867072,1783363,0.00000945,515.00000000,0
1531171908945,1531171908939,1783364,0.00000945,631.00000000,1
1531171909215,1531171909212,1783365,0.00000945,737.00000000,0
1531171913218,1531171913214,1783366,0.00000945,551.00000000,0
1531171924379,1531171924375,1783367,0.00000948,2318.00000000,0
1531171938933,1531171938929,1783368,0.00000948,2142.00000000,0
1531171968001,1531171968000,1783369,0.00000944,1607.00000000,1
1531171968001,1531171968000,1783370,0.00000943,535.00000000,1
1531172041140,1531172041136,1783371,0.00000943,6226.00000000,1
1531172056092,1531172056090,1783372,0.00000943,194.00000000,1
1531172104371,1531172104368,1783373,0.00000945,126.00000000,0
1531172105609,1531172105604,1783374,0.00000943,4317.00000000,1
1531172124659,1531172124654,1783375,0.00000945,3000.00000000,0
1531172169234,1531172169229,1783376,0.00000945,974.00000000,0
1531172173660,1531172173657,1783377,0.00000945,606.00000000,0
1531172173666,1531172173661,1783378,0.00000945,344.00000000,0
1531172173682,1531172173678,1783379,0.00000945,264.00000000,0
1531172241912,1531172241909,1783380,0.00000945,622.00000000,0
1531172357925,1531172357920,1783381,0.00000945,506.00000000,0
1531172404604,1531172404601,1783382,0.00000945,126.00000000,0
1531172425154,1531172425149,1783383,0.00000945,1586.00000000,0
1531172448749,1531172448745,1783384,0.00000945,1214.00000000,0
1531172468218,1531172468214,1783385,0.00000943,115.00000000,1
1531172479299,1531172479295,1783386,0.00000945,14825.00000000,0
1531172487596,1531172487591,1783387,0.00000945,34825.00000000,0
1531172488600,1531172488596,1783388,0.00000947,1175.00000000,0
1531172493755,1531172493750,1783389,0.00000947,16.00000000,0
1531172493755,1531172493750,1783390,0.00000949,1153.00000000,0
1531172495018,1531172495012,1783391,0.00000949,2162.00000000,0
1531172495018,1531172495012,1783392,0.00000950,391.00000000,0
1531172495018,1531172495012,1783393,0.00000951,347.00000000,0
1531172495563,1531172495559,1783394,0.00000951,1008.00000000,0
1531172496061,1531172496057,1783395,0.00000951,1008.00000000,0
1531172496589,1531172496585,1783396,0.00000951,165.00000000,0
1531172496589,1531172496585,1783397,0.00000952,15.00000000,0
1531172497801,1531172497798,1783398,0.00000950,741.00000000,0
1531172498297,1531172498292,1783399,0.00000950,99.00000000,0
1531172498297,1531172498292,1783400,0.00000951,642.00000000,0
1531172498720,1531172498714,1783401,0.00000951,157.00000000,0
1531172498720,1531172498714,1783402,0.00000952,299.00000000,0
1531172499365,1531172499362,1783403,0.00000952,456.00000000,0
1531172500106,1531172500101,1783404,0.00000952,1647.00000000,0
1531172500165,1531172500162,1783405,0.00000947,842.00000000,1
1531172500196,1531172500192,1783406,0.00000946,842.00000000,1
1531172500578,1531172500574,1783407,0.00000951,842.00000000,0
1531172500578,1531172500574,1783408,0.00000952,1436.00000000,0
1531172544359,1531172544356,1783409,0.00000951,1.00000000,0
1531172559816,1531172559813,1783410,0.00000951,369.00000000,0
1531172560665,1531172560662,1783411,0.00000951,341.00000000,0
1531172583899,1531172583897,1783412,0.00000947,1755.00000000,1
1531172585284,1531172585280,1783413,0.00000951,88.00000000,0
1531172585284,1531172585280,1783414,0.00000952,912.00000000,0
1531172587091,1531172587087,1783415,0.00000952,88.00000000,0
1531172587587,1531172587583,1783416,0.00000952,187.00000000,0
1531172588767,1531172588763,1783417,0.00000952,180.00000000,0
1531172592735,1531172592731,1783418,0.00000952,404.00000000,0
1531172593744,1531172593739,1783419,0.00000952,218.00000000,0
1531172594595,1531172594591,1783420,0.00000952,180.00000000,0
1531172600792,1531172600789,1783421,0.00000952,73.00000000,0
1531172600792,1531172600789,1783422,0.00000953,471.00000000,0
1531172602220,1531172602215,1783423,0.00000953,398.00000000,0
1531172628185,1531172628181,1783424,0.00000952,166.00000000,0
1531172639582,1531172639578,1783425,0.00000952,1000.00000000,0
1531172639601,1531172639598,1783426,0.00000952,1300.00000000,0
1531172714332,1531172714329,1783427,0.00000952,1000.00000000,0
1531172714338,1531172714337,1783428,0.00000952,1300.00000000,0
1531172726069,1531172726066,1783429,0.00000952,180.00000000,0
1531172778812,1531172778808,1783430,0.00000952,1063.00000000,0
1531172808271,1531172808267,1783431,0.00000953,3843.00000000,0
1531172836195,1531172836191,1783432,0.00000953,1396.00000000,0
1531172840707,1531172840703,1783433,0.00000953,20428.00000000,0
1531172845137,1531172845134,1783434,0.00000953,9171.00000000,0
1531172868138,1531172868133,1783435,0.00000953,1000.00000000,0
1531172904405,1531172904402,1783436,0.00000952,202.00000000,1
1531172964968,1531172964965,1783437,0.00000952,1292.00000000,1
1531173055665,1531173055662,1783438,0.00000952,596.00000000,1
1531173118236,1531173118233,1783439,0.00000952,3042.00000000,1
1531173134479,1531173134475,1783440,0.00000953,419.00000000,0
1531173232063,1531173232060,1783441,0.00000952,120.00000000,1
1531173232063,1531173232060,1783442,0.00000950,299.00000000,1
1531173272366,1531173272362,1783443,0.00000953,7410.00000000,0
1531173326482,1531173326479,1783444,0.00000954,3778.00000000,0
1531173372323,1531173372319,1783445,0.00000954,406.00000000,1
1531173372685,1531173372681,1783446,0.00000953,33983.00000000,1
1531173374312,1531173374309,1783447,0.00000952,838.00000000,1
1531173439504,1531173439499,1783448,0.00000955,835.00000000,0
1531173439504,1531173439499,1783449,0.00000956,2745.00000000,0
1531173439504,1531173439499,1783450,0.00000957,7241.00000000,0
1531173440208,1531173440204,1783451,0.00000950,1050.00000000,1
1531173440595,1531173440592,1783452,0.00000949,7037.00000000,1
1531173440963,1531173440961,1783453,0.00000951,839.00000000,1
1531173445347,1531173445344,1783454,0.00000946,6405.00000000,1
1531173445347,1531173445344,1783455,0.00000945,2736.00000000,1
1531173445987,1531173445982,1783456,0.00000947,4705.00000000,1
1531173445987,1531173445982,1783457,0.00000946,635.00000000,1
1531173445987,1531173445982,1783458,0.00000945,5071.00000000,1
1531173445987,1531173445982,1783459,0.00000944,3543.00000000,1
1531173445987,1531173445982,1783460,0.00000943,4796.00000000,1
1531173452663,1531173452660,1783461,0.00000944,623.00000000,0
1531173455339,1531173455335,1783462,0.00000944,3138.00000000,0
1531173457164,1531173457161,1783463,0.00000944,1934.00000000,0
1531173457349,1531173457346,1783464,0.00000945,665.00000000,0
1531173464220,1531173464217,1783465,0.00000947,117.00000000,0
1531173465854,1531173465851,1783466,0.00000947,725.00000000,0
1531173465854,1531173465851,1783467,0.00000948,59.00000000,0
1531173467653,1531173467650,1783468,0.00000948,78.00000000,0
1531173469836,1531173469831,1783469,0.00000948,2093.00000000,1
1531173469836,1531173469831,1783470,0.00000947,725.00000000,1
1531173469836,1531173469831,1783471,0.00000945,1875.00000000,1
1531173469836,1531173469831,1783472,0.00000944,6389.00000000,1
1531173469836,1531173469831,1783473,0.00000943,3747.00000000,1
1531173469836,1531173469831,1783474,0.00000942,2268.00000000,1
1531173469836,1531173469831,1783475,0.00000941,211.00000000,1
1531173469836,1531173469831,1783476,0.00000940,2992.00000000,1
1531173469836,1531173469831,1783477,0.00000940,407.00000000,1
1531173470522,1531173470518,1783478,0.00000948,158.00000000,0
1531173472340,1531173472335,1783479,0.00000942,525.00000000,0
1531173487777,1531173487774,1783480,0.00000941,322.00000000,1
1531173497853,1531173497849,1783481,0.00000941,2917.00000000,1
1531173497853,1531173497849,1783482,0.00000940,26842.00000000,1
1531173498138,1531173498136,1783483,0.00000939,919.00000000,1
1531173498181,1531173498178,1783484,0.00000940,596.00000000,0
1531173499705,1531173499702,1783485,0.00000940,4702.00000000,0
1531173500011,1531173500008,1783486,0.00000940,3.00000000,0
1531173500011,1531173500008,1783487,0.00000941,144.00000000,0
1531173500855,1531173500851,1783488,0.00000939,6.00000000,1
1531173501326,1531173501323,1783489,0.00000941,322.00000000,0
1531173501633,1531173501629,1783490,0.00000942,520.00000000,0
1531173504250,1531173504248,1783491,0.00000948,423.00000000,0
1531173508234,1531173508230,1783492,0.00000942,108.00000000,1
1531173577316,1531173577313,1783493,0.00000944,423.00000000,1
1531173577712,1531173577709,1783494,0.00000944,118.00000000,1
1531173584296,1531173584294,1783495,0.00000944,307.00000000,0
1531173591479,1531173591475,1783496,0.00000944,161.00000000,0
1531173603163,1531173603161,1783497,0.00000944,127.00000000,0
1531173635103,1531173635100,1783498,0.00000944,212.00000000,0
1531173635985,1531173635983,1783499,0.00000944,3177.00000000,0
1531173636632,1531173636629,1783500,0.00000943,3470.00000000,1
1531173636632,1531173636629,1783501,0.00000942,211.00000000,1
1531173637097,1531173637093,1783502,0.00000940,3074.00000000,1
1531173643236,1531173643233,1783503,0.00000943,116.00000000,1
1531173643607,1531173643605,1783504,0.00000941,425.00000000,1
1531173643980,1531173643977,1783505,0.00000940,744.00000000,1
1531173649161,1531173649158,1783506,0.00000944,424.00000000,0
1531173690105,1531173690102,1783507,0.00000944,8115.00000000,0
1531173690106,1531173690102,1783508,0.00000944,22.00000000,0
1531173691367,1531173691365,1783509,0.00000944,2093.00000000,1
1531173691726,1531173691725,1783510,0.00000940,5077.00000000,1
1531173691941,1531173691939,1783511,0.00000944,5063.00000000,0
1531173692093,1531173692090,1783512,0.00000939,3997.00000000,1
1531173692643,1531173692640,1783513,0.00000944,14.00000000,0
1531173692643,1531173692640,1783514,0.00000945,539.00000000,0
1531173693586,1531173693583,1783515,0.00000945,4532.00000000,0
1531173693900,1531173693897,1783516,0.00000945,5.00000000,0
1531173694354,1531173694350,1783517,0.00000946,925.00000000,0
1531173723391,1531173723389,1783518,0.00000948,117.00000000,0
1531173723391,1531173723389,1783519,0.00000949,200.00000000,0
1531173805379,1531173805377,1783520,0.00000949,666.00000000,0
1531173834599,1531173834596,1783521,0.00000947,7115.00000000,1
1531173835523,1531173835521,1783522,0.00000947,2885.00000000,0
1531173876430,1531173876428,1783523,0.00000945,4470.00000000,1
1531173903535,1531173903533,1783524,0.00000949,126.00000000,0
1531173906550,1531173906537,1783525,0.00000945,613.00000000,1
1531173906550,1531173906537,1783526,0.00000943,625.00000000,1
1531173906550,1531173906537,1783527,0.00000942,5650.00000000,1
1531173906550,1531173906537,1783528,0.00000941,5773.00000000,1
1531173906550,1531173906537,1783529,0.00000940,4267.00000000,1
1531173906550,1531173906537,1783530,0.00000939,3932.00000000,1
1531173906550,1531173906537,1783531,0.00000938,15059.00000000,1
1531173906550,1531173906537,1783532,0.00000937,20138.00000000,1
1531173906565,1531173906563,1783533,0.00000937,27728.00000000,0
1531173906566,1531173906563,1783534,0.00000937,7403.00000000,0
1531173906574,1531173906571,1783535,0.00000937,7405.00000000,0
1531173906581,1531173906579,1783536,0.00000937,1067.00000000,0
1531173906589,1531173906585,1783537,0.00000937,7410.00000000,0
1531173906591,1531173906587,1783538,0.00000937,7405.00000000,0
1531173906595,1531173906592,1783539,0.00000937,56319.00000000,0
1531173909526,1531173909523,1783540,0.00000941,143.00000000,0
1531173912386,1531173912384,1783541,0.00000940,5804.00000000,0
1531173912441,1531173912438,1783542,0.00000941,210.00000000,0
1531173912715,1531173912712,1783543,0.00000941,392.00000000,0
1531173914390,1531173914386,1783544,0.00000940,628.00000000,0
1531173914917,1531173914913,1783545,0.00000938,746.00000000,1
1531173954871,1531173954866,1783546,0.00000939,108.00000000,1
1531173957396,1531173957391,1783547,0.00000941,4212.00000000,0
1531173965405,1531173965402,1783548,0.00000942,159.00000000,0
1531173973396,1531173973393,1783549,0.00000943,1047.00000000,0
1531174079198,1531174079196,1783550,0.00000941,470.00000000,1
1531174085429,1531174085426,1783551,0.00000941,6264.00000000,1
1531174088410,1531174088406,1783552,0.00000943,1000.00000000,0
1531174144654,1531174144651,1783553,0.00000942,111.00000000,0
1531174203724,1531174203721,1783554,0.00000942,127.00000000,0
1531174226510,1531174226506,1783555,0.00000942,872.00000000,0
1531174277745,1531174277741,1783556,0.00000943,7435.00000000,0
1531174277745,1531174277741,1783557,0.00000944,4027.00000000,0
1531174277772,1531174277770,1783558,0.00000944,1288.00000000,1
1531174278588,1531174278585,1783559,0.00000945,5337.00000000,0
1531174278597,1531174278595,1783560,0.00000944,1288.00000000,1
1531174279517,1531174279515,1783561,0.00000946,6445.00000000,0
1531174280687,1531174280685,1783562,0.00000947,1898.00000000,0
1531174282683,1531174282680,1783563,0.00000948,4751.00000000,0
1531174284417,1531174284414,1783564,0.00000949,3583.00000000,0
1531174292586,1531174292584,1783565,0.00000951,1155.00000000,0
1531174308431,1531174308428,1783566,0.00000952,1870.00000000,0
1531174319577,1531174319573,1783567,0.00000952,166.00000000,0
1531174454403,1531174454400,1783568,0.00000948,1093.00000000,1
1531174454928,1531174454926,1783569,0.00000947,156.00000000,1
1531174455582,1531174455578,1783570,0.00000947,937.00000000,0
1531174455979,1531174455975,1783571,0.00000946,159.00000000,1
1531174456590,1531174456586,1783572,0.00000948,3703.00000000,0
1531174458444,1531174458442,1783573,0.00000950,315.00000000,0
1531174828974,1531174828971,1783574,0.00000950,1000.00000000,1
1531174850457,1531174850455,1783575,0.00000951,1031.00000000,0
1531174869242,1531174869240,1783576,0.00000950,300.00000000,1
1531174873478,1531174873476,1783577,0.00000950,187.00000000,1
1531174947692,1531174947690,1783578,0.00000952,2494.00000000,0
1531175044464,1531175044460,1783579,0.00000952,2564.00000000,0
1531175051522,1531175051520,1783580,0.00000951,930.00000000,1
1531175051522,1531175051520,1783581,0.00000950,12875.00000000,1
1531175065130,1531175065128,1783582,0.00000950,1438.00000000,1
1531175170750,1531175170749,1783583,0.00000952,179.00000000,0
1531175193439,1531175193437,1783584,0.00000949,479.00000000,1
1531175195743,1531175195742,1783585,0.00000949,362.00000000,1
1531175268341,1531175268340,1783586,0.00000947,424.00000000,1
1531175607694,1531175607691,1783587,0.00000947,418.00000000,1
1531175607694,1531175607691,1783588,0.00000943,3460.00000000,1
1531175686392,1531175686391,1783589,0.00000951,500.00000000,0
1531175711025,1531175711023,1783590,0.00000951,505.00000000,0
1531175714400,1531175714398,1783591,0.00000947,322.00000000,1
1531175714757,1531175714755,1783592,0.00000947,520.00000000,1
1531175714795,1531175714794,1783593,0.00000947,108.00000000,0
1531175730431,1531175730429,1783594,0.00000951,509.00000000,0
1531175741323,1531175741321,1783595,0.00000951,377.00000000,0
1531175749944,1531175749943,1783596,0.00000946,322.00000000,1
1531175749960,1531175749958,1783597,0.00000948,971.00000000,0
1531175750960,1531175750958,1783598,0.00000948,2.00000000,0
1531175750960,1531175750958,1783599,0.00000949,512.00000000,0
1531175772191,1531175772189,1783600,0.00000949,519.00000000,0
1531175788412,1531175788411,1783601,0.00000949,524.00000000,0
1531175790992,1531175790991,1783602,0.00000948,1351.00000000,0
1531175831133,1531175831131,1783603,0.00000948,5381.00000000,0
1531175848825,1531175848823,1783604,0.00000947,528.00000000,1
1531175880262,1531175880260,1783605,0.00000946,521.00000000,1
1531175880262,1531175880260,1783606,0.00000943,3159.00000000,1
1531175932376,1531175932374,1783607,0.00000946,653.00000000,0
1531175940175,1531175940173,1783608,0.00000946,1057.00000000,0
1531175953387,1531175953386,1783609,0.00000945,462.00000000,1
1531175953411,1531175953410,1783610,0.00000945,433.00000000,0
1531175953432,1531175953430,1783611,0.00000945,1490.00000000,0
1531175953435,1531175953434,1783612,0.00000945,149.00000000,0
1531175988386,1531175988384,1783613,0.00000942,124.00000000,1
1531176003056,1531176003053,1783614,0.00000946,126.00000000,0
1531176021754,1531176021752,1783615,0.00000946,116.00000000,0
1531176023933,1531176023927,1783616,0.00000946,126.00000000,0
1531176075227,1531176075226,1783617,0.00000943,580.00000000,1
1531176077122,1531176077121,1783618,0.00000943,373.00000000,1
1531176206897,1531176206896,1783619,0.00000942,1591.00000000,1
1531176266637,1531176266634,1783620,0.00000943,2034.00000000,0
1531176266637,1531176266634,1783621,0.00000944,4261.00000000,0
1531176302683,1531176302682,1783622,0.00000944,127.00000000,0
1531176432756,1531176432754,1783623,0.00000941,638.00000000,1
1531176432756,1531176432754,1783624,0.00000940,2362.00000000,1
1531176432756,1531176432754,1783625,0.00000939,1543.00000000,1
1531176485512,1531176485511,1783626,0.00000943,189.00000000,0
1531176485536,1531176485535,1783627,0.00000943,527.00000000,0
1531176498358,1531176498357,1783628,0.00000941,322.00000000,1
1531176577360,1531176577358,1783629,0.00000941,1225.00000000,1
1531176590226,1531176590224,1783630,0.00000941,597.00000000,1
1531176590318,1531176590317,1783631,0.00000941,1479.00000000,1
1531176594465,1531176594464,1783632,0.00000942,1053.00000000,0
1531176603404,1531176603403,1783633,0.00000941,127.00000000,0
1531176604987,1531176604987,1783634,0.00000941,10628.00000000,0
1531176651974,1531176651971,1783635,0.00000939,831.00000000,1
1531176651974,1531176651971,1783636,0.00000938,759.00000000,1
1531176651974,1531176651971,1783637,0.00000937,12435.00000000,1
1531176652721,1531176652720,1783638,0.00000940,875.00000000,1
1531176654280,1531176654278,1783639,0.00000937,525.00000000,1
1531176700560,1531176700558,1783640,0.00000937,108.00000000,1
1531176720783,1531176720782,1783641,0.00000937,660.00000000,1
1531176722326,1531176722324,1783642,0.00000937,6348.00000000,1
1531176725738,1531176725736,1783643,0.00000940,243.00000000,1
1531176730370,1531176730369,1783644,0.00000941,1000.00000000,0
1531176730431,1531176730431,1783645,0.00000941,300.00000000,0
1531176731043,1531176731042,1783646,0.00000941,1000.00000000,0
1531176731046,1531176731046,1783647,0.00000941,300.00000000,0
1531176780452,1531176780449,1783648,0.00000940,5618.00000000,0
1531176780452,1531176780449,1783649,0.00000941,1523.00000000,0
1531176780452,1531176780449,1783650,0.00000942,2021.00000000,0
1531176780452,1531176780449,1783651,0.00000943,223.00000000,0
1531176786359,1531176786357,1783652,0.00000943,4210.00000000,0
1531176786359,1531176786357,1783653,0.00000944,9199.00000000,0
1531176786359,1531176786357,1783654,0.00000950,9213.00000000,0
1531176786359,1531176786357,1783655,0.00000951,16298.00000000,0
1531176801280,1531176801278,1783656,0.00000951,50.00000000,0
1531176903221,1531176903218,1783657,0.00000949,126.00000000,0
1531176903794,1531176903793,1783658,0.00000948,460.00000000,1
1531176996373,1531176996371,1783659,0.00000945,844.00000000,1
1531176996373,1531176996371,1783660,0.00000942,1422.00000000,1
1531177204495,1531177204494,1783661,0.00000948,126.00000000,0
1531177217782,1531177217781,1783662,0.00000943,820.00000000,1
1531177383479,1531177383480,1783663,0.00000946,133.00000000,0
1531177396060,1531177396060,1783664,0.00000944,3177.00000000,1
1531177396060,1531177396060,1783665,0.00000942,2139.00000000,1
1531177446128,1531177446129,1783666,0.00000945,275.00000000,1
1531177503340,1531177503341,1783667,0.00000947,126.00000000,0
1531177587921,1531177587921,1783668,0.00000946,3240.00000000,0
1531177587921,1531177587921,1783669,0.00000947,4604.00000000,0
1531177594420,1531177594419,1783670,0.00000943,5319.00000000,1
1531177599585,1531177599587,1783671,0.00000943,711.00000000,1
1531177599585,1531177599587,1783672,0.00000940,2070.00000000,1
1531177606566,1531177606567,1783673,0.00000946,1520.00000000,0
1531177636380,1531177636382,1783674,0.00000942,1008.00000000,1
1531177747659,1531177747661,1783675,0.00000943,111.00000000,1
1531177804835,1531177804837,1783676,0.00000945,126.00000000,0
1531177812182,1531177812182,1783677,0.00000943,1769.00000000,1
1531177874791,1531177874793,1783678,0.00000945,75.00000000,0
1531177945875,1531177945876,1783679,0.00000943,6189.00000000,1
1531177960804,1531177960803,1783680,0.00000945,1450.00000000,0
1531178005390,1531178005393,1783681,0.00000945,1461.00000000,0
1531178104987,1531178104991,1783682,0.00000944,127.00000000,0
1531178107578,1531178107580,1783683,0.00000940,218.00000000,1
1531178110711,1531178110712,1783684,0.00000940,133.00000000,1
1531178131256,1531178131258,1783685,0.00000943,127.00000000,0
1531178210675,1531178210678,1783686,0.00000943,1496.00000000,0
1531178238726,1531178238728,1783687,0.00000943,1618.00000000,0
1531178238726,1531178238728,1783688,0.00000944,1039.00000000,0
1531178238726,1531178238728,1783689,0.00000945,3747.00000000,0
1531178238726,1531178238728,1783690,0.00000946,29299.00000000,0
1531178272530,1531178272534,1783691,0.00000945,1.00000000,0
1531178402497,1531178402500,1783692,0.00000945,126.00000000,0
1531178431092,1531178431096,1783693,0.00000944,127.00000000,0
1531178593956,1531178593960,1783694,0.00000941,4128.00000000,1
1531178607103,1531178607107,1783695,0.00000940,3735.00000000,1
1531178629266,1531178629268,1783696,0.00000939,1496.00000000,0
1531178629266,1531178629268,1783697,0.00000940,3177.00000000,0
1531178629266,1531178629268,1783698,0.00000941,91.00000000,0
1531178629577,1531178629582,1783699,0.00000941,195.00000000,0
1531178635374,1531178635379,1783700,0.00000941,300.00000000,0
1531178640040,1531178640045,1783701,0.00000941,137.00000000,0
1531178645162,1531178645115,1783702,0.00000941,219.00000000,0
1531178646599,1531178646602,1783703,0.00000941,300.00000000,0
1531178651754,1531178651757,1783704,0.00000941,300.00000000,0
1531178663947,1531178663951,1783705,0.00000939,974.00000000,1
1531178669080,1531178669085,1783706,0.00000941,300.00000000,0
1531178674254,1531178674259,1783707,0.00000941,300.00000000,0
1531178700627,1531178700632,1783708,0.00000941,1661.00000000,0
1531178704606,1531178704611,1783709,0.00000938,542.00000000,1
1531178705218,1531178705223,1783710,0.00000941,127.00000000,0
1531178728306,1531178728310,1783711,0.00000938,2236.00000000,1
1531178782965,1531178782971,1783712,0.00000939,1908.00000000,1
1531178784966,1531178784972,1783713,0.00000938,267.00000000,1
1531178789698,1531178789701,1783714,0.00000937,676.00000000,1
1531178798713,1531178798718,1783715,0.00000941,105.00000000,0
1531178806403,1531178806408,1783716,0.00000941,205.00000000,0
1531178846969,1531178846974,1783717,0.00000937,248.00000000,1
1531178847900,1531178847905,1783718,0.00000940,3483.00000000,0
1531178847901,1531178847905,1783719,0.00000941,241.00000000,0
1531178851353,1531178851359,1783720,0.00000938,190.00000000,0
1531178854300,1531178854305,1783721,0.00000938,44.00000000,0
1531178854300,1531178854305,1783722,0.00000939,273.00000000,0
1531178855600,1531178855604,1783723,0.00000937,417.00000000,0
1531178855600,1531178855604,1783724,0.00000939,65.00000000,0
1531178855685,1531178855690,1783725,0.00000936,3024.00000000,1
1531178856325,1531178856329,1783726,0.00000939,180.00000000,0
1531178857767,1531178857772,1783727,0.00000939,180.00000000,0
1531178883194,1531178883199,1783728,0.00000939,152.00000000,0
1531178883194,1531178883199,1783729,0.00000941,28.00000000,0
1531178885294,1531178885299,1783730,0.00000939,651.00000000,0
1531178885730,1531178885735,1783731,0.00000939,487.00000000,0
1531178886299,1531178886303,1783732,0.00000939,364.00000000,0
1531178886784,1531178886787,1783733,0.00000939,272.00000000,0
1531178887285,1531178887291,1783734,0.00000939,204.00000000,0
1531178888307,1531178888312,1783735,0.00000939,180.00000000,0
1531178923676,1531178923680,1783736,0.00000935,109.00000000,1
1531178963806,1531178963810,1783737,0.00000939,1064.00000000,0
1531179003733,1531179003739,1783738,0.00000939,127.00000000,0
1531179006890,1531179006894,1783739,0.00000938,1236.00000000,0
1531179007298,1531179007304,1783740,0.00000938,367.00000000,0
1531179007298,1531179007304,1783741,0.00000939,633.00000000,0
1531179008048,1531179008054,1783742,0.00000939,203.00000000,0
1531179008912,1531179008917,1783743,0.00000939,64.00000000,0
1531179009267,1531179009273,1783744,0.00000939,1567.00000000,0
1531179009386,1531179009391,1783745,0.00000939,918.00000000,0
1531179009386,1531179009391,1783746,0.00000940,50.00000000,0
1531179011012,1531179011015,1783747,0.00000940,32.00000000,0
1531179011015,1531179011021,1783748,0.00000940,1172.00000000,0
1531179013057,1531179013063,1783749,0.00000940,904.00000000,0
1531179013059,1531179013064,1783750,0.00000940,128.00000000,0
1531179015763,1531179015769,1783751,0.00000940,1280.00000000,0
1531179015767,1531179015772,1783752,0.00000940,96.00000000,0
1531179017749,1531179017754,1783753,0.00000940,20.00000000,0
1531179017755,1531179017759,1783754,0.00000940,840.00000000,0
1531179020865,1531179020869,1783755,0.00000940,160.00000000,0
1531179021333,1531179021339,1783756,0.00000940,106.00000000,0
1531179021707,1531179021712,1783757,0.00000940,265.00000000,0
1531179022099,1531179022104,1783758,0.00000940,761.00000000,0
1531179022198,1531179022205,1783759,0.00000940,167.00000000,0
1531179022429,1531179022435,1783760,0.00000940,806.00000000,0
1531179023202,1531179023207,1783761,0.00000940,1000.00000000,0
1531179023389,1531179023393,1783762,0.00000940,2900.00000000,0
1531179023997,1531179024003,1783763,0.00000940,466.00000000,0
1531179025126,1531179025130,1783764,0.00000940,2900.00000000,0
1531179025716,1531179025720,1783765,0.00000940,708.00000000,0
1531179025716,1531179025720,1783766,0.00000941,2192.00000000,0
1531179026325,1531179026330,1783767,0.00000941,2900.00000000,0
1531179027339,1531179027345,1783768,0.00000941,2425.00000000,0
1531179027896,1531179027901,1783769,0.00000941,2221.00000000,0
1531179032348,1531179032351,1783770,0.00000941,520.00000000,0
1531179033351,1531179033356,1783771,0.00000941,520.00000000,0
1531179033883,1531179033888,1783772,0.00000941,520.00000000,0
1531179034323,1531179034328,1783773,0.00000941,520.00000000,0
1531179035297,1531179035303,1783774,0.00000941,520.00000000,0
1531179036288,1531179036293,1783775,0.00000941,232.00000000,0
1531179037638,1531179037643,1783776,0.00000941,127.00000000,0
1531179055575,1531179055581,1783777,0.00000941,456.00000000,0
1531179302895,1531179302900,1783778,0.00000941,127.00000000,0
1531179501624,1531179501630,1783779,0.00000940,1063.00000000,0
1531179604319,1531179604324,1783780,0.00000940,127.00000000,0
1531179706109,1531179706113,1783781,0.00000936,319.00000000,1
1531179706109,1531179706113,1783782,0.00000935,3564.00000000,1
1531179706109,1531179706113,1783783,0.00000934,3327.00000000,1
1531179706109,1531179706113,1783784,0.00000933,1294.00000000,1
1531179706109,1531179706113,1783785,0.00000932,7943.00000000,1
1531179706109,1531179706113,1783786,0.00000931,24584.00000000,1
1531179709072,1531179709078,1783787,0.00000931,3554.00000000,1
1531179754274,1531179754280,1783788,0.00000932,109.00000000,1
1531179754321,1531179754326,1783789,0.00000932,147.00000000,1
1531179754455,1531179754461,1783790,0.00000932,326.00000000,1
1531179770005,1531179770012,1783791,0.00000935,319.00000000,0
1531179771065,1531179771070,1783792,0.00000935,3355.00000000,1
1531179789017,1531179789022,1783793,0.00000936,1192.00000000,0
1531179860892,1531179860896,1783794,0.00000936,6758.00000000,0
1531179880385,1531179880391,1783795,0.00000935,24.00000000,1
1531179880619,1531179880626,1783796,0.00000935,829.00000000,1
1531179880678,1531179880684,1783797,0.00000934,205.00000000,0
1531179881242,1531179881248,1783798,0.00000932,2386.00000000,1
1531179886979,1531179886984,1783799,0.00000934,107.00000000,0
1531179888402,1531179888408,1783800,0.00000934,3000.00000000,0
1531179893802,1531179893808,1783801,0.00000931,4085.00000000,1
