event_time,trade_time,trade_id,price,quantity,maker
1531160371071,1531160371067,3360816,0.02546900,0.39300000,1
1531160371252,1531160371248,3360817,0.02546900,1.41700000,1
1531160371762,1531160371758,3360818,0.02546900,0.39300000,1
1531160399479,1531160399475,3360819,0.02546900,0.04000000,1
1531160410373,1531160410368,3360820,0.02546900,3.89100000,1
1531160413486,1531160413483,3360821,0.02550600,0.15000000,0
1531160415021,1531160415018,3360822,0.02550500,0.00500000,0
1531160426244,1531160426239,3360823,0.02546900,0.51500000,1
1531160426575,1531160426571,3360824,0.02546900,0.51500000,1
1531160426613,1531160426609,3360825,0.02546900,0.51500000,1
1531160427241,1531160427237,3360826,0.02546900,0.51500000,1
1531160429700,1531160429696,3360827,0.02546900,2.54800000,1
1531160442943,1531160442940,3360828,0.02546900,0.04300000,1
1531160459512,1531160459509,3360829,0.02546900,0.13500000,1
1531160476419,1531160476417,3360830,0.02546900,2.55700000,1
1531160538600,1531160538596,3360831,0.02546900,0.25200000,1
1531160544157,1531160544154,3360832,0.02551100,0.39200000,0
1531160554783,1531160554780,3360833,0.02546900,0.07100000,1
1531160623255,1531160623251,3360834,0.02546900,0.29600000,1
1531160677782,1531160677779,3360835,0.02551600,0.06200000,1
1531160678302,1531160678299,3360836,0.02546900,0.02200000,1
1531160709212,1531160709209,3360837,0.02546900,0.01500000,1
1531160761134,1531160761128,3360838,0.02545000,0.18900000,1
1531160761134,1531160761128,3360839,0.02544800,0.12200000,1
1531160761134,1531160761128,3360840,0.02544700,2.32100000,1
1531160766876,1531160766873,3360841,0.02544700,4.51500000,1
1531160768017,1531160768014,3360842,0.02544600,49.93800000,1
1531160768112,1531160768109,3360843,0.02544600,13.31500000,1
1531160769869,1531160769865,3360844,0.02544000,1.66900000,1
1531160772242,1531160772239,3360845,0.02543900,0.08700000,1
1531160773870,1531160773866,3360846,0.02543800,0.15700000,1
1531160774870,1531160774866,3360847,0.02543400,0.04200000,1
1531160775333,1531160775330,3360848,0.02544900,0.05000000,0
1531160775468,1531160775463,3360849,0.02544900,0.04100000,0
1531160775479,1531160775476,3360850,0.02544900,0.04100000,0
1531160775612,1531160775607,3360851,0.02543200,0.00600000,1
1531160775738,1531160775733,3360852,0.02543200,0.00600000,1
1531160775755,1531160775751,3360853,0.02543200,0.00600000,1
1531160775885,1531160775882,3360854,0.02543200,0.70900000,1
1531160775890,1531160775885,3360855,0.02542800,0.08000000,1
1531160775920,1531160775917,3360856,0.02542500,0.14600000,1
1531160781704,1531160781700,3360857,0.02544700,0.05000000,0
1531160781780,1531160781778,3360858,0.02544700,0.05200000,0
1531160781808,1531160781804,3360859,0.02544700,0.05000000,0
1531160785101,1531160785096,3360860,0.02542500,0.01400000,1
1531160785101,1531160785096,3360861,0.02542300,0.23600000,1
1531160785101,1531160785096,3360862,0.02542000,0.04000000,1
1531160785101,1531160785096,3360863,0.02541700,0.04000000,1
1531160785101,1531160785096,3360864,0.02540500,0.35600000,1
1531160785101,1531160785096,3360865,0.02540400,0.09600000,1
1531160786016,1531160786013,3360866,0.02540400,0.16800000,1
1531160786803,1531160786799,3360867,0.02540100,0.00700000,1
1531160787015,1531160787014,3360868,0.02540100,0.14400000,1
1531160790602,1531160790598,3360869,0.02544000,0.01400000,0
1531160791162,1531160791155,3360870,0.02544000,0.03700000,0
1531160791265,1531160791261,3360871,0.02540000,0.00700000,1
1531160791265,1531160791261,3360872,0.02540000,0.36200000,1
1531160791333,1531160791329,3360873,0.02540000,0.00700000,1
1531160791369,1531160791366,3360874,0.02540000,0.00700000,1
1531160791371,1531160791366,3360875,0.02540000,0.00700000,1
1531160791409,1531160791406,3360876,0.02540000,0.00700000,1
1531160795808,1531160795805,3360877,0.02540000,0.32600000,1
1531160796018,1531160796014,3360878,0.02540000,4.36800000,1
1531160796199,1531160796194,3360879,0.02539900,0.32600000,1
1531160796199,1531160796194,3360880,0.02539900,0.00100000,1
1531160797026,1531160797023,3360881,0.02539700,0.04000000,1
1531160798660,1531160798656,3360882,0.02539900,0.02100000,0
1531160798693,1531160798690,3360883,0.02539900,0.01800000,0
1531160798693,1531160798690,3360884,0.02543300,0.01200000,0
1531160798737,1531160798732,3360885,0.02543300,0.03500000,0
1531160798745,1531160798742,3360886,0.02539400,0.04000000,1
1531160798774,1531160798769,3360887,0.02543300,0.02800000,0
1531160798808,1531160798805,3360888,0.02543300,0.03000000,0
1531160798838,1531160798836,3360889,0.02543300,0.02900000,0
1531160798861,1531160798858,3360890,0.02543300,0.05000000,0
1531160798902,1531160798897,3360891,0.02543300,0.05200000,0
1531160798970,1531160798966,3360892,0.02543300,0.05000000,0
1531160799021,1531160799017,3360893,0.02543300,0.04200000,0
1531160799281,1531160799276,3360894,0.02543300,0.05000000,0
1531160799297,1531160799294,3360895,0.02543300,0.05000000,0
1531160799357,1531160799353,3360896,0.02543300,0.01900000,0
1531160799357,1531160799353,3360897,0.02543600,0.03300000,0
1531160799394,1531160799388,3360898,0.02543600,0.06100000,0
1531160799457,1531160799454,3360899,0.02543600,0.05300000,0
1531160799505,1531160799500,3360900,0.02543300,0.06100000,0
1531160799562,1531160799558,3360901,0.02543300,0.03700000,0
1531160799576,1531160799574,3360902,0.02543300,0.06700000,0
1531160799577,1531160799575,3360903,0.02543300,0.03400000,0
1531160799780,1531160799776,3360904,0.02543300,0.05500000,0
1531160799790,1531160799787,3360905,0.02543300,0.06700000,0
1531160800099,1531160800095,3360906,0.02543600,0.10600000,0
1531160803467,1531160803464,3360907,0.02538900,0.78100000,1
1531160804011,1531160804008,3360908,0.02543500,0.41800000,0
1531160804011,1531160804008,3360909,0.02543900,0.67000000,0
1531160805563,1531160805561,3360910,0.02538900,0.04000000,1
1531160807485,1531160807481,3360911,0.02538900,0.32600000,1
1531160808454,1531160808449,3360912,0.02538900,0.32600000,1
1531160808915,1531160808912,3360913,0.02538900,0.00700000,1
1531160808938,1531160808935,3360914,0.02538900,0.32600000,1
1531160808979,1531160808976,3360915,0.02538900,0.00700000,1
1531160809179,1531160809176,3360916,0.02538900,0.00700000,1
1531160809226,1531160809223,3360917,0.02538900,0.00600000,1
1531160809269,1531160809266,3360918,0.02538900,0.00700000,1
1531160809535,1531160809531,3360919,0.02538900,0.32600000,1
1531160810017,1531160810014,3360920,0.02538900,0.84100000,1
1531160810036,1531160810031,3360921,0.02538700,0.34600000,1
1531160810705,1531160810704,3360922,0.02538700,0.01300000,1
1531160810705,1531160810704,3360923,0.02538600,0.17100000,1
1531160810705,1531160810704,3360924,0.02538300,0.18900000,1
1531160811959,1531160811956,3360925,0.02540000,1.96300000,1
1531160813582,1531160813577,3360926,0.02538300,0.00700000,1
1531160815526,1531160815522,3360927,0.02543600,0.71800000,0
1531160818172,1531160818169,3360928,0.02543200,1.50600000,0
1531160818172,1531160818169,3360929,0.02543300,0.29800000,0
1531160818172,1531160818169,3360930,0.02543500,1.77000000,0
1531160821316,1531160821312,3360931,0.02538300,0.00700000,1
1531160823496,1531160823491,3360932,0.02538300,0.16900000,1
1531160823496,1531160823491,3360933,0.02537400,0.15700000,1
1531160823945,1531160823941,3360934,0.02537400,0.03800000,1
1531160823945,1531160823941,3360935,0.02536300,0.28800000,1
1531160826324,1531160826319,3360936,0.02536600,0.00600000,1
1531160826340,1531160826337,3360937,0.02536600,0.00600000,1
1531160826446,1531160826445,3360938,0.02536600,0.00700000,1
1531160826561,1531160826558,3360939,0.02536600,0.00600000,1
1531160828278,1531160828274,3360940,0.02538300,0.04000000,0
1531160828278,1531160828274,3360941,0.02543100,0.00100000,0
1531160830436,1531160830432,3360942,0.02536400,0.00700000,1
1531160832521,1531160832520,3360943,0.02536500,0.00700000,1
1531160840945,1531160840940,3360944,0.02536500,0.13200000,1
1531160840945,1531160840940,3360945,0.02536400,0.19400000,1
1531160841645,1531160841641,3360946,0.02536400,0.00700000,1
1531160841798,1531160841795,3360947,0.02536400,0.33400000,1
1531160846176,1531160846173,3360948,0.02536600,0.04000000,1
1531160846443,1531160846438,3360949,0.02536600,0.05100000,1
1531160846443,1531160846438,3360950,0.02536400,0.10100000,1
1531160847024,1531160847021,3360951,0.02536400,0.04000000,1
1531160851710,1531160851708,3360952,0.02536600,0.05900000,1
1531160851710,1531160851708,3360953,0.02536400,0.39300000,1
1531160854389,1531160854385,3360954,0.02536400,0.00600000,1
1531160854933,1531160854929,3360955,0.02536400,0.17700000,1
1531160865658,1531160865656,3360956,0.02536400,0.04000000,1
1531160870934,1531160870931,3360957,0.02536400,0.32700000,1
1531160871469,1531160871464,3360958,0.02536400,0.37400000,1
1531160872555,1531160872550,3360959,0.02541100,0.02600000,0
1531160883840,1531160883835,3360960,0.02541100,0.84200000,0
1531160883840,1531160883835,3360961,0.02541200,0.15800000,0
1531160910876,1531160910871,3360962,0.02536400,0.01200000,1
1531160912877,1531160912873,3360963,0.02536300,14.57400000,1
1531160913616,1531160913612,3360964,0.02536400,0.03900000,0
1531160915022,1531160915019,3360965,0.02535200,0.11600000,1
1531160915407,1531160915403,3360966,0.02536400,0.12000000,0
1531160915865,1531160915860,3360967,0.02535100,0.49100000,1
1531160916010,1531160916005,3360968,0.02536400,0.00900000,0
1531160916876,1531160916872,3360969,0.02536400,1.96300000,1
1531160917248,1531160917243,3360970,0.02540800,0.03700000,0
1531160922191,1531160922187,3360971,0.02534200,0.00700000,1
1531160922227,1531160922224,3360972,0.02534200,0.00700000,1
1531160922253,1531160922250,3360973,0.02534200,0.00700000,1
1531160922279,1531160922276,3360974,0.02534200,0.00700000,1
1531160922390,1531160922386,3360975,0.02534200,0.00700000,1
1531160927673,1531160927670,3360976,0.02534200,0.00700000,1
1531160932669,1531160932664,3360977,0.02540300,0.02800000,0
1531160941779,1531160941777,3360978,0.02534200,0.37400000,1
1531160957741,1531160957738,3360979,0.02534200,0.29500000,1
1531160958309,1531160958307,3360980,0.02534200,0.27300000,1
1531160958309,1531160958307,3360981,0.02534000,0.05400000,1
1531160958840,1531160958835,3360982,0.02534100,0.15000000,1
1531160958840,1531160958835,3360983,0.02534000,0.16900000,1
1531160958840,1531160958835,3360984,0.02533900,0.00800000,1
1531160979324,1531160979321,3360985,0.02540000,0.03500000,0
1531160986472,1531160986466,3360986,0.02533900,0.03200000,1
1531160986472,1531160986466,3360987,0.02533700,0.04000000,1
1531160986472,1531160986466,3360988,0.02533500,0.08000000,1
1531160986472,1531160986466,3360989,0.02532900,0.05200000,1
1531160986472,1531160986466,3360990,0.02531900,0.04000000,1
1531160986472,1531160986466,3360991,0.02531300,0.04000000,1
1531160986472,1531160986466,3360992,0.02531000,0.18300000,1
1531160990670,1531160990667,3360993,0.02531600,0.00600000,1
1531160990692,1531160990689,3360994,0.02531600,0.00700000,1
1531160990735,1531160990731,3360995,0.02531600,0.00600000,1
1531160990783,1531160990778,3360996,0.02531600,0.00600000,1
1531160990876,1531160990873,3360997,0.02532000,0.00700000,1
1531160990921,1531160990919,3360998,0.02532000,0.00600000,1
1531160991092,1531160991088,3360999,0.02532000,0.00700000,1
1531160996162,1531160996159,3361000,0.02532600,0.00700000,1
1531160996188,1531160996186,3361001,0.02532600,0.00700000,1
1531160997970,1531160997966,3361002,0.02531200,0.01400000,1
1531160999666,1531160999662,3361003,0.02531300,0.34700000,1
1531161003793,1531161003793,3361004,0.02531600,0.00700000,1
1531161003969,1531161003967,3361005,0.02531800,0.29800000,1
1531161004703,1531161004699,3361006,0.02531800,0.50000000,1
1531161007054,1531161007051,3361007,0.02532200,0.04000000,1
1531161008601,1531161008596,3361008,0.02532300,0.00700000,1
1531161010974,1531161010971,3361009,0.02531000,0.00700000,1
1531161011477,1531161011474,3361010,0.02538500,0.02800000,0
1531161011516,1531161011511,3361011,0.02538500,0.03500000,0
1531161011531,1531161011527,3361012,0.02538500,0.03200000,0
1531161011576,1531161011574,3361013,0.02538500,0.03700000,0
1531161011588,1531161011585,3361014,0.02538500,0.02700000,0
1531161011629,1531161011625,3361015,0.02538500,0.03500000,0
1531161011647,1531161011643,3361016,0.02538500,0.04000000,0
1531161011694,1531161011690,3361017,0.02538500,0.03500000,0
1531161011770,1531161011769,3361018,0.02538500,0.03500000,0
1531161011798,1531161011795,3361019,0.02538500,0.03500000,0
1531161011887,1531161011885,3361020,0.02538500,0.02800000,0
1531161012007,1531161012003,3361021,0.02538500,0.02800000,0
1531161012090,1531161012086,3361022,0.02538500,0.02800000,0
1531161012263,1531161012260,3361023,0.02531000,0.00600000,1
1531161012360,1531161012356,3361024,0.02538500,0.03400000,0
1531161014737,1531161014733,3361025,0.02531100,0.00600000,1
1531161015145,1531161015110,3361026,0.02531000,0.04000000,1
1531161015145,1531161015110,3361027,0.02530500,0.28700000,1
1531161015965,1531161015961,3361028,0.02530700,0.32700000,1
1531161015988,1531161015984,3361029,0.02530700,0.00600000,1
1531161016603,1531161016599,3361030,0.02530700,0.37500000,1
1531161018480,1531161018478,3361031,0.02538600,0.03500000,0
1531161018662,1531161018662,3361032,0.02530800,0.00700000,1
1531161020008,1531161020004,3361033,0.02531100,0.00700000,1
1531161021027,1531161021023,3361034,0.02538400,0.03500000,0
1531161027531,1531161027527,3361035,0.02530900,0.04000000,1
1531161028037,1531161028033,3361036,0.02530900,0.04000000,1
1531161028614,1531161028610,3361037,0.02530900,0.27300000,1
1531161028614,1531161028610,3361038,0.02530800,0.05400000,1
1531161028991,1531161028987,3361039,0.02530500,0.25600000,1
1531161028991,1531161028987,3361040,0.02530400,0.11900000,1
1531161033896,1531161033893,3361041,0.02537900,0.01600000,0
1531161034041,1531161034038,3361042,0.02531300,0.00700000,1
1531161037297,1531161037294,3361043,0.02531100,0.01300000,1
1531161042076,1531161042076,3361044,0.02537600,0.03500000,0
1531161045059,1531161045055,3361045,0.02531800,0.04300000,0
1531161047266,1531161047261,3361046,0.02530600,0.11900000,0
1531161047293,1531161047290,3361047,0.02530600,0.00100000,0
1531161048303,1531161048298,3361048,0.02530600,0.04000000,1
1531161051850,1531161051846,3361049,0.02536600,0.06700000,0
1531161051887,1531161051885,3361050,0.02536600,0.06700000,0
1531161058270,1531161058265,3361051,0.02530400,0.37500000,1
1531161059442,1531161059440,3361052,0.02536600,0.05700000,0
1531161059482,1531161059479,3361053,0.02536600,0.11900000,0
1531161063813,1531161063810,3361054,0.02536100,0.03000000,0
1531161063865,1531161063864,3361055,0.02536100,0.02400000,0
1531161063865,1531161063864,3361056,0.02536600,0.03800000,0
1531161067234,1531161067229,3361057,0.02530500,0.04000000,1
1531161124095,1531161124092,3361058,0.02531400,0.07400000,1
1531161141756,1531161141752,3361059,0.02536500,0.21600000,0
1531161148286,1531161148282,3361060,0.02531400,0.04000000,1
1531161188979,1531161188976,3361061,0.02536300,0.04000000,0
1531161209883,1531161209879,3361062,0.02536200,0.07200000,1
1531161231296,1531161231292,3361063,0.02536200,0.24000000,0
1531161231703,1531161231699,3361064,0.02536200,0.15000000,0
1531161288061,1531161288057,3361065,0.02536200,0.04700000,0
1531161298229,1531161298228,3361066,0.02536300,0.18100000,0
1531161299166,1531161299163,3361067,0.02536300,0.31400000,1
1531161314958,1531161314954,3361068,0.02536300,0.01000000,1
1531161315692,1531161315688,3361069,0.02540800,0.19800000,0
1531161326207,1531161326203,3361070,0.02540500,0.08700000,0
1531161343770,1531161343770,3361071,0.02540800,0.09200000,0
1531161344125,1531161344121,3361072,0.02540800,0.39400000,1
1531161344199,1531161344193,3361073,0.02540800,5.39600000,1
1531161396720,1531161396716,3361074,0.02541400,0.17300000,0
1531161396720,1531161396716,3361075,0.02542500,0.22000000,0
1531161409399,1531161409395,3361076,0.02542400,2.56000000,0
1531161410111,1531161410109,3361077,0.02542400,0.08000000,0
1531161410136,1531161410132,3361078,0.02542400,0.08000000,0
1531161410157,1531161410153,3361079,0.02542400,0.08000000,0
1531161410175,1531161410170,3361080,0.02542400,0.08000000,0
1531161410191,1531161410186,3361081,0.02542400,0.08000000,0
1531161410215,1531161410211,3361082,0.02542400,0.08000000,0
1531161410234,1531161410230,3361083,0.02542400,0.08000000,0
1531161410247,1531161410244,3361084,0.02542400,0.08000000,0
1531161410280,1531161410278,3361085,0.02542400,0.26000000,0
1531161415766,1531161415762,3361086,0.02536600,0.39400000,1
1531161505286,1531161505282,3361087,0.02541900,1.29400000,0
1531161505286,1531161505282,3361088,0.02542000,1.00400000,0
1531161506158,1531161506154,3361089,0.02542000,0.08000000,0
1531161506174,1531161506169,3361090,0.02542000,0.08000000,0
1531161506205,1531161506201,3361091,0.02542000,0.08000000,0
1531161506225,1531161506221,3361092,0.02542000,0.08000000,0
1531161506231,1531161506228,3361093,0.02542000,0.08000000,0
1531161506269,1531161506267,3361094,0.02542000,0.08000000,0
1531161506280,1531161506276,3361095,0.02542000,0.08000000,0
1531161506296,1531161506290,3361096,0.02542000,0.08000000,0
1531161506339,1531161506334,3361097,0.02542000,0.10100000,0
1531161506339,1531161506334,3361098,0.02542200,0.15900000,0
1531161533017,1531161533015,3361099,0.02542100,0.01300000,0
1531161533048,1531161533044,3361100,0.02542100,0.04000000,0
1531161534056,1531161534052,3361101,0.02542100,0.04000000,0
1531161535044,1531161535040,3361102,0.02542100,0.04000000,0
1531161536057,1531161536054,3361103,0.02542100,0.04000000,0
1531161537047,1531161537042,3361104,0.02542100,0.04000000,0
1531161538056,1531161538052,3361105,0.02542100,0.04000000,0
1531161539061,1531161539056,3361106,0.02542100,0.04000000,0
1531161540076,1531161540072,3361107,0.02542100,0.04000000,0
1531161541050,1531161541045,3361108,0.02542100,0.04000000,0
1531161542065,1531161542061,3361109,0.02542100,0.04000000,0
1531161543065,1531161543061,3361110,0.02542100,0.04000000,0
1531161544060,1531161544056,3361111,0.02542100,0.04000000,0
1531161545064,1531161545060,3361112,0.02542100,0.04000000,0
1531161546072,1531161546067,3361113,0.02542100,0.04000000,0
1531161547065,1531161547060,3361114,0.02542100,0.04000000,0
1531161548067,1531161548063,3361115,0.02542100,0.04000000,0
1531161549068,1531161549065,3361116,0.02542100,0.04000000,0
1531161550081,1531161550076,3361117,0.02542100,0.04000000,0
1531161551072,1531161551070,3361118,0.02542100,0.04000000,0
1531161552078,1531161552073,3361119,0.02542100,0.04000000,0
1531161553084,1531161553079,3361120,0.02542100,0.04000000,0
1531161554088,1531161554085,3361121,0.02542100,0.04000000,0
1531161555092,1531161555087,3361122,0.02542100,0.04000000,0
1531161557986,1531161557982,3361123,0.02537000,0.09100000,1
1531161573381,1531161573377,3361124,0.02537000,0.78900000,1
1531161573381,1531161573377,3361125,0.02536900,1.52400000,1
1531161582989,1531161582985,3361126,0.02541800,0.39300000,0
1531161614873,1531161614868,3361127,0.02537000,0.00200000,1
1531161623579,1531161623574,3361128,0.02541700,0.00500000,0
1531161755359,1531161755354,3361129,0.02537000,0.39100000,1
1531161755359,1531161755354,3361130,0.02536900,0.20700000,1
1531161755359,1531161755354,3361131,0.02536700,0.81700000,1
1531161766960,1531161766955,3361132,0.02536700,0.25900000,1
1531161766960,1531161766955,3361133,0.02536600,0.21300000,1
1531161787178,1531161787174,3361134,0.02536600,1.41500000,1
1531161827257,1531161827253,3361135,0.02536600,0.47200000,1
1531161834703,1531161834699,3361136,0.02536600,0.47200000,1
1531161850364,1531161850359,3361137,0.02536600,0.47200000,1
1531161852063,1531161852059,3361138,0.02536600,0.47200000,1
1531161854613,1531161854607,3361139,0.02536600,0.47200000,1
1531161892329,1531161892326,3361140,0.02541400,0.00900000,0
1531161911291,1531161911287,3361141,0.02536600,0.00300000,1
1531161912351,1531161912347,3361142,0.02542000,0.06900000,0
1531161916155,1531161916152,3361143,0.02536700,0.07800000,1
1531161916155,1531161916152,3361144,0.02536600,0.39400000,1
1531161919108,1531161919105,3361145,0.02541800,0.06400000,0
1531161924111,1531161924106,3361146,0.02536600,4.07100000,1
1531161931617,1531161931613,3361147,0.02535000,0.18800000,1
1531161932196,1531161932190,3361148,0.02535000,0.00900000,1
1531161932196,1531161932190,3361149,0.02533500,0.03600000,1
1531161937339,1531161937336,3361150,0.02541000,0.00100000,0
1531161998719,1531161998715,3361151,0.02540600,1.58600000,0
1531161998906,1531161998902,3361152,0.02541000,1.41500000,1
1531161999097,1531161999094,3361153,0.02541000,5.40200000,1
1531161999316,1531161999312,3361154,0.02540500,0.08000000,0
1531161999338,1531161999336,3361155,0.02540500,0.08000000,0
1531161999358,1531161999357,3361156,0.02540500,0.08000000,0
1531161999381,1531161999377,3361157,0.02540500,0.08000000,0
1531161999406,1531161999403,3361158,0.02540500,0.08000000,0
1531161999419,1531161999415,3361159,0.02540500,0.08000000,0
1531161999439,1531161999434,3361160,0.02540500,0.08000000,0
1531161999458,1531161999453,3361161,0.02540500,0.08000000,0
1531161999491,1531161999488,3361162,0.02540500,0.11000000,0
1531162014469,1531162014464,3361163,0.02533600,0.90000000,1
1531162014469,1531162014464,3361164,0.02533500,0.29200000,1
1531162072373,1531162072368,3361165,0.02531500,0.02900000,1
1531162073939,1531162073906,3361166,0.02531400,0.02900000,1
1531162215664,1531162215631,3361167,0.02531500,0.00600000,1
1531162217629,1531162217624,3361168,0.02531400,0.00600000,1
1531162231313,1531162231312,3361169,0.02538400,0.29400000,0
1531162241877,1531162241871,3361170,0.02538200,0.07200000,0
1531162322935,1531162322929,3361171,0.02538100,1.43400000,0
1531162322935,1531162322929,3361172,0.02538200,0.20000000,0
1531162322935,1531162322929,3361173,0.02538500,0.85300000,0
1531162322935,1531162322929,3361174,0.02539600,0.93100000,0
1531162322935,1531162322929,3361175,0.02540800,0.01600000,0
1531162323735,1531162323733,3361176,0.02540800,0.08000000,0
1531162323754,1531162323748,3361177,0.02540800,0.08000000,0
1531162323777,1531162323771,3361178,0.02540800,0.08000000,0
1531162323787,1531162323784,3361179,0.02540800,0.08000000,0
1531162323809,1531162323804,3361180,0.02540800,0.08000000,0
1531162323843,1531162323838,3361181,0.02540800,0.08000000,0
1531162323851,1531162323847,3361182,0.02540800,0.08000000,0
1531162323871,1531162323867,3361183,0.02540800,0.08000000,0
1531162323899,1531162323894,3361184,0.02540800,0.26000000,0
1531162341517,1531162341513,3361185,0.02538200,0.06900000,1
1531162460714,1531162460708,3361186,0.02533900,0.08900000,1
1531162501762,1531162501757,3361187,0.02535000,0.02200000,1
1531162507481,1531162507476,3361188,0.02541400,0.98900000,0
1531162507608,1531162507603,3361189,0.02541400,3.54100000,1
1531162507718,1531162507713,3361190,0.02541400,7.89000000,1
1531162508514,1531162508509,3361191,0.02541500,0.08000000,0
1531162508543,1531162508538,3361192,0.02541500,0.08000000,0
1531162508578,1531162508572,3361193,0.02541500,0.08000000,0
1531162508589,1531162508583,3361194,0.02541500,0.08000000,0
1531162508609,1531162508607,3361195,0.02541500,0.08000000,0
1531162508638,1531162508633,3361196,0.02541500,0.08000000,0
1531162508649,1531162508647,3361197,0.02541500,0.08000000,0
1531162508678,1531162508674,3361198,0.02541500,0.08000000,0
1531162508706,1531162508699,3361199,0.02541500,0.23800000,0
1531162513922,1531162513917,3361200,0.02535100,0.00500000,1
1531162558573,1531162558568,3361201,0.02535100,0.89500000,1
1531162558573,1531162558568,3361202,0.02535000,0.11800000,1
1531162558573,1531162558568,3361203,0.02532600,0.63600000,1
1531162558573,1531162558568,3361204,0.02532500,1.03900000,1
1531162558573,1531162558568,3361205,0.02532400,5.20100000,1
1531162558573,1531162558568,3361206,0.02531400,0.24500000,1
1531162558573,1531162558568,3361207,0.02530600,11.82500000,1
1531162593337,1531162593333,3361208,0.02530700,0.32800000,1
1531162652050,1531162652045,3361209,0.02530700,5.15800000,1
1531162652606,1531162652601,3361210,0.02530500,0.22200000,1
1531162652621,1531162652616,3361211,0.02530700,0.10000000,0
1531162652888,1531162652883,3361212,0.02530700,0.12000000,0
1531162652942,1531162652938,3361213,0.02530700,10.67700000,0
1531162654195,1531162654193,3361214,0.02535600,0.01600000,0
1531162654245,1531162654240,3361215,0.02535600,0.03200000,0
1531162708387,1531162708384,3361216,0.02535600,0.39400000,0
1531162733118,1531162733112,3361217,0.02535600,0.07200000,0
1531162761942,1531162761934,3361218,0.02535600,0.32600000,0
1531162783838,1531162783834,3361219,0.02535600,0.15200000,0
1531162787578,1531162787573,3361220,0.02533100,0.05900000,1
1531162787578,1531162787573,3361221,0.02530500,0.09100000,1
1531162800672,1531162800666,3361222,0.02535600,0.09400000,0
1531162800672,1531162800666,3361223,0.02536800,0.11800000,0
1531162800672,1531162800666,3361224,0.02539200,0.18200000,0
1531162814013,1531162814010,3361225,0.02530600,0.00700000,1
1531162826295,1531162826288,3361226,0.02531800,0.07900000,1
1531162932959,1531162932953,3361227,0.02531800,0.51500000,0
1531162973364,1531162973358,3361228,0.02537600,1.04600000,0
1531162973364,1531162973358,3361229,0.02537700,1.29900000,0
1531162974247,1531162974243,3361230,0.02537700,0.08000000,0
1531162974280,1531162974276,3361231,0.02537700,0.08000000,0
1531162974298,1531162974292,3361232,0.02537700,0.03400000,0
1531162974298,1531162974292,3361233,0.02537900,0.04600000,0
1531162974310,1531162974304,3361234,0.02537900,0.08000000,0
1531162974333,1531162974327,3361235,0.02537900,0.08000000,0
1531162974358,1531162974353,3361236,0.02537900,0.08000000,0
1531162974370,1531162974367,3361237,0.02537900,0.08000000,0
1531162974403,1531162974398,3361238,0.02537900,0.08000000,0
1531162974427,1531162974423,3361239,0.02537900,0.26000000,0
1531163113808,1531163113803,3361240,0.02531500,0.00900000,1
1531163140292,1531163140287,3361241,0.02531500,0.75500000,1
1531163153634,1531163153628,3361242,0.02531500,0.13600000,1
1531163153993,1531163153990,3361243,0.02531500,0.57800000,0
1531163233411,1531163233406,3361244,0.02537800,0.18400000,0
1531163405170,1531163405165,3361245,0.02537700,0.36100000,0
1531163414749,1531163414744,3361246,0.02531500,0.00600000,1
1531163463540,1531163463534,3361247,0.02537700,0.18300000,0
1531163471506,1531163471501,3361248,0.02537700,10.77200000,0
1531163472530,1531163472525,3361249,0.02537800,0.08000000,0
1531163472578,1531163472572,3361250,0.02537800,0.08000000,0
1531163472603,1531163472597,3361251,0.02537800,0.08000000,0
1531163472628,1531163472622,3361252,0.02537800,0.08000000,0
1531163472628,1531163472623,3361253,0.02537800,0.08000000,0
1531163472635,1531163472630,3361254,0.02537800,0.08000000,0
1531163472666,1531163472664,3361255,0.02537800,0.08000000,0
1531163472684,1531163472679,3361256,0.02537800,0.08000000,0
1531163472720,1531163472715,3361257,0.02537800,0.25400000,0
1531163537548,1531163537545,3361258,0.02537700,0.05500000,0
1531163537577,1531163537573,3361259,0.02537700,0.05500000,0
1531163538573,1531163538568,3361260,0.02537700,0.05500000,0
1531163539588,1531163539582,3361261,0.02537700,0.05500000,0
1531163540582,1531163540576,3361262,0.02537700,0.05500000,0
1531163541586,1531163541582,3361263,0.02537700,0.05500000,0
1531163542583,1531163542578,3361264,0.02537700,0.05500000,0
1531163543586,1531163543580,3361265,0.02537700,0.05500000,0
1531163544594,1531163544589,3361266,0.02537700,0.05500000,0
1531163545592,1531163545587,3361267,0.02537700,0.05500000,0
1531163546588,1531163546583,3361268,0.02537700,0.05500000,0
1531163547587,1531163547578,3361269,0.02537700,0.05500000,0
1531163548589,1531163548584,3361270,0.02537700,0.05500000,0
1531163549589,1531163549585,3361271,0.02537700,0.05500000,0
1531163550592,1531163550590,3361272,0.02537700,0.05500000,0
1531163551609,1531163551606,3361273,0.02537700,0.05500000,0
1531163552597,1531163552591,3361274,0.02537700,0.05500000,0
1531163553605,1531163553600,3361275,0.02537700,0.04000000,0
1531163586868,1531163586863,3361276,0.02537700,0.04300000,0
1531163587911,1531163587905,3361277,0.02537700,0.04000000,0
1531163588899,1531163588894,3361278,0.02537700,0.04000000,0
1531163589899,1531163589896,3361279,0.02537700,0.04000000,0
1531163590900,1531163590896,3361280,0.02537700,0.04000000,0
1531163591908,1531163591905,3361281,0.02537700,0.04000000,0
1531163592903,1531163592897,3361282,0.02537700,0.04000000,0
1531163593900,1531163593896,3361283,0.02537700,0.04000000,0
1531163594915,1531163594911,3361284,0.02537700,0.04000000,0
1531163595902,1531163595896,3361285,0.02537700,0.04000000,0
1531163596904,1531163596899,3361286,0.02537700,0.04000000,0
1531163597910,1531163597904,3361287,0.02537700,0.04000000,0
1531163598908,1531163598903,3361288,0.02537700,0.04000000,0
1531163599925,1531163599921,3361289,0.02537700,0.04000000,0
1531163600912,1531163600910,3361290,0.02537700,0.04000000,0
1531163601912,1531163601908,3361291,0.02537700,0.04000000,0
1531163602913,1531163602908,3361292,0.02537700,0.04000000,0
1531163603915,1531163603911,3361293,0.02537700,0.04000000,0
1531163604913,1531163604910,3361294,0.02537700,0.04000000,0
1531163605920,1531163605916,3361295,0.02537700,0.04000000,0
1531163606917,1531163606914,3361296,0.02537700,0.04000000,0
1531163607927,1531163607921,3361297,0.02537700,0.04000000,0
1531163608929,1531163608922,3361298,0.02537700,0.04000000,0
1531163609922,1531163609919,3361299,0.02537700,0.04000000,0
1531163627957,1531163627952,3361300,0.02537400,0.92000000,0
1531163627957,1531163627952,3361301,0.02537500,7.09200000,0
1531163627988,1531163627982,3361302,0.02537500,0.08000000,0
1531163628009,1531163628002,3361303,0.02537500,0.08000000,0
1531163628027,1531163628024,3361304,0.02537500,0.08000000,0
1531163628059,1531163628052,3361305,0.02537500,0.08000000,0
1531163628071,1531163628065,3361306,0.02537500,0.08000000,0
1531163628090,1531163628084,3361307,0.02537500,0.08000000,0
1531163628111,1531163628106,3361308,0.02537500,0.08000000,0
1531163628131,1531163628127,3361309,0.02537500,0.08000000,0
1531163628168,1531163628166,3361310,0.02537500,0.26000000,0
1531163657290,1531163657282,3361311,0.02531500,0.69600000,1
1531163657290,1531163657282,3361312,0.02531400,0.30200000,1
1531163657290,1531163657282,3361313,0.02530600,0.61000000,1
1531163714005,1531163713999,3361314,0.02530600,0.00700000,1
1531163714571,1531163714568,3361315,0.02530600,0.10400000,1
1531163770011,1531163770007,3361316,0.02530600,0.11600000,1
1531163771115,1531163771111,3361317,0.02536600,0.07200000,0
1531163778037,1531163778035,3361318,0.02530700,0.09200000,1
1531163781562,1531163781558,3361319,0.02530700,0.00400000,0
1531163781562,1531163781558,3361320,0.02535700,0.03000000,0
1531163781775,1531163781771,3361321,0.02535700,0.03900000,0
1531163781843,1531163781837,3361322,0.02535700,0.02700000,0
1531163781911,1531163781907,3361323,0.02535700,0.03000000,0
1531163781942,1531163781939,3361324,0.02535700,0.03200000,0
1531163781961,1531163781954,3361325,0.02535700,0.02700000,0
1531163782032,1531163782027,3361326,0.02535700,0.03200000,0
1531163782046,1531163782041,3361327,0.02535700,0.03200000,0
1531163782312,1531163782306,3361328,0.02535600,0.04100000,0
1531163782363,1531163782359,3361329,0.02535600,0.02500000,0
1531163782662,1531163782659,3361330,0.02535600,0.03600000,0
1531163782779,1531163782773,3361331,0.02535600,0.06200000,0
1531163821733,1531163821726,3361332,0.02535600,0.10400000,0
1531163839522,1531163839518,3361333,0.02535600,0.93200000,0
1531163839522,1531163839518,3361334,0.02535700,0.07800000,0
1531163839575,1531163839572,3361335,0.02536700,0.08000000,0
1531163839582,1531163839577,3361336,0.02536700,0.08000000,0
1531163839616,1531163839611,3361337,0.02536700,0.14000000,0
1531163925237,1531163925232,3361338,0.02536200,0.59700000,0
1531163925572,1531163925567,3361339,0.02536200,0.08000000,0
1531163925585,1531163925578,3361340,0.02536200,0.08000000,0
1531163925605,1531163925599,3361341,0.02536200,0.08000000,0
1531163925636,1531163925631,3361342,0.02536200,0.08000000,0
1531163925654,1531163925649,3361343,0.02536200,0.08000000,0
1531163925667,1531163925661,3361344,0.02536200,0.08000000,0
1531163925697,1531163925693,3361345,0.02536200,0.11700000,0
1531163926575,1531163926569,3361346,0.02536200,0.08000000,0
1531163926597,1531163926592,3361347,0.02536200,0.08000000,0
1531163926619,1531163926614,3361348,0.02536200,0.14300000,0
1531163977238,1531163977232,3361349,0.02536100,0.08300000,0
1531163977274,1531163977268,3361350,0.02536100,0.08300000,0
1531163978265,1531163978258,3361351,0.02536100,0.08300000,0
1531163979275,1531163979269,3361352,0.02536100,0.08300000,0
1531163980282,1531163980275,3361353,0.02536100,0.08300000,0
1531163981281,1531163981277,3361354,0.02536100,0.08300000,0
1531163982282,1531163982275,3361355,0.02536100,0.08300000,0
1531163983285,1531163983279,3361356,0.02536100,0.08300000,0
1531163984288,1531163984283,3361357,0.02536100,0.08300000,0
1531163985276,1531163985270,3361358,0.02536100,0.08300000,0
1531163986290,1531163986285,3361359,0.02536100,0.07000000,0
1531163986290,1531163986285,3361360,0.02536200,0.01300000,0
1531163987284,1531163987280,3361361,0.02536200,0.07000000,0
1531164018932,1531164018927,3361362,0.02530700,0.00900000,1
1531164027087,1531164027081,3361363,0.02536100,0.51300000,0
1531164027128,1531164027124,3361364,0.02536100,0.08000000,0
1531164027147,1531164027142,3361365,0.02536100,0.08000000,0
1531164027167,1531164027162,3361366,0.02536100,0.08000000,0
1531164027189,1531164027181,3361367,0.02536100,0.08000000,0
1531164027207,1531164027203,3361368,0.02536100,0.06700000,0
1531164027207,1531164027203,3361369,0.02536200,0.01300000,0
1531164027236,1531164027232,3361370,0.02536200,0.10400000,0
1531164028114,1531164028106,3361371,0.02536200,0.08000000,0
1531164028144,1531164028143,3361372,0.02536200,0.08000000,0
1531164028166,1531164028163,3361373,0.02536200,0.08000000,0
1531164028177,1531164028173,3361374,0.02536200,0.14700000,0
1531164030187,1531164030182,3361375,0.02530700,0.49500000,1
1531164066597,1531164066591,3361376,0.02536000,0.02800000,0
1531164134334,1531164134331,3361377,0.02535400,0.07200000,0
1531164221239,1531164221233,3361378,0.02530700,0.02200000,1
1531164296195,1531164296190,3361379,0.02536200,0.07200000,0
1531164322469,1531164322462,3361380,0.02530700,0.01100000,1
1531164369142,1531164369136,3361381,0.02536200,0.39400000,0
1531164369178,1531164369177,3361382,0.02536200,0.04000000,0
1531164370174,1531164370168,3361383,0.02536200,0.04000000,0
1531164371185,1531164371178,3361384,0.02536200,0.04000000,0
1531164372179,1531164372177,3361385,0.02536200,0.04000000,0
1531164373186,1531164373181,3361386,0.02536200,0.04000000,0
1531164373363,1531164373358,3361387,0.02530700,0.02200000,1
1531164374183,1531164374177,3361388,0.02536200,0.04000000,0
1531164375184,1531164375181,3361389,0.02536200,0.04000000,0
1531164376190,1531164376186,3361390,0.02536200,0.04000000,0
1531164377190,1531164377187,3361391,0.02536200,0.04000000,0
1531164378192,1531164378188,3361392,0.02536200,0.04000000,0
1531164379190,1531164379185,3361393,0.02536200,0.04000000,0
1531164380190,1531164380185,3361394,0.02536200,0.04000000,0
1531164381195,1531164381189,3361395,0.02536200,0.04000000,0
1531164382205,1531164382200,3361396,0.02536200,0.04000000,0
1531164383195,1531164383190,3361397,0.02536200,0.04000000,0
1531164384196,1531164384190,3361398,0.02536200,0.04000000,0
1531164385196,1531164385194,3361399,0.02536200,0.04000000,0
1531164386214,1531164386210,3361400,0.02536200,0.04000000,0
1531164387203,1531164387198,3361401,0.02536200,0.04000000,0
1531164388216,1531164388210,3361402,0.02536200,0.04000000,0
1531164389213,1531164389208,3361403,0.02536200,0.04000000,0
1531164390220,1531164390214,3361404,0.02536200,0.02200000,0
1531164390220,1531164390214,3361405,0.02536300,0.01800000,0
1531164570522,1531164570517,3361406,0.02536200,0.04000000,0
1531164570591,1531164570586,3361407,0.02536200,0.04000000,0
1531164571561,1531164571556,3361408,0.02536200,0.04000000,0
1531164572553,1531164572550,3361409,0.02536200,0.04000000,0
1531164573557,1531164573552,3361410,0.02536200,0.04000000,0
1531164574556,1531164574550,3361411,0.02536200,0.04000000,0
1531164575556,1531164575550,3361412,0.02536200,0.04000000,0
1531164576564,1531164576558,3361413,0.02536200,0.04000000,0
1531164577246,1531164577240,3361414,0.02530700,0.19600000,1
1531164613825,1531164613819,3361415,0.02530700,0.00700000,1
1531164625991,1531164625985,3361416,0.02530700,0.73500000,1
1531164626038,1531164626036,3361417,0.02530700,0.88700000,0
1531164626169,1531164626162,3361418,0.02530700,0.37800000,0
1531164626527,1531164626521,3361419,0.02536300,0.06700000,0
1531164626562,1531164626557,3361420,0.02536300,0.06300000,0
1531164626609,1531164626605,3361421,0.02536300,0.06700000,0
1531164626658,1531164626657,3361422,0.02536300,0.06500000,0
1531164626706,1531164626700,3361423,0.02536300,0.06700000,0
1531164626749,1531164626742,3361424,0.02536300,0.06700000,0
1531164626831,1531164626825,3361425,0.02536300,0.06700000,0
1531164626832,1531164626826,3361426,0.02536300,0.05600000,0
1531164626832,1531164626826,3361427,0.02536500,0.01100000,0
1531164626882,1531164626877,3361428,0.02536500,0.06200000,0
1531164626907,1531164626902,3361429,0.02536500,0.06700000,0
1531164626933,1531164626927,3361430,0.02536500,0.06700000,0
1531164626954,1531164626950,3361431,0.02536500,0.05700000,0
1531164626975,1531164626968,3361432,0.02536500,0.06700000,0
1531164627003,1531164627000,3361433,0.02536500,0.22200000,0
1531164627037,1531164627031,3361434,0.02536500,0.06300000,0
1531164627175,1531164627169,3361435,0.02536500,0.06700000,0
1531164627194,1531164627187,3361436,0.02536500,0.06700000,0
1531164645220,1531164645214,3361437,0.02536400,0.04900000,0
1531164646959,1531164646952,3361438,0.02530600,0.06700000,1
1531164652113,1531164652108,3361439,0.02536400,0.07200000,0
1531164736096,1531164736088,3361440,0.02536400,0.39400000,0
1531164748934,1531164748927,3361441,0.02536400,0.22500000,0
1531164847730,1531164847727,3361442,0.02536400,0.00100000,0
1531164914000,1531164913995,3361443,0.02533900,0.01100000,1
1531164921320,1531164921316,3361444,0.02536400,0.39400000,0
1531164971805,1531164971798,3361445,0.02533900,0.04800000,1
1531164971805,1531164971798,3361446,0.02530200,0.75200000,1
1531165001254,1531165001248,3361447,0.02530300,0.71800000,1
1531165092525,1531165092519,3361448,0.02530300,0.01000000,1
1531165111960,1531165111954,3361449,0.02530300,0.17200000,1
1531165111960,1531165111954,3361450,0.02530200,0.31900000,1
1531165129624,1531165129618,3361451,0.02536000,0.84200000,0
1531165212939,1531165212932,3361452,0.02530800,0.01100000,1
1531165285438,1531165285432,3361453,0.02530900,0.84200000,1
1531165285458,1531165285451,3361454,0.02530900,0.55900000,0
1531165285473,1531165285468,3361455,0.02530900,0.65900000,0
1531165285507,1531165285501,3361456,0.02530900,0.00100000,0
1531165471758,1531165471752,3361457,0.02535900,0.39400000,0
1531165513436,1531165513429,3361458,0.02530900,0.01500000,1
1531165562356,1531165562353,3361459,0.02536300,0.39400000,0
1531165687810,1531165687804,3361460,0.02531600,1.09700000,1
1531165687810,1531165687804,3361461,0.02530200,0.06300000,1
1531165688792,1531165688787,3361462,0.02530300,0.77300000,1
1531165688792,1531165688787,3361463,0.02530200,0.19500000,1
1531165723268,1531165723264,3361464,0.02533500,0.02200000,1
1531165732540,1531165732537,3361465,0.02536100,0.50700000,0
1531165733465,1531165733456,3361466,0.02536100,0.39300000,0
1531165733465,1531165733456,3361467,0.02536200,1.07100000,0
1531165733465,1531165733456,3361468,0.02536300,0.37400000,0
1531165733465,1531165733456,3361469,0.02536400,0.05000000,0
1531165733465,1531165733456,3361470,0.02536500,5.03600000,0
1531165733465,1531165733456,3361471,0.02536900,0.11800000,0
1531165733465,1531165733456,3361472,0.02540200,0.32700000,0
1531165733465,1531165733456,3361473,0.02541500,1.47100000,0
1531165733465,1531165733456,3361474,0.02542600,1.92300000,0
1531165733465,1531165733456,3361475,0.02544000,11.14000000,0
1531165733465,1531165733456,3361476,0.02544100,5.02100000,0
1531165733465,1531165733456,3361477,0.02545900,1.95300000,0
1531165769753,1531165769748,3361478,0.02543500,0.04000000,0
1531165772368,1531165772362,3361479,0.02540700,0.19700000,1
1531165800227,1531165800221,3361480,0.02535500,0.30000000,1
1531165800227,1531165800221,3361481,0.02535400,0.19800000,1
1531165800227,1531165800221,3361482,0.02534700,0.32800000,1
1531165800227,1531165800221,3361483,0.02533500,0.03700000,1
1531165800227,1531165800221,3361484,0.02532400,1.44400000,1
1531165800227,1531165800221,3361485,0.02532300,0.79000000,1
1531165800227,1531165800221,3361486,0.02531900,1.15300000,1
1531165803312,1531165803305,3361487,0.02532300,0.47200000,1
1531165805935,1531165805932,3361488,0.02532300,1.41700000,1
1531165812149,1531165812142,3361489,0.02532000,1.41700000,1
1531165883785,1531165883779,3361490,0.02531200,0.11800000,1
1531165883785,1531165883779,3361491,0.02531100,0.32800000,1
1531165883785,1531165883779,3361492,0.02530100,1.31400000,1
1531165890655,1531165890648,3361493,0.02534700,0.04200000,0
1531165890695,1531165890688,3361494,0.02534700,0.06700000,0
1531165890816,1531165890814,3361495,0.02534700,0.06700000,0
1531165890874,1531165890872,3361496,0.02534700,0.05300000,0
1531165890876,1531165890872,3361497,0.02534700,0.05700000,0
1531165890959,1531165890952,3361498,0.02534700,0.05100000,0
1531165890983,1531165890976,3361499,0.02534700,0.06700000,0
1531165891043,1531165891041,3361500,0.02534700,0.05300000,0
1531165891065,1531165891057,3361501,0.02534700,0.06700000,0
1531165891166,1531165891161,3361502,0.02534400,0.05900000,0
1531165891338,1531165891336,3361503,0.02534400,0.06700000,0
1531165891349,1531165891346,3361504,0.02534400,0.06700000,0
1531165891389,1531165891388,3361505,0.02534400,0.06700000,0
1531165891409,1531165891403,3361506,0.02534400,0.06700000,0
1531165891459,1531165891452,3361507,0.02534400,0.05300000,0
1531165892080,1531165892074,3361508,0.02534400,0.04000000,0
1531165893069,1531165893064,3361509,0.02534400,0.04000000,0
1531165893976,1531165893969,3361510,0.02534300,0.06700000,0
1531165894072,1531165894067,3361511,0.02534300,0.04000000,0
1531165906979,1531165906974,3361512,0.02530100,0.06700000,1
1531165907499,1531165907495,3361513,0.02530100,0.05000000,1
1531165915068,1531165915062,3361514,0.02530100,0.05100000,1
1531165917568,1531165917561,3361515,0.02534300,1.18200000,0
1531165917568,1531165917561,3361516,0.02536400,0.11800000,0
1531165917568,1531165917561,3361517,0.02536600,8.70000000,0
1531165986604,1531165986599,3361518,0.02530300,0.47200000,1
1531166006826,1531166006819,3361519,0.02530300,0.39200000,1
1531166006826,1531166006819,3361520,0.02530200,0.15800000,1
1531166006826,1531166006819,3361521,0.02530100,0.86700000,1
1531166027172,1531166027166,3361522,0.02530100,0.05200000,1
1531166027172,1531166027166,3361523,0.02530000,0.01500000,1
1531166027172,1531166027166,3361524,0.02530000,0.63100000,1
1531166027760,1531166027755,3361525,0.02530000,1.77400000,1
1531166032236,1531166032230,3361526,0.02530000,0.00400000,1
1531166063347,1531166063345,3361527,0.02533000,0.35600000,1
1531166078959,1531166078952,3361528,0.02530000,0.16800000,1
1531166095322,1531166095315,3361529,0.02530000,3.92200000,1
1531166113527,1531166113520,3361530,0.02533900,0.06700000,0
1531166113576,1531166113570,3361531,0.02533900,0.06700000,0
1531166113614,1531166113610,3361532,0.02533900,0.06300000,0
1531166113674,1531166113667,3361533,0.02533900,0.70300000,0
1531166113674,1531166113667,3361534,0.02534000,0.18900000,0
1531166113674,1531166113667,3361535,0.02536300,0.31300000,0
1531166113712,1531166113706,3361536,0.02536300,0.06300000,0
1531166113781,1531166113776,3361537,0.02536300,0.06300000,0
1531166113800,1531166113795,3361538,0.02536300,0.06700000,0
1531166113823,1531166113821,3361539,0.02536300,0.06700000,0
1531166114019,1531166114013,3361540,0.02536200,0.03200000,0
1531166114106,1531166114100,3361541,0.02530100,0.00400000,1
1531166114792,1531166114786,3361542,0.02536200,0.06300000,0
1531166114935,1531166114930,3361543,0.02536200,0.09100000,0
1531166115936,1531166115929,3361544,0.02536200,0.09100000,0
1531166116921,1531166116915,3361545,0.02536200,0.09100000,0
1531166117925,1531166117921,3361546,0.02536200,0.09100000,0
1531166118923,1531166118916,3361547,0.02536200,0.09100000,0
1531166118992,1531166118988,3361548,0.02536200,0.35000000,0
1531166118992,1531166118988,3361549,0.02536300,0.04400000,0
1531166119928,1531166119923,3361550,0.02534000,0.08000000,0
1531166119956,1531166119952,3361551,0.02534000,0.08000000,0
1531166119980,1531166119974,3361552,0.02534000,0.08000000,0
1531166120000,1531166119994,3361553,0.02534000,0.08000000,0
1531166120015,1531166120007,3361554,0.02534000,0.06100000,0
1531166120015,1531166120007,3361555,0.02536300,0.06000000,0
1531166233659,1531166233649,3361556,0.02530100,0.90000000,1
1531166233659,1531166233649,3361557,0.02530000,24.28300000,1
1531166234246,1531166234241,3361558,0.02529900,0.31200000,1
1531166234246,1531166234241,3361559,0.02529800,0.62800000,1
1531166234277,1531166234271,3361560,0.02529700,0.30100000,1
1531166234317,1531166234305,3361561,0.02529000,0.07400000,1
1531166234360,1531166234357,3361562,0.02529000,0.17600000,1
1531166234360,1531166234357,3361563,0.02528800,0.04800000,1
1531166234360,1531166234357,3361564,0.02528700,0.04000000,1
1531166234360,1531166234357,3361565,0.02528100,0.12800000,1
1531166234360,1531166234357,3361566,0.02528000,0.25600000,1
1531166234360,1531166234357,3361567,0.02527800,0.04000000,1
1531166234360,1531166234357,3361568,0.02527700,0.08200000,1
1531166234360,1531166234357,3361569,0.02527600,0.23700000,1
1531166234362,1531166234357,3361570,0.02527600,0.31700000,1
1531166234362,1531166234357,3361571,0.02526900,0.12000000,1
1531166234387,1531166234382,3361572,0.02526900,0.57000000,0
1531166234578,1531166234572,3361573,0.02526900,1.00700000,0
1531166234655,1531166234648,3361574,0.02526800,0.04800000,1
1531166234655,1531166234648,3361575,0.02526600,0.04000000,1
1531166234655,1531166234648,3361576,0.02526500,0.00100000,1
1531166234686,1531166234682,3361577,0.02526600,0.07300000,0
1531166234734,1531166234729,3361578,0.02526600,0.00100000,0
1531166234741,1531166234736,3361579,0.02526700,0.06500000,1
1531166234753,1531166234751,3361580,0.02526700,0.06500000,1
1531166234762,1531166234758,3361581,0.02526700,0.06500000,1
1531166235359,1531166235355,3361582,0.02526700,1.19500000,1
1531166235391,1531166235386,3361583,0.02526700,0.33500000,0
1531166236388,1531166236382,3361584,0.02529700,0.03400000,0
1531166236437,1531166236431,3361585,0.02526500,0.09500000,1
1531166236501,1531166236496,3361586,0.02529700,0.03400000,0
1531166236581,1531166236580,3361587,0.02529700,0.02800000,0
1531166236616,1531166236611,3361588,0.02529700,0.03400000,0
1531166236678,1531166236674,3361589,0.02529700,0.03800000,0
1531166236726,1531166236720,3361590,0.02529700,0.03000000,0
1531166236743,1531166236736,3361591,0.02529700,0.06700000,0
1531166236773,1531166236766,3361592,0.02529700,0.03700000,0
1531166236817,1531166236811,3361593,0.02529700,0.06200000,0
1531166236873,1531166236869,3361594,0.02529700,0.06700000,0
1531166237005,1531166236998,3361595,0.02529700,0.06700000,0
1531166238577,1531166238572,3361596,0.02527200,0.87600000,1
1531166240437,1531166240430,3361597,0.02526400,0.04000000,1
1531166241508,1531166241504,3361598,0.02527200,0.04100000,0
1531166241508,1531166241504,3361599,0.02533200,0.02600000,0
1531166241590,1531166241583,3361600,0.02525300,0.14900000,1
1531166241615,1531166241610,3361601,0.02525200,0.00700000,1
1531166241699,1531166241693,3361602,0.02525200,0.00700000,1
1531166241727,1531166241720,3361603,0.02525200,0.00700000,1
1531166241762,1531166241756,3361604,0.02525200,0.00600000,1
1531166241924,1531166241922,3361605,0.02525200,0.00700000,1
1531166242563,1531166242556,3361606,0.02525200,0.27800000,1
1531166242563,1531166242556,3361607,0.02525000,0.50000000,1
1531166242563,1531166242556,3361608,0.02524700,0.29200000,1
1531166242563,1531166242556,3361609,0.02524000,2.69400000,1
1531166244433,1531166244432,3361610,0.02524500,0.74500000,1
1531166245691,1531166245687,3361611,0.02524000,0.00700000,1
1531166245746,1531166245743,3361612,0.02524000,0.00700000,1
1531166245894,1531166245887,3361613,0.02524000,0.00600000,1
1531166245923,1531166245916,3361614,0.02524000,0.00600000,1
1531166245935,1531166245929,3361615,0.02524000,0.47600000,1
1531166245952,1531166245947,3361616,0.02524000,0.00700000,1
1531166245982,1531166245978,3361617,0.02524000,0.00700000,1
1531166246005,1531166245999,3361618,0.02524000,0.00700000,1
1531166247673,1531166247667,3361619,0.02524100,0.04400000,1
1531166247673,1531166247667,3361620,0.02524000,1.34700000,1
1531166247673,1531166247667,3361621,0.02523700,1.95000000,1
1531166247920,1531166247916,3361622,0.02523700,0.00600000,1
1531166248038,1531166248033,3361623,0.02524100,0.00700000,1
1531166249441,1531166249439,3361624,0.02524100,1.74500000,1
1531166249764,1531166249757,3361625,0.02524100,0.00700000,1
1531166250441,1531166250434,3361626,0.02524100,1.14200000,1
1531166252349,1531166252342,3361627,0.02527100,0.45000000,0
1531166252349,1531166252342,3361628,0.02527200,1.42700000,0
1531166253555,1531166253547,3361629,0.02524500,0.30000000,1
1531166253555,1531166253547,3361630,0.02524400,0.70000000,1
1531166254674,1531166254667,3361631,0.02524600,0.00700000,1
1531166254696,1531166254690,3361632,0.02524600,0.00700000,1
1531166256294,1531166256287,3361633,0.02527100,0.31400000,0
1531166256294,1531166256287,3361634,0.02527200,0.68600000,0
1531166257195,1531166257190,3361635,0.02527200,0.02800000,0
1531166257254,1531166257248,3361636,0.02527200,0.03500000,0
1531166257321,1531166257317,3361637,0.02527200,0.03500000,0
1531166257348,1531166257344,3361638,0.02527200,0.03500000,0
1531166257402,1531166257395,3361639,0.02527200,0.03500000,0
1531166257421,1531166257415,3361640,0.02527200,0.03200000,0
1531166257480,1531166257474,3361641,0.02527200,0.03900000,0
1531166257559,1531166257553,3361642,0.02527200,0.03500000,0
1531166257607,1531166257601,3361643,0.02527200,0.03700000,0
1531166257718,1531166257712,3361644,0.02527200,0.03900000,0
1531166257772,1531166257765,3361645,0.02527200,0.03000000,0
1531166257782,1531166257779,3361646,0.02527200,0.03400000,0
1531166257802,1531166257800,3361647,0.02527200,0.03200000,0
1531166257905,1531166257900,3361648,0.02524600,0.04100000,1
1531166257910,1531166257903,3361649,0.02524600,0.00700000,1
1531166264748,1531166264743,3361650,0.02527200,0.02100000,0
1531166264748,1531166264743,3361651,0.02532900,0.01400000,0
1531166264769,1531166264762,3361652,0.02532900,0.05300000,0
1531166264923,1531166264916,3361653,0.02525500,0.00600000,1
1531166267136,1531166267131,3361654,0.02525700,0.00700000,1
1531166267302,1531166267296,3361655,0.02525700,0.28900000,1
1531166267302,1531166267296,3361656,0.02525600,0.03900000,1
1531166267697,1531166267691,3361657,0.02525500,0.32800000,1
1531166268740,1531166268736,3361658,0.02525600,0.26100000,1
1531166268740,1531166268736,3361659,0.02525500,0.06700000,1
1531166269148,1531166269144,3361660,0.02525500,0.36400000,1
1531166269868,1531166269862,3361661,0.02525600,0.15000000,1
1531166269868,1531166269862,3361662,0.02525500,0.19900000,1
1531166269868,1531166269862,3361663,0.02525200,0.03400000,1
1531166272647,1531166272640,3361664,0.02523600,0.00700000,1
1531166276165,1531166276159,3361665,0.02524000,0.00700000,1
1531166277061,1531166277054,3361666,0.02524000,0.09400000,1
1531166277108,1531166277107,3361667,0.02524000,0.08100000,1
1531166277135,1531166277129,3361668,0.02524000,0.04100000,1
1531166279646,1531166279639,3361669,0.02524900,0.00700000,1
1531166280660,1531166280639,3361670,0.02524900,0.37500000,1
1531166287165,1531166287159,3361671,0.02524500,0.00700000,1
1531166289993,1531166289989,3361672,0.02524600,0.00700000,1
1531166296339,1531166296334,3361673,0.02523600,0.05700000,1
1531166297063,1531166297056,3361674,0.02523900,0.04100000,1
1531166297372,1531166297366,3361675,0.02523900,0.04100000,1
1531166297952,1531166297952,3361676,0.02524500,0.04900000,1
1531166298112,1531166298111,3361677,0.02524500,0.04900000,1
1531166302306,1531166302299,3361678,0.02530100,0.39500000,0
1531166323502,1531166323496,3361679,0.02528700,0.23200000,0
1531166342251,1531166342245,3361680,0.02525900,0.61500000,1
1531166342551,1531166342547,3361681,0.02525600,0.55500000,1
1531166342551,1531166342547,3361682,0.02523600,0.64000000,1
1531166343819,1531166343814,3361683,0.02523600,0.75600000,1
1531166344516,1531166344509,3361684,0.02523600,0.28500000,1
1531166344516,1531166344509,3361685,0.02522800,0.06000000,1
1531166344516,1531166344509,3361686,0.02522000,0.04000000,1
1531166344516,1531166344509,3361687,0.02520800,0.35800000,1
1531166344516,1531166344509,3361688,0.02520600,0.04000000,1
1531166344516,1531166344509,3361689,0.02520100,8.11200000,1
1531166344683,1531166344679,3361690,0.02521400,0.37200000,0
1531166345057,1531166345050,3361691,0.02521400,0.48800000,0
1531166345165,1531166345159,3361692,0.02521400,0.14400000,0
1531166345903,1531166345896,3361693,0.02528600,0.10600000,0
1531166345926,1531166345920,3361694,0.02528600,0.02200000,0
1531166345999,1531166345993,3361695,0.02528600,0.03200000,0
1531166346280,1531166346274,3361696,0.02523700,0.00700000,1
1531166346302,1531166346297,3361697,0.02523700,0.00700000,1
1531166346356,1531166346350,3361698,0.02523700,0.00700000,1
1531166346372,1531166346366,3361699,0.02523700,0.00600000,1
1531166346473,1531166346466,3361700,0.02524000,0.41000000,1
1531166346473,1531166346466,3361701,0.02523700,3.18500000,1
1531166346486,1531166346482,3361702,0.02523700,0.00700000,1
1531166346522,1531166346515,3361703,0.02523700,0.35300000,1
1531166346535,1531166346529,3361704,0.02523700,0.05000000,1
1531166346535,1531166346529,3361705,0.02521400,0.10300000,1
1531166346537,1531166346532,3361706,0.02521400,0.35300000,1
1531166346730,1531166346723,3361707,0.02521400,0.19100000,1
1531166346750,1531166346745,3361708,0.02521400,0.20600000,1
1531166346750,1531166346745,3361709,0.02520000,0.34700000,1
1531166346751,1531166346745,3361710,0.02520000,1.94100000,1
1531166346780,1531166346777,3361711,0.02520000,0.18100000,1
1531166347056,1531166347050,3361712,0.02523700,0.30800000,0
1531166347187,1531166347186,3361713,0.02520000,0.19100000,1
1531166347695,1531166347688,3361714,0.02523700,1.00000000,0
1531166347854,1531166347850,3361715,0.02523700,0.96200000,0
1531166347916,1531166347910,3361716,0.02523700,1.23500000,0
1531166350015,1531166350010,3361717,0.02523800,0.24000000,1
1531166350307,1531166350303,3361718,0.02523700,0.20600000,1
1531166350699,1531166350693,3361719,0.02523700,1.68900000,1
1531166350699,1531166350693,3361720,0.02520100,0.62100000,1
1531166350745,1531166350740,3361721,0.02520100,0.35200000,1
1531166350750,1531166350743,3361722,0.02520100,0.02700000,1
1531166350750,1531166350743,3361723,0.02520000,0.18200000,1
1531166350751,1531166350744,3361724,0.02523700,0.24000000,0
1531166350754,1531166350749,3361725,0.02520000,0.32500000,1
1531166350762,1531166350756,3361726,0.02520000,0.06800000,1
1531166350769,1531166350769,3361727,0.02520000,0.20900000,1
1531166350770,1531166350769,3361728,0.02520000,0.20900000,1
1531166350778,1531166350774,3361729,0.02520000,0.08500000,1
1531166350781,1531166350776,3361730,0.02520000,0.06800000,1
1531166350961,1531166350955,3361731,0.02520000,0.06800000,1
1531166351019,1531166351014,3361732,0.02520000,0.06800000,1
1531166351019,1531166351014,3361733,0.02520000,1.05100000,1
1531166351092,1531166351087,3361734,0.02519400,0.16500000,1
1531166351116,1531166351110,3361735,0.02519400,0.03400000,1
1531166351116,1531166351110,3361736,0.02518900,0.15200000,1
1531166351116,1531166351110,3361737,0.02518800,0.04000000,1
1531166351116,1531166351110,3361738,0.02518100,0.04400000,1
1531166351116,1531166351110,3361739,0.02518000,0.05500000,1
1531166351166,1531166351159,3361740,0.02518000,0.06300000,1
1531166351166,1531166351159,3361741,0.02517900,0.14600000,1
1531166351186,1531166351178,3361742,0.02517900,0.18300000,1
1531166351186,1531166351178,3361743,0.02517600,0.02600000,1
1531166351215,1531166351212,3361744,0.02519100,0.06800000,0
1531166351365,1531166351364,3361745,0.02519100,0.06800000,0
1531166351411,1531166351408,3361746,0.02517600,0.01400000,1
1531166351411,1531166351408,3361747,0.02517500,0.14500000,1
1531166351411,1531166351408,3361748,0.02517000,0.05000000,1
1531166351439,1531166351432,3361749,0.02517800,0.16500000,1
1531166351465,1531166351459,3361750,0.02517800,0.32500000,1
1531166351484,1531166351476,3361751,0.02519100,0.06800000,0
1531166351493,1531166351486,3361752,0.02523700,0.43800000,0
1531166352408,1531166352402,3361753,0.02519100,0.17500000,0
1531166352673,1531166352667,3361754,0.02519100,0.08400000,0
1531166352673,1531166352667,3361755,0.02523600,0.13600000,0
1531166352673,1531166352667,3361756,0.02523700,0.21800000,0
1531166352773,1531166352770,3361757,0.02523700,0.05000000,0
1531166353175,1531166353169,3361758,0.02523700,0.13000000,0
1531166353175,1531166353169,3361759,0.02526800,0.04400000,0
1531166353175,1531166353169,3361760,0.02526900,0.32900000,0
1531166353371,1531166353365,3361761,0.02526900,0.49700000,1
1531166354415,1531166354409,3361762,0.02526900,0.27600000,0
1531166354415,1531166354409,3361763,0.02529700,0.56100000,0
1531166354634,1531166354631,3361764,0.02523700,0.00700000,1
1531166354824,1531166354819,3361765,0.02523700,0.00700000,1
1531166355421,1531166355418,3361766,0.02529800,0.08000000,0
1531166355429,1531166355423,3361767,0.02529800,0.83700000,0
1531166355451,1531166355444,3361768,0.02529800,0.08000000,0
1531166355470,1531166355464,3361769,0.02529800,0.08000000,0
1531166355481,1531166355474,3361770,0.02529800,0.08000000,0
1531166355506,1531166355500,3361771,0.02529800,0.08000000,0
1531166355534,1531166355532,3361772,0.02529800,0.11500000,0
1531166355722,1531166355716,3361773,0.02529800,0.83700000,0
1531166356984,1531166356977,3361774,0.02529800,0.83700000,0
1531166357833,1531166357825,3361775,0.02523700,0.03100000,1
1531166357833,1531166357825,3361776,0.02521700,0.32900000,1
1531166357833,1531166357825,3361777,0.02519100,0.17500000,1
1531166357833,1531166357825,3361778,0.02518000,1.00000000,1
1531166357833,1531166357825,3361779,0.02517100,1.18800000,1
1531166357833,1531166357825,3361780,0.02517000,0.15600000,1
1531166357833,1531166357825,3361781,0.02516100,0.04000000,1
1531166357833,1531166357825,3361782,0.02514500,0.04100000,1
1531166357833,1531166357825,3361783,0.02514400,0.91300000,1
1531166358008,1531166358002,3361784,0.02529700,0.83700000,0
1531166358848,1531166358842,3361785,0.02529600,0.90000000,0
1531166358848,1531166358842,3361786,0.02529700,0.01000000,0
1531166358848,1531166358842,3361787,0.02529800,0.16700000,0
1531166359432,1531166359428,3361788,0.02529600,0.08000000,0
1531166359443,1531166359436,3361789,0.02529600,0.08000000,0
1531166359468,1531166359465,3361790,0.02529600,0.08000000,0
1531166359488,1531166359481,3361791,0.02529600,0.08000000,0
1531166359490,1531166359485,3361792,0.02529600,0.08100000,0
1531166359520,1531166359515,3361793,0.02529600,0.08000000,0
1531166359538,1531166359532,3361794,0.02529600,0.08000000,0
1531166359545,1531166359544,3361795,0.02529600,0.08000000,0
1531166359582,1531166359576,3361796,0.02529600,0.08000000,0
1531166359592,1531166359587,3361797,0.02529600,0.26000000,0
1531166364537,1531166364529,3361798,0.02518000,0.00700000,1
1531166364553,1531166364546,3361799,0.02518000,0.00700000,1
1531166364580,1531166364575,3361800,0.02518000,0.00700000,1
1531166364588,1531166364583,3361801,0.02518000,0.00600000,1
1531166364609,1531166364603,3361802,0.02518000,0.00700000,1
1531166364635,1531166364627,3361803,0.02518000,0.00600000,1
1531166364646,1531166364640,3361804,0.02518000,0.00700000,1
1531166364660,1531166364654,3361805,0.02518100,0.00600000,1
1531166367269,1531166367261,3361806,0.02518300,0.25300000,1
1531166367269,1531166367261,3361807,0.02517800,0.10300000,1
1531166367269,1531166367261,3361808,0.02517700,0.01600000,1
1531166369039,1531166369034,3361809,0.02518600,0.00600000,1
1531166369136,1531166369129,3361810,0.02518600,0.00600000,1
1531166369272,1531166369267,3361811,0.02518600,0.00500000,1
1531166369299,1531166369295,3361812,0.02518600,0.00600000,1
1531166369338,1531166369333,3361813,0.02518600,0.00600000,1
1531166370039,1531166370032,3361814,0.02518600,0.00600000,1
1531166370226,1531166370219,3361815,0.02518600,0.23900000,1
1531166370226,1531166370219,3361816,0.02518400,0.98400000,1
1531166370226,1531166370219,3361817,0.02518300,1.00000000,1
1531166370354,1531166370347,3361818,0.02514900,0.00600000,1
1531166371082,1531166371076,3361819,0.02514900,0.00700000,1
1531166371114,1531166371108,3361820,0.02518000,0.40300000,0
1531166371114,1531166371108,3361821,0.02518100,0.52700000,0
1531166372103,1531166372098,3361822,0.02518100,0.00100000,0
1531166372123,1531166372117,3361823,0.02518100,0.40200000,0
1531166372398,1531166372393,3361824,0.02527800,0.05600000,0
1531166372766,1531166372759,3361825,0.02515100,0.00600000,1
1531166373102,1531166373097,3361826,0.02527600,0.39500000,0
1531166373702,1531166373695,3361827,0.02515300,0.00700000,1
1531166373747,1531166373741,3361828,0.02515300,0.00700000,1
1531166373789,1531166373783,3361829,0.02515300,0.00700000,1
1531166373853,1531166373849,3361830,0.02515300,0.00700000,1
1531166373954,1531166373949,3361831,0.02526300,0.06600000,0
1531166374464,1531166374462,3361832,0.02526300,0.04000000,0
1531166375475,1531166375457,3361833,0.02526300,0.04000000,0
1531166376485,1531166376480,3361834,0.02526300,0.04000000,0
1531166377478,1531166377473,3361835,0.02526300,0.04000000,0
1531166377856,1531166377853,3361836,0.02526200,0.02700000,0
1531166377920,1531166377915,3361837,0.02526200,0.02300000,0
1531166377989,1531166377983,3361838,0.02526200,0.02700000,0
1531166378058,1531166378056,3361839,0.02526200,0.02700000,0
1531166378134,1531166378130,3361840,0.02526200,0.02000000,0
1531166378150,1531166378145,3361841,0.02526200,0.02400000,0
1531166378166,1531166378159,3361842,0.02526200,0.02500000,0
1531166378316,1531166378309,3361843,0.02526200,0.03400000,0
1531166378457,1531166378451,3361844,0.02516300,0.00700000,1
1531166378473,1531166378467,3361845,0.02526200,0.04000000,0
1531166378550,1531166378544,3361846,0.02516300,0.00600000,1
1531166378806,1531166378798,3361847,0.02526200,0.03400000,0
1531166379233,1531166379228,3361848,0.02516300,0.29700000,1
1531166379643,1531166379637,3361849,0.02516400,0.32800000,1
1531166380048,1531166380041,3361850,0.02516400,0.36100000,1
1531166381066,1531166381063,3361851,0.02516300,0.36500000,1
1531166382447,1531166382441,3361852,0.02516300,0.37700000,1
1531166383075,1531166383069,3361853,0.02525800,0.04500000,0
1531166383320,1531166383315,3361854,0.02516300,0.00700000,1
1531166383537,1531166383531,3361855,0.02516300,0.00700000,1
1531166386685,1531166386683,3361856,0.02516500,0.00700000,1
1531166392305,1531166392297,3361857,0.02516600,0.00600000,1
1531166393687,1531166393682,3361858,0.02516300,0.00600000,1
1531166395916,1531166395909,3361859,0.02516400,0.25300000,1
1531166395916,1531166395909,3361860,0.02516300,0.05600000,1
1531166396490,1531166396484,3361861,0.02516700,0.18300000,1
1531166396490,1531166396484,3361862,0.02516300,0.13400000,1
1531166396820,1531166396813,3361863,0.02517200,0.00700000,1
1531166397298,1531166397291,3361864,0.02517200,0.24600000,1
1531166397298,1531166397291,3361865,0.02516300,0.11500000,1
1531166397531,1531166397525,3361866,0.02516300,0.08000000,1
1531166397538,1531166397534,3361867,0.02516300,0.08000000,1
1531166397572,1531166397567,3361868,0.02516300,0.08000000,1
1531166397580,1531166397574,3361869,0.02516300,0.08000000,1
1531166397600,1531166397593,3361870,0.02516300,0.08000000,1
1531166397622,1531166397616,3361871,0.02516300,0.08000000,1
1531166397648,1531166397642,3361872,0.02516300,0.08000000,1
1531166397666,1531166397661,3361873,0.02516300,0.09300000,1
1531166398375,1531166398370,3361874,0.02516600,0.04100000,0
1531166399436,1531166399430,3361875,0.02516600,0.04100000,0
1531166401427,1531166401422,3361876,0.02525600,0.02500000,0
1531166401477,1531166401471,3361877,0.02525600,0.08100000,0
1531166401540,1531166401537,3361878,0.02516400,0.00200000,1
1531166401621,1531166401615,3361879,0.02516400,0.00700000,1
1531166404811,1531166404805,3361880,0.02517700,0.00700000,1
1531166409620,1531166409612,3361881,0.02525100,0.16600000,0
1531166409620,1531166409612,3361882,0.02525200,0.15600000,0
1531166410532,1531166410530,3361883,0.02525500,0.15000000,0
1531166410779,1531166410772,3361884,0.02525100,0.02300000,0
1531166410890,1531166410885,3361885,0.02517700,0.00700000,1
1531166411174,1531166411166,3361886,0.02525100,0.07100000,0
1531166414045,1531166414037,3361887,0.02518000,0.17300000,1
1531166414045,1531166414037,3361888,0.02517900,0.10300000,1
1531166414045,1531166414037,3361889,0.02517700,1.00000000,1
1531166414045,1531166414037,3361890,0.02517600,0.22100000,1
1531166414045,1531166414037,3361891,0.02514200,0.10000000,1
1531166414045,1531166414037,3361892,0.02514100,0.08000000,1
1531166414045,1531166414037,3361893,0.02514000,0.44200000,1
1531166414892,1531166414885,3361894,0.02524700,0.03500000,0
1531166414936,1531166414931,3361895,0.02524700,0.03500000,0
1531166414963,1531166414957,3361896,0.02524700,0.03500000,0
1531166415034,1531166415028,3361897,0.02524700,0.03500000,0
1531166415055,1531166415050,3361898,0.02524700,0.03500000,0
1531166415538,1531166415535,3361899,0.02524700,0.08000000,0
1531166415558,1531166415552,3361900,0.02524700,0.08800000,0
1531166415665,1531166415662,3361901,0.02524700,0.07100000,0
1531166416190,1531166416184,3361902,0.02514100,0.00900000,1
1531166418691,1531166418685,3361903,0.02516700,0.96500000,0
1531166418691,1531166418685,3361904,0.02524400,0.15900000,0
1531166418691,1531166418685,3361905,0.02524500,0.44600000,0
1531166419436,1531166419430,3361906,0.02516700,0.15300000,0
1531166420576,1531166420569,3361907,0.02516700,0.04100000,0
1531166421472,1531166421467,3361908,0.02520400,0.04000000,0
1531166421551,1531166421546,3361909,0.02520400,0.03900000,0
1531166421576,1531166421569,3361910,0.02520400,0.02400000,0
1531166421591,1531166421585,3361911,0.02520400,0.22600000,0
1531166421681,1531166421674,3361912,0.02524700,0.02700000,0
1531166421721,1531166421714,3361913,0.02524700,0.01600000,0
1531166421721,1531166421714,3361914,0.02524800,0.00600000,0
1531166421747,1531166421742,3361915,0.02524800,0.03300000,0
1531166421782,1531166421776,3361916,0.02524800,0.03500000,0
1531166421840,1531166421836,3361917,0.02524800,0.03500000,0
1531166421915,1531166421909,3361918,0.02524800,0.03300000,0
1531166422010,1531166422008,3361919,0.02524800,0.03500000,0
1531166422038,1531166422036,3361920,0.02524800,0.03500000,0
1531166422043,1531166422036,3361921,0.02524800,0.03500000,0
1531166422069,1531166422062,3361922,0.02524800,0.03700000,0
1531166422142,1531166422135,3361923,0.02524800,0.03600000,0
1531166422251,1531166422245,3361924,0.02514600,0.00700000,1
1531166424985,1531166424980,3361925,0.02524600,0.07100000,0
1531166428052,1531166428045,3361926,0.02524600,0.07100000,0
1531166438770,1531166438765,3361927,0.02516500,0.34500000,1
1531166438770,1531166438765,3361928,0.02516400,0.04000000,1
1531166447321,1531166447319,3361929,0.02524400,0.00100000,0
1531166447950,1531166447943,3361930,0.02524400,0.04100000,0
1531166452280,1531166452274,3361931,0.02524400,0.18900000,0
1531166456389,1531166456381,3361932,0.02524400,1.00000000,0
1531166457392,1531166457386,3361933,0.02524600,0.34500000,0
1531166458622,1531166458617,3361934,0.02524700,0.32900000,0
1531166460033,1531166460026,3361935,0.02524400,0.05700000,0
1531166461386,1531166461379,3361936,0.02524400,0.60400000,0
1531166462380,1531166462378,3361937,0.02525500,0.05700000,0
1531166481939,1531166481932,3361938,0.02520100,0.10100000,1
1531166485191,1531166485183,3361939,0.02529200,0.10100000,0
1531166485191,1531166485183,3361940,0.02529300,0.29400000,0
1531166520188,1531166520182,3361941,0.02521200,0.04100000,1
1531166628535,1531166628528,3361942,0.02520000,0.01800000,1
1531166629011,1531166629005,3361943,0.02520000,0.02200000,1
1531166669497,1531166669489,3361944,0.02529000,0.39500000,0
1531166712458,1531166712457,3361945,0.02520000,0.01000000,1
1531166721464,1531166721460,3361946,0.02528500,4.33800000,1
1531166762898,1531166762892,3361947,0.02528700,0.39500000,0
1531166779308,1531166779301,3361948,0.02520100,0.24400000,1
1531166779308,1531166779301,3361949,0.02520000,0.05000000,1
1531166779308,1531166779301,3361950,0.02519300,0.33000000,1
1531166779308,1531166779301,3361951,0.02516100,0.16600000,1
1531166795620,1531166795613,3361952,0.02516100,6.71800000,1
1531166795620,1531166795613,3361953,0.02513900,9.11500000,1
1531166823069,1531166823066,3361954,0.02516400,0.04100000,1
1531166848342,1531166848335,3361955,0.02526700,0.09300000,0
1531166873872,1531166873866,3361956,0.02526000,0.36300000,0
1531166884575,1531166884571,3361957,0.02526600,0.02700000,1
1531166924730,1531166924725,3361958,0.02526400,1.03300000,1
1531166924749,1531166924747,3361959,0.02526400,0.86600000,1
1531166964476,1531166964474,3361960,0.02517500,0.04100000,1
1531167009043,1531167009040,3361961,0.02526900,0.01900000,0
1531167015200,1531167015198,3361962,0.02518200,0.01400000,1
1531167016949,1531167016942,3361963,0.02518300,0.02200000,1
1531167068989,1531167068983,3361964,0.02528500,0.04900000,0
1531167077148,1531167077145,3361965,0.02518000,0.26200000,1
1531167077148,1531167077145,3361966,0.02517600,0.42300000,1
1531167084723,1531167084721,3361967,0.02528000,0.07200000,0
1531167101807,1531167101803,3361968,0.02528000,0.11800000,0
1531167205982,1531167205976,3361969,0.02528000,0.15200000,0
1531167277855,1531167277850,3361970,0.02520000,0.02200000,1
1531167280056,1531167280048,3361971,0.02517600,0.02200000,1
1531167313581,1531167313579,3361972,0.02518800,0.00700000,1
1531167316120,1531167316114,3361973,0.02517600,0.00700000,1
1531167346073,1531167346066,3361974,0.02517600,0.09500000,1
1531167361662,1531167361661,3361975,0.02527600,0.08000000,0
1531167361695,1531167361688,3361976,0.02527600,0.11300000,0
1531167362706,1531167362705,3361977,0.02527600,0.08000000,0
1531167417665,1531167417658,3361978,0.02527500,0.07600000,0
1531167420715,1531167420709,3361979,0.02527500,0.07200000,0
1531167442479,1531167442474,3361980,0.02526900,0.32900000,0
1531167443416,1531167443409,3361981,0.02526900,0.08000000,0
1531167443420,1531167443414,3361982,0.02526900,0.08000000,0
1531167443454,1531167443447,3361983,0.02526900,0.08000000,0
1531167443484,1531167443480,3361984,0.02526900,0.08900000,0
1531167444407,1531167444400,3361985,0.02526900,0.12100000,0
1531167476433,1531167476427,3361986,0.02517800,0.24700000,1
1531167476433,1531167476427,3361987,0.02517700,0.90000000,1
1531167476433,1531167476427,3361988,0.02517600,0.63300000,1
1531167500818,1531167500812,3361989,0.02518300,0.01000000,1
1531167510446,1531167510438,3361990,0.02524200,0.07700000,0
1531167513167,1531167513162,3361991,0.02524000,0.07700000,0
1531167519074,1531167519068,3361992,0.02526500,0.03900000,0
1531167527376,1531167527371,3361993,0.02525700,0.00100000,0
1531167543546,1531167543544,3361994,0.02524700,1.64500000,0
1531167543546,1531167543544,3361995,0.02526200,2.10000000,0
1531167543677,1531167543671,3361996,0.02526200,0.08000000,0
1531167543683,1531167543678,3361997,0.02526200,0.08000000,0
1531167543708,1531167543702,3361998,0.02526200,0.08000000,0
1531167543734,1531167543730,3361999,0.02526200,0.05900000,0
1531167543734,1531167543730,3362000,0.02526500,0.02100000,0
1531167543750,1531167543744,3362001,0.02526500,0.08000000,0
1531167543787,1531167543781,3362002,0.02526500,0.08000000,0
1531167543790,1531167543788,3362003,0.02526500,0.08000000,0
1531167543815,1531167543808,3362004,0.02526500,0.08000000,0
1531167543842,1531167543836,3362005,0.02526100,0.24700000,0
1531167543842,1531167543836,3362006,0.02526500,0.01300000,0
1531167604443,1531167604437,3362007,0.02526300,3.00000000,0
1531167604654,1531167604654,3362008,0.02526300,0.08000000,0
1531167604665,1531167604660,3362009,0.02526300,0.08000000,0
1531167604697,1531167604694,3362010,0.02526300,0.08000000,0
1531167604707,1531167604702,3362011,0.02526300,0.08000000,0
1531167604728,1531167604723,3362012,0.02526300,0.08000000,0
1531167604749,1531167604744,3362013,0.02526300,0.08000000,0
1531167604768,1531167604762,3362014,0.02526300,0.08000000,0
1531167604798,1531167604797,3362015,0.02526300,0.08000000,0
1531167604814,1531167604813,3362016,0.02526300,0.26000000,0
1531167678573,1531167678566,3362017,0.02520000,0.12600000,1
1531167735487,1531167735480,3362018,0.02527300,1.59900000,0
1531167735487,1531167735480,3362019,0.02527600,1.17700000,0
1531167736414,1531167736408,3362020,0.02527600,0.08000000,0
1531167736434,1531167736435,3362021,0.02527600,0.08000000,0
1531167736472,1531167736470,3362022,0.02527600,0.08000000,0
1531167736495,1531167736488,3362023,0.02527600,0.08000000,0
1531167736515,1531167736513,3362024,0.02527600,0.08000000,0
1531167736526,1531167736519,3362025,0.02527600,0.08000000,0
1531167736553,1531167736548,3362026,0.02527600,0.08000000,0
1531167736576,1531167736571,3362027,0.02527600,0.08000000,0
1531167736594,1531167736590,3362028,0.02527600,0.26000000,0
1531167908581,1531167908577,3362029,0.02525200,2.92100000,0
1531167908618,1531167908613,3362030,0.02525200,0.08000000,0
1531167908641,1531167908635,3362031,0.02525200,0.08000000,0
1531167908651,1531167908645,3362032,0.02525200,0.08000000,0
1531167908676,1531167908673,3362033,0.02525200,0.08000000,0
1531167908706,1531167908701,3362034,0.02525200,0.13000000,0
1531167915321,1531167915321,3362035,0.02520000,0.01000000,1
1531168060699,1531168060693,3362036,0.02521200,0.12000000,1
1531168060719,1531168060720,3362037,0.02521200,0.28700000,1
1531168082833,1531168082831,3362038,0.02520900,0.34700000,1
1531168119910,1531168119904,3362039,0.02526700,0.04800000,0
1531168142027,1531168142020,3362040,0.02529000,0.39500000,0
1531168192622,1531168192616,3362041,0.02528800,0.19500000,0
1531168215373,1531168215366,3362042,0.02520600,0.00400000,1
1531168271344,1531168271338,3362043,0.02522200,0.12100000,1
1531168508314,1531168508309,3362044,0.02525500,0.12100000,0
1531168508314,1531168508309,3362045,0.02528400,0.71300000,0
1531168514882,1531168514877,3362046,0.02520100,0.00500000,1
1531168567754,1531168567749,3362047,0.02521600,0.15200000,1
1531168647066,1531168647059,3362048,0.02521700,0.15000000,1
1531168647066,1531168647059,3362049,0.02521600,0.21600000,1
1531168647098,1531168647093,3362050,0.02521500,0.08000000,1
1531168647115,1531168647111,3362051,0.02521500,0.08000000,1
1531168647139,1531168647131,3362052,0.02521500,0.08000000,1
1531168647158,1531168647153,3362053,0.02521500,0.08000000,1
1531168647179,1531168647176,3362054,0.02521500,0.08000000,1
1531168647210,1531168647209,3362055,0.02521500,0.08000000,1
1531168647226,1531168647220,3362056,0.02521500,0.12000000,1
1531168651457,1531168651453,3362057,0.02521600,0.08100000,0
1531168651484,1531168651483,3362058,0.02521600,0.36400000,0
1531168651537,1531168651532,3362059,0.02526900,0.07600000,0
1531168651624,1531168651621,3362060,0.02526900,0.08100000,0
1531168651652,1531168651647,3362061,0.02526900,0.08100000,0
1531168651700,1531168651694,3362062,0.02526900,0.07600000,0
1531168651779,1531168651774,3362063,0.02526900,0.08100000,0
1531168818581,1531168818576,3362064,0.02520300,0.00200000,1
1531168822316,1531168822310,3362065,0.02525900,0.00400000,0
1531168822467,1531168822461,3362066,0.02525900,0.04000000,0
1531168823445,1531168823439,3362067,0.02525900,0.04000000,0
1531168824447,1531168824439,3362068,0.02525900,0.04000000,0
1531168825452,1531168825445,3362069,0.02525900,0.04000000,0
1531168826458,1531168826456,3362070,0.02525900,0.04000000,0
1531168827446,1531168827440,3362071,0.02525900,0.04000000,0
1531168828448,1531168828442,3362072,0.02525900,0.04000000,0
1531168829457,1531168829452,3362073,0.02525900,0.04000000,0
1531168830470,1531168830464,3362074,0.02525900,0.04000000,0
1531168831456,1531168831455,3362075,0.02525900,0.04000000,0
1531168832466,1531168832462,3362076,0.02525900,0.04000000,0
1531168833460,1531168833453,3362077,0.02525900,0.04000000,0
1531168834462,1531168834460,3362078,0.02525900,0.04000000,0
1531168835475,1531168835471,3362079,0.02525900,0.04000000,0
1531168836483,1531168836480,3362080,0.02525900,0.04000000,0
1531168837484,1531168837478,3362081,0.02525900,0.04000000,0
1531168838484,1531168838477,3362082,0.02525900,0.04000000,0
1531168839473,1531168839469,3362083,0.02525900,0.04000000,0
1531168840474,1531168840469,3362084,0.02525900,0.04000000,0
1531168841501,1531168841496,3362085,0.02525900,0.04000000,0
1531168842487,1531168842485,3362086,0.02525900,0.04000000,0
1531168843482,1531168843475,3362087,0.02525900,0.04000000,0
1531168844484,1531168844477,3362088,0.02525900,0.04000000,0
1531168936339,1531168936333,3362089,0.02520300,0.02100000,1
1531168954618,1531168954612,3362090,0.02520300,0.85700000,1
1531168954618,1531168954612,3362091,0.02520200,0.05100000,1
1531168954618,1531168954612,3362092,0.02520100,0.40800000,1
1531168954618,1531168954612,3362093,0.02520000,0.30300000,1
1531168965596,1531168965589,3362094,0.02525500,0.39500000,0
1531168965773,1531168965771,3362095,0.02525500,0.33300000,0
1531168965773,1531168965771,3362096,0.02525600,0.06200000,0
1531168989343,1531168989337,3362097,0.02520100,0.02000000,1
1531169018025,1531169018021,3362098,0.02525200,0.04200000,0
1531169092578,1531169092570,3362099,0.02525500,1.42000000,0
1531169092625,1531169092621,3362100,0.02525500,0.08000000,0
1531169092647,1531169092644,3362101,0.02525500,0.08000000,0
1531169092667,1531169092662,3362102,0.02525500,0.08000000,0
1531169092694,1531169092687,3362103,0.02525500,0.13000000,0
1531169093625,1531169093619,3362104,0.02525500,0.08000000,0
1531169148437,1531169148432,3362105,0.02524900,0.15000000,0
1531169148437,1531169148432,3362106,0.02525000,0.24600000,0
1531169149653,1531169149648,3362107,0.02525000,0.08000000,0
1531169149673,1531169149670,3362108,0.02525000,0.08000000,0
1531169149713,1531169149707,3362109,0.02525000,0.14000000,0
1531169288367,1531169288361,3362110,0.02524900,0.04300000,0
1531169288407,1531169288402,3362111,0.02524900,0.04300000,0
1531169289401,1531169289398,3362112,0.02524900,0.04300000,0
1531169290392,1531169290387,3362113,0.02524900,0.04300000,0
1531169291404,1531169291399,3362114,0.02524900,0.04300000,0
1531169292403,1531169292398,3362115,0.02524900,0.04300000,0
1531169293403,1531169293397,3362116,0.02524900,0.04200000,0
1531169293403,1531169293397,3362117,0.02525000,0.00100000,0
1531169294409,1531169294402,3362118,0.02525000,0.04200000,0
1531169474299,1531169474294,3362119,0.02524700,1.00900000,0
1531169475330,1531169475324,3362120,0.02525000,0.08000000,0
1531169475355,1531169475349,3362121,0.02525000,0.08000000,0
1531169475374,1531169475370,3362122,0.02525000,0.08000000,0
1531169475385,1531169475379,3362123,0.02525000,0.08000000,0
1531169475411,1531169475406,3362124,0.02525000,0.13000000,0
1531169574692,1531169574685,3362125,0.02524800,3.56400000,0
1531169574692,1531169574685,3362126,0.02525000,6.22500000,0
1531169574692,1531169574685,3362127,0.02526200,0.05100000,0
1531169574692,1531169574685,3362128,0.02526600,0.02400000,0
1531169574895,1531169574892,3362129,0.02526600,0.08000000,0
1531169574906,1531169574900,3362130,0.02526600,0.08000000,0
1531169574935,1531169574929,3362131,0.02526600,0.08000000,0
1531169574945,1531169574939,3362132,0.02526600,0.08000000,0
1531169574981,1531169574974,3362133,0.02526600,0.08000000,0
1531169574995,1531169574989,3362134,0.02526600,0.08000000,0
1531169575015,1531169575010,3362135,0.02526600,0.08000000,0
1531169575031,1531169575026,3362136,0.02526600,0.04000000,0
1531169575031,1531169575026,3362137,0.02529100,0.04000000,0
1531169575068,1531169575065,3362138,0.02529100,0.00600000,0
1531169575068,1531169575065,3362139,0.02529500,0.25400000,0
1531169602711,1531169602706,3362140,0.02527700,0.39500000,0
1531169692886,1531169692879,3362141,0.02527700,0.10900000,0
1531169781745,1531169781739,3362142,0.02527400,0.90000000,0
1531169781745,1531169781739,3362143,0.02527500,0.89800000,0
1531169781785,1531169781781,3362144,0.02527700,1.98100000,1
1531169781807,1531169781803,3362145,0.02527900,0.08000000,0
1531169781824,1531169781818,3362146,0.02527900,0.08000000,0
1531169781838,1531169781833,3362147,0.02527900,0.08000000,0
1531169781858,1531169781854,3362148,0.02527900,0.08000000,0
1531169781889,1531169781882,3362149,0.02527900,0.08000000,0
1531169781905,1531169781901,3362150,0.02527900,0.08000000,0
1531169781919,1531169781917,3362151,0.02527900,0.08000000,0
1531169781939,1531169781932,3362152,0.02527900,0.08000000,0
1531169781973,1531169781967,3362153,0.02527900,0.26000000,0
1531169782100,1531169782095,3362154,0.02527700,4.89600000,1
1531169782781,1531169782775,3362155,0.02527700,0.08000000,1
1531169782794,1531169782788,3362156,0.02527700,0.16000000,1
1531169782809,1531169782803,3362157,0.02527700,5.98100000,1
1531169783355,1531169783349,3362158,0.02527700,1.21300000,1
1531169790805,1531169790799,3362159,0.02527700,0.14300000,1
1531169796596,1531169796591,3362160,0.02527700,0.54200000,1
1531169807138,1531169807133,3362161,0.02527700,0.91000000,1
1531169807483,1531169807478,3362162,0.02527700,1.00000000,1
1531169809307,1531169809299,3362163,0.02527700,1.46100000,1
1531169830606,1531169830600,3362164,0.02527700,0.68300000,1
1531169830847,1531169830841,3362165,0.02527700,0.99000000,1
1531169831427,1531169831421,3362166,0.02527700,0.59900000,1
1531169834992,1531169834986,3362167,0.02527700,1.62800000,1
1531169854835,1531169854829,3362168,0.02527700,0.51200000,1
1531169858083,1531169858079,3362169,0.02527700,0.38400000,1
1531169867552,1531169867546,3362170,0.02528100,7.54600000,0
1531169867552,1531169867546,3362171,0.02529600,1.18800000,0
1531169867552,1531169867546,3362172,0.02533300,4.23900000,0
1531169867639,1531169867632,3362173,0.02533300,3.02700000,1
1531169868814,1531169868809,3362174,0.02527700,1.87400000,1
1531169905237,1531169905233,3362175,0.02531600,0.08000000,0
1531169905249,1531169905243,3362176,0.02531600,0.16000000,0
1531169986522,1531169986516,3362177,0.02532000,0.31900000,0
1531169986522,1531169986516,3362178,0.02533200,1.68100000,0
1531170003013,1531170003008,3362179,0.02527700,0.38300000,1
1531170012814,1531170012809,3362180,0.02527700,0.00200000,1
1531170024711,1531170024707,3362181,0.02532900,0.01700000,0
1531170056009,1531170056004,3362182,0.02532900,0.02200000,0
1531170106681,1531170106676,3362183,0.02533200,0.30800000,0
1531170249403,1531170249399,3362184,0.02527900,0.09500000,1
1531170318856,1531170318851,3362185,0.02527900,0.00100000,1
1531170381091,1531170381086,3362186,0.02527900,0.39600000,1
1531170381112,1531170381108,3362187,0.02527900,0.39600000,1
1531170505566,1531170505560,3362188,0.02527800,0.22300000,1
1531170509619,1531170509612,3362189,0.02531800,0.24600000,0
1531170542300,1531170542294,3362190,0.02531800,0.00100000,0
1531170618906,1531170618901,3362191,0.02527800,0.00100000,1
1531170916345,1531170916342,3362192,0.02527900,0.00200000,1
1531170923022,1531170923016,3362193,0.02527900,0.05300000,1
1531170947288,1531170947283,3362194,0.02528000,0.04200000,1
1531170986822,1531170986818,3362195,0.02532000,0.08100000,0
1531171046179,1531171046174,3362196,0.02527900,0.35300000,1
1531171046179,1531171046174,3362197,0.02527800,1.80000000,1
1531171080733,1531171080727,3362198,0.02527800,0.32100000,1
1531171198728,1531171198722,3362199,0.02527800,0.10000000,1
1531171215420,1531171215414,3362200,0.02527800,0.00200000,1
1531171219618,1531171219613,3362201,0.02527800,0.05900000,1
1531171219618,1531171219613,3362202,0.02527700,2.09100000,1
1531171230701,1531171230696,3362203,0.02527700,1.17600000,1
1531171250463,1531171250460,3362204,0.02527700,1.25700000,1
1531171250463,1531171250460,3362205,0.02526900,0.14300000,1
1531171287616,1531171287612,3362206,0.02533200,0.04000000,0
1531171412832,1531171412827,3362207,0.02532400,0.14300000,0
1531171412832,1531171412827,3362208,0.02532500,0.23600000,0
1531171517403,1531171517399,3362209,0.02523300,0.00100000,1
1531171805213,1531171805209,3362210,0.02532100,0.39400000,0
1531171816907,1531171816901,3362211,0.02523200,0.00200000,1
1531171882585,1531171882581,3362212,0.02524000,0.12300000,1
1531171882585,1531171882581,3362213,0.02523200,0.15000000,1
1531171884508,1531171884503,3362214,0.02523200,0.07700000,0
1531171884559,1531171884556,3362215,0.02523200,0.06700000,0
1531171887105,1531171887102,3362216,0.02523100,0.90000000,1
1531171977336,1531171977334,3362217,0.02523100,1.62400000,0
1531172015754,1531172015749,3362218,0.02523100,3.79900000,0
1531172077262,1531172077257,3362219,0.02523100,2.08100000,1
1531172118273,1531172118270,3362220,0.02523100,0.00200000,1
1531172194233,1531172194228,3362221,0.02529300,0.20000000,0
1531172194233,1531172194228,3362222,0.02529400,0.19500000,0
1531172304436,1531172304417,3362223,0.02523100,0.69900000,1
1531172317000,1531172316996,3362224,0.02523100,0.17700000,1
1531172317544,1531172317540,3362225,0.02529400,0.02600000,0
1531172331238,1531172331234,3362226,0.02523100,1.05600000,1
1531172386308,1531172386304,3362227,0.02523100,0.08200000,1
1531172413192,1531172413188,3362228,0.02523000,0.00300000,1
1531172428144,1531172428142,3362229,0.02523000,0.33000000,1
1531172544368,1531172544364,3362230,0.02523000,1.82500000,1
1531172643697,1531172643694,3362231,0.02523000,2.99400000,1
1531172720376,1531172720372,3362232,0.02518200,0.00300000,1
1531172721845,1531172721841,3362233,0.02518100,0.00300000,1
1531172922260,1531172922257,3362234,0.02520600,1.34800000,1
1531172973999,1531172973996,3362235,0.02527000,0.04200000,0
1531173013413,1531173013410,3362236,0.02520600,0.00400000,1
1531173272787,1531173272782,3362237,0.02520600,0.05200000,1
1531173302825,1531173302821,3362238,0.02520600,0.18700000,1
1531173302825,1531173302821,3362239,0.02520500,0.10300000,1
1531173302825,1531173302821,3362240,0.02518100,0.72000000,1
1531173327290,1531173327287,3362241,0.02518200,0.83500000,1
1531173617428,1531173617426,3362242,0.02518200,0.00300000,1
1531173618807,1531173618805,3362243,0.02524800,0.04000000,0
1531173618807,1531173618805,3362244,0.02528200,0.02800000,0
1531173912044,1531173912040,3362245,0.02522800,0.00400000,1
1531174207040,1531174207037,3362246,0.02522800,0.26000000,1
1531174207040,1531174207037,3362247,0.02520300,0.09900000,1
1531174207040,1531174207037,3362248,0.02518100,0.14100000,1
1531174215998,1531174215997,3362249,0.02518300,0.00300000,1
1531174227328,1531174227325,3362250,0.02521900,0.08100000,0
1531174264230,1531174264227,3362251,0.02521900,1.73000000,0
1531174267404,1531174267402,3362252,0.02521900,1.51200000,0
1531174275654,1531174275652,3362253,0.02521800,0.22000000,0
1531174275654,1531174275652,3362254,0.02521900,0.75400000,0
1531174295080,1531174295078,3362255,0.02521900,3.80500000,0
1531174302119,1531174302117,3362256,0.02521900,4.06600000,0
1531174312549,1531174312548,3362257,0.02521900,4.16500000,0
1531174312627,1531174312623,3362258,0.02521900,57.80300000,0
1531174312656,1531174312655,3362259,0.02524300,0.66300000,0
1531174314787,1531174314786,3362260,0.02518300,0.31800000,1
1531174320170,1531174320168,3362261,0.02528400,0.06200000,0
1531174320266,1531174320263,3362262,0.02528400,0.08400000,0
1531174326661,1531174326659,3362263,0.02518700,0.10000000,1
1531174463438,1531174463434,3362264,0.02528300,1.18700000,1
1531174496950,1531174496947,3362265,0.02528300,0.10000000,0
1531174497594,1531174497592,3362266,0.02528600,0.69000000,1
1531174580811,1531174580807,3362267,0.02532700,0.22500000,0
1531174630314,1531174630310,3362268,0.02532500,0.07800000,0
1531174631121,1531174631118,3362269,0.02532500,0.07800000,0
1531174632129,1531174632127,3362270,0.02532500,0.07800000,0
1531174633130,1531174633127,3362271,0.02532400,0.07800000,0
1531174642824,1531174642821,3362272,0.02533300,0.02300000,0
1531174672682,1531174672680,3362273,0.02533300,0.05500000,0
1531174674463,1531174674461,3362274,0.02532400,1.00000000,1
1531174814460,1531174814457,3362275,0.02523700,0.00100000,1
1531174832791,1531174832788,3362276,0.02528600,0.16500000,1
1531174838455,1531174838452,3362277,0.02532400,0.39900000,1
1531174922211,1531174922210,3362278,0.02533300,0.39400000,0
1531174925121,1531174925119,3362279,0.02530000,0.70200000,1
1531174993345,1531174993342,3362280,0.02530000,0.26700000,1
1531175149628,1531175149627,3362281,0.02527500,0.09800000,1
1531175176662,1531175176660,3362282,0.02529600,0.30100000,0
1531175176662,1531175176660,3362283,0.02529700,0.78100000,0
1531175176967,1531175176964,3362284,0.02529700,1.08300000,0
1531175200710,1531175200708,3362285,0.02523900,0.29900000,1
1531175201743,1531175201743,3362286,0.02523600,0.31600000,1
1531175203498,1531175203497,3362287,0.02520900,0.66900000,1
1531175205487,1531175205485,3362288,0.02521000,30.00000000,1
1531175207670,1531175207668,3362289,0.02520600,1.00000000,1
1531175208666,1531175208664,3362290,0.02520800,0.50000000,1
1531175211122,1531175211120,3362291,0.02520200,0.31700000,1
1531175211670,1531175211669,3362292,0.02520000,0.46200000,1
1531175212848,1531175212846,3362293,0.02520100,0.09500000,1
1531175214578,1531175214574,3362294,0.02518300,0.55900000,1
1531175215570,1531175215567,3362295,0.02518200,0.09700000,1
1531175216483,1531175216483,3362296,0.02518100,5.87500000,1
1531175220303,1531175220301,3362297,0.02514500,0.00700000,1
1531175220396,1531175220394,3362298,0.02514500,1.17900000,1
1531175220513,1531175220506,3362299,0.02514100,0.00700000,1
1531175220589,1531175220586,3362300,0.02514100,0.00600000,1
1531175225135,1531175225133,3362301,0.02514100,0.00700000,1
1531175225572,1531175225569,3362302,0.02514100,0.63000000,1
1531175225671,1531175225670,3362303,0.02521000,0.04300000,1
1531175226926,1531175226923,3362304,0.02528900,0.19200000,0
1531175226926,1531175226923,3362305,0.02529000,0.68400000,0
1531175226926,1531175226923,3362306,0.02529100,0.07200000,0
1531175234796,1531175234795,3362307,0.02529000,1.20200000,0
1531175413678,1531175413675,3362308,0.02516600,0.00300000,1
1531175428069,1531175428066,3362309,0.02516500,0.01000000,1
1531175507785,1531175507783,3362310,0.02517400,0.02200000,1
1531175545934,1531175545932,3362311,0.02517900,0.68700000,1
1531175613688,1531175613685,3362312,0.02516800,0.46800000,1
1531175613688,1531175613685,3362313,0.02516600,0.04100000,1
1531175638325,1531175638323,3362314,0.02516900,0.26800000,1
1531175638325,1531175638323,3362315,0.02516800,0.38000000,1
1531175746103,1531175746101,3362316,0.02524700,0.68700000,0
1531175746103,1531175746101,3362317,0.02524800,0.49200000,0
1531175746103,1531175746101,3362318,0.02524900,3.03500000,0
1531175769726,1531175769723,3362319,0.02524900,0.19800000,1
1531175892203,1531175892200,3362320,0.02518700,0.25800000,1
1531175892203,1531175892200,3362321,0.02517600,0.78200000,1
1531175892203,1531175892200,3362322,0.02516600,1.98100000,1
1531175892203,1531175892200,3362323,0.02516500,9.52500000,1
1531175923129,1531175923127,3362324,0.02514400,0.26600000,1
1531175923129,1531175923127,3362325,0.02514300,0.11100000,1
1531175931220,1531175931219,3362326,0.02524700,0.03000000,0
1531175990617,1531175990615,3362327,0.02514100,0.02100000,1
1531176008700,1531176008684,3362328,0.02514100,0.02700000,1
1531176008700,1531176008684,3362329,0.02514000,2.63600000,1
1531176008700,1531176008684,3362330,0.02513800,0.04100000,1
1531176008700,1531176008684,3362331,0.02513000,0.04000000,1
1531176008700,1531176008684,3362332,0.02512600,0.11300000,1
1531176008700,1531176008684,3362333,0.02511300,0.40600000,1
1531176008700,1531176008684,3362334,0.02511000,0.09200000,1
1531176008700,1531176008684,3362335,0.02510300,0.18600000,1
1531176008700,1531176008684,3362336,0.02510200,0.04000000,1
1531176008700,1531176008684,3362337,0.02510000,20.17700000,1
1531176008700,1531176008684,3362338,0.02509700,0.13500000,1
1531176008700,1531176008684,3362339,0.02509500,0.04000000,1
1531176008700,1531176008684,3362340,0.02509300,0.04900000,1
1531176008700,1531176008684,3362341,0.02508700,0.20000000,1
1531176008700,1531176008684,3362342,0.02508200,0.04000000,1
1531176008700,1531176008684,3362343,0.02508100,0.80000000,1
1531176008700,1531176008684,3362344,0.02507900,0.04400000,1
1531176008700,1531176008684,3362345,0.02507600,0.04100000,1
1531176008700,1531176008684,3362346,0.02507400,0.04100000,1
1531176008700,1531176008684,3362347,0.02507200,0.04900000,1
1531176008700,1531176008684,3362348,0.02507100,0.43500000,1
1531176008700,1531176008684,3362349,0.02506700,0.04100000,1
1531176008700,1531176008684,3362350,0.02506600,0.08400000,1
1531176008700,1531176008684,3362351,0.02506500,0.04100000,1
1531176008700,1531176008684,3362352,0.02506400,6.34900000,1
1531176008700,1531176008684,3362353,0.02506300,0.04100000,1
1531176008700,1531176008684,3362354,0.02506200,0.09800000,1
1531176008700,1531176008684,3362355,0.02506000,0.04000000,1
1531176008700,1531176008684,3362356,0.02505700,0.07500000,1
1531176008700,1531176008684,3362357,0.02505400,0.32600000,1
1531176008700,1531176008684,3362358,0.02505000,2.12500000,1
1531176008700,1531176008684,3362359,0.02504100,0.04100000,1
1531176008700,1531176008684,3362360,0.02503300,0.20000000,1
1531176008700,1531176008684,3362361,0.02502800,1.78000000,1
1531176008700,1531176008684,3362362,0.02502600,0.04000000,1
1531176008700,1531176008684,3362363,0.02502400,0.18300000,1
1531176008700,1531176008684,3362364,0.02502100,2.00000000,1
1531176008700,1531176008684,3362365,0.02502000,0.05000000,1
1531176008700,1531176008684,3362366,0.02501100,13.78800000,1
1531176008700,1531176008684,3362367,0.02501000,0.04000000,1
1531176008700,1531176008684,3362368,0.02500800,0.04000000,1
1531176008700,1531176008684,3362369,0.02500600,2.79500000,1
1531176008700,1531176008684,3362370,0.02500500,0.12000000,1
1531176008700,1531176008684,3362371,0.02500200,0.19800000,1
1531176008700,1531176008684,3362372,0.02500100,0.54000000,1
1531176008700,1531176008684,3362373,0.02500000,73.33300000,1
1531176008700,1531176008684,3362374,0.02500000,0.58200000,1
1531176008701,1531176008684,3362375,0.02500000,0.79400000,1
1531176008701,1531176008684,3362376,0.02500000,1.21100000,1
1531176008701,1531176008684,3362377,0.02500000,0.09700000,1
1531176008702,1531176008684,3362378,0.02500000,3.09900000,1
1531176008702,1531176008684,3362379,0.02500000,0.25900000,1
1531176008704,1531176008684,3362380,0.02500000,6.91200000,1
1531176008704,1531176008684,3362381,0.02499800,0.04100000,1
1531176008704,1531176008684,3362382,0.02499600,0.22100000,1
1531176008707,1531176008684,3362383,0.02499600,2.17900000,1
1531176008707,1531176008684,3362384,0.02499500,0.04100000,1
1531176008707,1531176008684,3362385,0.02499200,0.15300000,1
1531176008707,1531176008684,3362386,0.02499100,0.23600000,1
1531176008707,1531176008684,3362387,0.02498400,0.23700000,1
1531176008707,1531176008684,3362388,0.02498300,1.93900000,1
1531176008707,1531176008684,3362389,0.02497800,0.04500000,1
1531176008707,1531176008684,3362390,0.02497500,0.06100000,1
1531176008707,1531176008684,3362391,0.02497300,5.92700000,1
1531176008707,1531176008684,3362392,0.02496900,0.11900000,1
1531176008707,1531176008684,3362393,0.02496500,2.36200000,1
1531176008707,1531176008684,3362394,0.02496000,24.57000000,1
1531176008708,1531176008684,3362395,0.02496000,1.99000000,1
1531176008708,1531176008684,3362396,0.02495400,0.19400000,1
1531176008708,1531176008684,3362397,0.02495000,0.29000000,1
1531176008708,1531176008684,3362398,0.02494800,0.29900000,1
1531176008717,1531176008715,3362399,0.02499700,2.50000000,0
1531176008717,1531176008715,3362400,0.02500100,2.27600000,0
1531176008726,1531176008724,3362401,0.02500100,2.50000000,0
1531176008740,1531176008738,3362402,0.02505000,0.19100000,0
1531176008750,1531176008748,3362403,0.02500200,1.40500000,1
1531176008750,1531176008748,3362404,0.02494800,0.02200000,1
1531176008750,1531176008748,3362405,0.02493700,0.09400000,1
1531176008750,1531176008748,3362406,0.02492900,0.36700000,1
1531176008750,1531176008748,3362407,0.02491400,0.23800000,1
1531176008750,1531176008748,3362408,0.02491300,0.37400000,1
1531176008755,1531176008753,3362409,0.02505000,1.06300000,0
1531176008769,1531176008767,3362410,0.02505000,0.40100000,0
1531176008773,1531176008772,3362411,0.02505000,0.27200000,0
1531176008811,1531176008810,3362412,0.02508000,0.08000000,0
1531176008811,1531176008810,3362413,0.02510000,0.97200000,0
1531176009084,1531176009080,3362414,0.02516900,0.29700000,0
1531176009619,1531176009616,3362415,0.02510000,0.37500000,1
1531176009737,1531176009735,3362416,0.02510000,0.09400000,0
1531176009767,1531176009765,3362417,0.02510000,0.17900000,0
1531176009784,1531176009782,3362418,0.02515300,0.27300000,0
1531176010190,1531176010186,3362419,0.02510100,0.12100000,1
1531176010190,1531176010186,3362420,0.02508700,0.51000000,1
1531176010190,1531176010186,3362421,0.02507500,1.56800000,1
1531176010906,1531176010903,3362422,0.02511800,0.08000000,0
1531176010986,1531176010982,3362423,0.02501300,1.40400000,1
1531176010986,1531176010982,3362424,0.02501100,0.19500000,1
1531176011712,1531176011709,3362425,0.02511800,2.22000000,0
1531176011738,1531176011736,3362426,0.02511800,0.03400000,0
1531176011763,1531176011762,3362427,0.02511800,0.02700000,0
1531176011824,1531176011821,3362428,0.02511800,0.02400000,0
1531176011856,1531176011854,3362429,0.02511800,0.01500000,0
1531176011856,1531176011854,3362430,0.02511900,0.01200000,0
1531176011903,1531176011901,3362431,0.02511900,0.03200000,0
1531176011956,1531176011955,3362432,0.02511900,0.02700000,0
1531176012071,1531176012070,3362433,0.02511900,0.16700000,0
1531176012071,1531176012070,3362434,0.02515300,0.78200000,0
1531176012238,1531176012237,3362435,0.02515300,0.02500000,0
1531176012421,1531176012420,3362436,0.02515300,0.02200000,0
1531176012439,1531176012437,3362437,0.02515300,0.02700000,0
1531176012493,1531176012491,3362438,0.02511900,0.12100000,1
1531176012614,1531176012611,3362439,0.02515300,0.65100000,0
1531176012621,1531176012619,3362440,0.02510300,0.00700000,1
1531176012687,1531176012685,3362441,0.02510300,0.00700000,1
1531176012862,1531176012860,3362442,0.02510300,0.00600000,1
1531176012878,1531176012875,3362443,0.02510300,0.00700000,1
1531176012927,1531176012924,3362444,0.02512000,0.00700000,1
1531176012990,1531176012989,3362445,0.02512000,0.00700000,1
1531176013020,1531176013019,3362446,0.02512000,0.00600000,1
1531176013043,1531176013041,3362447,0.02516500,0.80000000,0
1531176013043,1531176013041,3362448,0.02516800,2.35900000,0
1531176013070,1531176013068,3362449,0.02512000,0.06200000,1
1531176014613,1531176014610,3362450,0.02512000,2.47600000,1
1531176015625,1531176015623,3362451,0.02509000,2.31100000,1
1531176016126,1531176016124,3362452,0.02516400,0.02700000,0
1531176016164,1531176016163,3362453,0.02516400,0.02700000,0
1531176016190,1531176016187,3362454,0.02516400,0.02700000,0
1531176016219,1531176016217,3362455,0.02516400,0.02300000,0
1531176016262,1531176016260,3362456,0.02516400,0.02700000,0
1531176016289,1531176016287,3362457,0.02516400,0.03200000,0
1531176016397,1531176016395,3362458,0.02516400,0.03500000,0
1531176016592,1531176016590,3362459,0.02516400,0.03300000,0
1531176016636,1531176016634,3362460,0.02516400,0.03500000,0
1531176016672,1531176016671,3362461,0.02501500,2.84800000,1
1531176016803,1531176016801,3362462,0.02516900,0.03500000,0
1531176016815,1531176016814,3362463,0.02516900,0.03900000,0
1531176016899,1531176016898,3362464,0.02516900,0.03600000,0
1531176016933,1531176016931,3362465,0.02516900,0.02700000,0
1531176016953,1531176016952,3362466,0.02516900,0.04000000,0
1531176017002,1531176017000,3362467,0.02516900,0.03600000,0
1531176017180,1531176017179,3362468,0.02515200,0.04400000,0
1531176017223,1531176017220,3362469,0.02515200,0.02400000,0
1531176017410,1531176017407,3362470,0.02515200,0.06400000,0
1531176017468,1531176017467,3362471,0.02515200,0.06100000,0
1531176017885,1531176017882,3362472,0.02515200,0.05500000,0
1531176017978,1531176017977,3362473,0.02508800,2.36100000,1
1531176023817,1531176023816,3362474,0.02515200,0.02700000,0
1531176024083,1531176024081,3362475,0.02515200,0.03700000,0
1531176024136,1531176024135,3362476,0.02515200,0.02500000,0
1531176024247,1531176024245,3362477,0.02515200,0.02500000,0
1531176024334,1531176024333,3362478,0.02515200,0.02700000,0
1531176024778,1531176024777,3362479,0.02515200,0.02700000,0
1531176024808,1531176024807,3362480,0.02515200,0.02700000,0
