event_time,trade_time,trade_id,price,quantity,maker
1531160273863,1531160273858,1000096,0.00014746,292.00000000,0
1531160273892,1531160273890,1000097,0.00014746,229.00000000,0
1531160284998,1531160284995,1000098,0.00014736,309.00000000,0
1531160285032,1531160285001,1000099,0.00014746,292.00000000,0
1531160289518,1531160289515,1000100,0.00014735,21.00000000,0
1531160289565,1531160289532,1000101,0.00014745,10.00000000,0
1531160289603,1531160289600,1000102,0.00014725,13.00000000,1
1531160297430,1531160297427,1000103,0.00014735,398.00000000,0
1531160297440,1531160297437,1000104,0.00014745,169.00000000,0
1531160301249,1531160301244,1000105,0.00014746,82.00000000,0
1531160301273,1531160301269,1000106,0.00014746,204.00000000,0
1531160313816,1531160313813,1000107,0.00014731,203.00000000,1
1531160324656,1531160324652,1000108,0.00014730,3440.00000000,1
1531160325906,1531160325896,1000109,0.00014743,237.00000000,0
1531160325906,1531160325896,1000110,0.00014744,16.00000000,0
1531160325906,1531160325896,1000111,0.00014746,850.00000000,0
1531160325906,1531160325896,1000112,0.00014747,38.00000000,0
1531160325906,1531160325896,1000113,0.00014751,64.00000000,0
1531160325906,1531160325896,1000114,0.00014764,40.00000000,0
1531160325906,1531160325896,1000115,0.00014777,1192.00000000,0
1531160325906,1531160325896,1000116,0.00014778,750.00000000,0
1531160325906,1531160325896,1000117,0.00014782,7.00000000,0
1531160325906,1531160325896,1000118,0.00014788,10.00000000,0
1531160325906,1531160325896,1000119,0.00014789,200.00000000,0
1531160325906,1531160325896,1000120,0.00014794,67.00000000,0
1531160325906,1531160325896,1000121,0.00014799,20.00000000,0
1531160325906,1531160325896,1000122,0.00014804,136.00000000,0
1531160325906,1531160325896,1000123,0.00014805,15.00000000,0
1531160325906,1531160325896,1000124,0.00014816,19.00000000,0
1531160325906,1531160325896,1000125,0.00014817,50.00000000,0
1531160325906,1531160325896,1000126,0.00014820,20.00000000,0
1531160325906,1531160325896,1000127,0.00014822,38.00000000,0
1531160325906,1531160325896,1000128,0.00014824,30.00000000,0
1531160325906,1531160325896,1000129,0.00014825,40.00000000,0
1531160325906,1531160325896,1000130,0.00014828,8.00000000,0
1531160325906,1531160325896,1000131,0.00014830,102.00000000,0
1531160325906,1531160325896,1000132,0.00014837,71.00000000,0
1531160325906,1531160325896,1000133,0.00014840,535.00000000,0
1531160325906,1531160325896,1000134,0.00014846,40.00000000,0
1531160327032,1531160327028,1000135,0.00014732,41.00000000,1
1531160327709,1531160327705,1000136,0.00014845,15.00000000,0
1531160327709,1531160327705,1000137,0.00014846,1488.00000000,0
1531160330085,1531160330082,1000138,0.00014742,13.00000000,0
1531160331440,1531160331437,1000139,0.00014770,26.00000000,1
1531160331662,1531160331659,1000140,0.00014785,175.00000000,1
1531160332055,1531160332053,1000141,0.00014785,132.00000000,1
1531160341215,1531160341213,1000142,0.00014773,26.00000000,1
1531160350761,1531160350758,1000143,0.00014803,40.00000000,0
1531160357598,1531160357594,1000144,0.00014772,99.00000000,1
1531160357598,1531160357594,1000145,0.00014771,540.00000000,1
1531160383666,1531160383660,1000146,0.00014771,171.00000000,1
1531160383666,1531160383660,1000147,0.00014770,10.00000000,1
1531160383666,1531160383660,1000148,0.00014748,38.00000000,1
1531160393100,1531160393096,1000149,0.00014758,1588.00000000,1
1531160394635,1531160394631,1000150,0.00014745,49.00000000,1
1531160398858,1531160398852,1000151,0.00014745,1143.00000000,1
1531160398858,1531160398852,1000152,0.00014733,7.00000000,1
1531160398858,1531160398852,1000153,0.00014729,789.00000000,1
1531160398858,1531160398852,1000154,0.00014727,37.00000000,1
1531160398858,1531160398852,1000155,0.00014725,887.00000000,1
1531160398858,1531160398852,1000156,0.00014723,2712.00000000,1
1531160398858,1531160398852,1000157,0.00014721,218.00000000,1
1531160398858,1531160398852,1000158,0.00014719,39.00000000,1
1531160398858,1531160398852,1000159,0.00014717,53.00000000,1
1531160398858,1531160398852,1000160,0.00014716,213.00000000,1
1531160419112,1531160419108,1000161,0.00014721,170.00000000,1
1531160419112,1531160419108,1000162,0.00014716,48.00000000,1
1531160419173,1531160419173,1000163,0.00014731,14.00000000,0
1531160453786,1531160453782,1000164,0.00014724,90.00000000,0
1531160453803,1531160453800,1000165,0.00014728,103.00000000,0
1531160453821,1531160453817,1000166,0.00014728,44.00000000,0
1531160471018,1531160471015,1000167,0.00014725,267.00000000,0
1531160471028,1531160471025,1000168,0.00014728,174.00000000,0
1531160486542,1531160486538,1000169,0.00014728,283.00000000,0
1531160486558,1531160486555,1000170,0.00014728,57.00000000,0
1531160499405,1531160499402,1000171,0.00014727,24.00000000,1
1531160499416,1531160499411,1000172,0.00014727,18.00000000,0
1531160499423,1531160499420,1000173,0.00014728,205.00000000,0
1531160499436,1531160499434,1000174,0.00014728,18.00000000,0
1531160505829,1531160505826,1000175,0.00014728,22.00000000,0
1531160509613,1531160509610,1000176,0.00014727,24.00000000,1
1531160509629,1531160509626,1000177,0.00014727,248.00000000,0
1531160509641,1531160509638,1000178,0.00014728,70.00000000,0
1531160509649,1531160509646,1000179,0.00014728,76.00000000,0
1531160513294,1531160513292,1000180,0.00014729,24.00000000,0
1531160524769,1531160524764,1000181,0.00014728,22.00000000,1
1531160524797,1531160524794,1000182,0.00014728,74.00000000,0
1531160524828,1531160524824,1000183,0.00014728,2.00000000,0
1531160528443,1531160528441,1000184,0.00014752,22.00000000,0
1531160551355,1531160551350,1000185,0.00014752,113.00000000,1
1531160551375,1531160551372,1000186,0.00014752,140.00000000,1
1531160562287,1531160562284,1000187,0.00014757,24.00000000,0
1531160567195,1531160567192,1000188,0.00014754,314.00000000,0
1531160567202,1531160567199,1000189,0.00014752,284.00000000,1
1531160567215,1531160567210,1000190,0.00014752,143.00000000,1
1531160580662,1531160580659,1000191,0.00014756,180.00000000,0
1531160604772,1531160604767,1000192,0.00014757,24.00000000,0
1531160612171,1531160612168,1000193,0.00014757,268.00000000,0
1531160612187,1531160612183,1000194,0.00014756,104.00000000,1
1531160622225,1531160622220,1000195,0.00014756,77.00000000,0
1531160622240,1531160622237,1000196,0.00014756,29.00000000,0
1531160623960,1531160623956,1000197,0.00014758,39.00000000,0
1531160623960,1531160623956,1000198,0.00014760,213.00000000,0
1531160623960,1531160623956,1000199,0.00014761,39.00000000,0
1531160623960,1531160623956,1000200,0.00014765,65.00000000,0
1531160639566,1531160639563,1000201,0.00014760,736.00000000,0
1531160639581,1531160639577,1000202,0.00014757,267.00000000,1
1531160646420,1531160646417,1000203,0.00014758,85.00000000,1
1531160653343,1531160653339,1000204,0.00014763,39.00000000,0
1531160653343,1531160653339,1000205,0.00014764,244.00000000,0
1531160653343,1531160653339,1000206,0.00014765,607.00000000,0
1531160654160,1531160654158,1000207,0.00014765,6789.00000000,1
1531160657465,1531160657460,1000208,0.00014758,40.00000000,1
1531160670030,1531160670025,1000209,0.00014758,7.00000000,1
1531160685251,1531160685247,1000210,0.00014758,24.00000000,0
1531160685275,1531160685272,1000211,0.00014758,101.00000000,0
1531160712187,1531160712184,1000212,0.00014718,132.00000000,1
1531160729093,1531160729090,1000213,0.00014755,11.00000000,0
1531160739417,1531160739414,1000214,0.00014734,114.00000000,0
1531160739428,1531160739425,1000215,0.00014753,69.00000000,0
1531160748808,1531160748804,1000216,0.00014719,43.00000000,1
1531160748825,1531160748822,1000217,0.00014719,291.00000000,1
1531160800041,1531160800037,1000218,0.00014719,45.00000000,1
1531160800041,1531160800037,1000219,0.00014717,66.00000000,1
1531160800041,1531160800037,1000220,0.00014715,22.00000000,1
1531160800041,1531160800037,1000221,0.00014713,29.00000000,1
1531160800041,1531160800037,1000222,0.00014711,184.00000000,1
1531160801553,1531160801551,1000223,0.00014711,307.00000000,1
1531160838660,1531160838656,1000224,0.00014715,52.00000000,1
1531160865425,1531160865421,1000225,0.00014719,7.00000000,1
1531160865459,1531160865456,1000226,0.00014726,24.00000000,0
1531160865735,1531160865730,1000227,0.00014719,11.00000000,1
1531160871480,1531160871476,1000228,0.00014718,59.00000000,0
1531160879571,1531160879567,1000229,0.00014719,7.00000000,0
1531160897314,1531160897310,1000230,0.00014725,10.00000000,0
1531160897648,1531160897644,1000231,0.00014725,136.00000000,0
1531160905665,1531160905660,1000232,0.00014725,10.00000000,1
1531160905680,1531160905676,1000233,0.00014725,307.00000000,0
1531160905694,1531160905690,1000234,0.00014725,10.00000000,1
1531160918856,1531160918851,1000235,0.00014718,343.00000000,0
1531160918870,1531160918866,1000236,0.00014724,134.00000000,0
1531160918899,1531160918894,1000237,0.00014725,136.00000000,0
1531160934525,1531160934521,1000238,0.00014725,10.00000000,1
1531160950388,1531160950383,1000239,0.00014718,631.00000000,0
1531160950401,1531160950400,1000240,0.00014725,40.00000000,0
1531160950424,1531160950420,1000241,0.00014725,270.00000000,0
1531160969379,1531160969374,1000242,0.00014725,80.00000000,0
1531160969379,1531160969374,1000243,0.00014726,40.00000000,0
1531160969379,1531160969374,1000244,0.00014739,20.00000000,0
1531160969379,1531160969374,1000245,0.00014758,39.00000000,0
1531160969379,1531160969374,1000246,0.00014764,7.00000000,0
1531160969379,1531160969374,1000247,0.00014767,94.00000000,0
1531161041099,1531161041096,1000248,0.00014748,137.00000000,0
1531161041117,1531161041112,1000249,0.00014748,225.00000000,0
1531161042049,1531161042045,1000250,0.00014749,24.00000000,0
1531161056984,1531161056979,1000251,0.00014747,67.00000000,0
1531161056984,1531161056979,1000252,0.00014748,253.00000000,0
1531161056984,1531161056979,1000253,0.00014749,6.00000000,0
1531161057192,1531161057189,1000254,0.00014752,5096.00000000,1
1531161083586,1531161083581,1000255,0.00014740,167.00000000,0
1531161083598,1531161083594,1000256,0.00014764,152.00000000,0
1531161142926,1531161142923,1000257,0.00014762,66.00000000,0
1531161147531,1531161147527,1000258,0.00014760,138.00000000,0
1531161147531,1531161147527,1000259,0.00014761,115.00000000,0
1531161165546,1531161165542,1000260,0.00014742,266.00000000,0
1531161165560,1531161165556,1000261,0.00014761,118.00000000,0
1531161343814,1531161343810,1000262,0.00014759,244.00000000,0
1531161343814,1531161343810,1000263,0.00014760,355.00000000,0
1531161352516,1531161352511,1000264,0.00014760,101.00000000,0
1531161354766,1531161354762,1000265,0.00014760,101.00000000,0
1531161354955,1531161354953,1000266,0.00014742,654.00000000,0
1531161354962,1531161354959,1000267,0.00014760,30.00000000,0
1531161362525,1531161362519,1000268,0.00014761,11.00000000,0
1531161372834,1531161372829,1000269,0.00014760,202.00000000,1
1531161392087,1531161392083,1000270,0.00014740,377.00000000,0
1531161392099,1531161392096,1000271,0.00014758,256.00000000,0
1531161392119,1531161392113,1000272,0.00014758,282.00000000,0
1531161419578,1531161419574,1000273,0.00014756,51.00000000,0
1531161419600,1531161419597,1000274,0.00014756,124.00000000,0
1531161421332,1531161421328,1000275,0.00014757,3.00000000,0
1531161429107,1531161429102,1000276,0.00014739,343.00000000,0
1531161429126,1531161429122,1000277,0.00014756,195.00000000,0
1531161437095,1531161437091,1000278,0.00014727,7.00000000,1
1531161437113,1531161437109,1000279,0.00014727,12.00000000,1
1531161501275,1531161501269,1000280,0.00014741,295.00000000,0
1531161501289,1531161501284,1000281,0.00014760,257.00000000,0
1531161501302,1531161501298,1000282,0.00014760,172.00000000,0
1531161518687,1531161518683,1000283,0.00014724,231.00000000,1
1531161532242,1531161532237,1000284,0.00014757,295.00000000,0
1531161532262,1531161532259,1000285,0.00014757,9.00000000,0
1531161551554,1531161551552,1000286,0.00014744,345.00000000,0
1531161551571,1531161551566,1000287,0.00014744,132.00000000,1
1531161551571,1531161551566,1000288,0.00014728,69.00000000,1
1531161571388,1531161571384,1000289,0.00014741,88.00000000,0
1531161571399,1531161571395,1000290,0.00014760,143.00000000,0
1531161571417,1531161571413,1000291,0.00014760,32.00000000,0
1531161576970,1531161576965,1000292,0.00014726,20.00000000,1
1531161576970,1531161576965,1000293,0.00014725,38.00000000,1
1531161608002,1531161607997,1000294,0.00014723,242.00000000,1
1531161625454,1531161625319,1000295,0.00014725,99.00000000,1
1531161625484,1531161625473,1000296,0.00014725,162.00000000,1
1531161652969,1531161652965,1000297,0.00014722,177.00000000,1
1531161652990,1531161652984,1000298,0.00014722,268.00000000,1
1531161658573,1531161658571,1000299,0.00014753,20.00000000,0
1531161658573,1531161658571,1000300,0.00014754,557.00000000,0
1531161677667,1531161677664,1000301,0.00014738,298.00000000,0
1531161677678,1531161677673,1000302,0.00014753,257.00000000,0
1531161685573,1531161685571,1000303,0.00014740,80.00000000,0
1531161685583,1531161685578,1000304,0.00014753,34.00000000,0
1531161729707,1531161729703,1000305,0.00014724,20.00000000,1
1531161729707,1531161729703,1000306,0.00014723,245.00000000,1
1531161729707,1531161729703,1000307,0.00014721,27.00000000,1
1531161736773,1531161736768,1000308,0.00014722,80.00000000,1
1531161743208,1531161743205,1000309,0.00014723,12.00000000,0
1531161750163,1531161750159,1000310,0.00014726,231.00000000,1
1531161799806,1531161799802,1000311,0.00014731,184.00000000,0
1531161799818,1531161799813,1000312,0.00014722,89.00000000,1
1531161799833,1531161799829,1000313,0.00014722,65.00000000,1
1531161807279,1531161807276,1000314,0.00014740,12.00000000,0
1531161832249,1531161832244,1000315,0.00014731,57.00000000,0
1531161832261,1531161832257,1000316,0.00014723,54.00000000,1
1531161845160,1531161845156,1000317,0.00014722,81.00000000,1
1531161845182,1531161845177,1000318,0.00014722,91.00000000,1
1531161853061,1531161853056,1000319,0.00014738,152.00000000,0
1531161865688,1531161865685,1000320,0.00014731,420.00000000,0
1531161865697,1531161865694,1000321,0.00014722,139.00000000,1
1531161865714,1531161865710,1000322,0.00014722,292.00000000,1
1531161872042,1531161872038,1000323,0.00014739,173.00000000,0
1531161886758,1531161886753,1000324,0.00014722,90.00000000,1
1531161886774,1531161886770,1000325,0.00014722,115.00000000,1
1531161897506,1531161897502,1000326,0.00014728,212.00000000,0
1531161897518,1531161897513,1000327,0.00014722,169.00000000,1
1531161897538,1531161897534,1000328,0.00014722,103.00000000,1
1531161904536,1531161904532,1000329,0.00014734,133.00000000,0
1531161904563,1531161904557,1000330,0.00014734,82.00000000,0
1531161926711,1531161926708,1000331,0.00014721,38.00000000,1
1531161926866,1531161926863,1000332,0.00014721,31.00000000,1
1531161932684,1531161932680,1000333,0.00014713,152.00000000,1
1531161932702,1531161932698,1000334,0.00014713,295.00000000,1
1531161938340,1531161938336,1000335,0.00014717,497.00000000,0
1531161938351,1531161938350,1000336,0.00014713,209.00000000,1
1531161952559,1531161952554,1000337,0.00014717,76.00000000,0
1531161952571,1531161952567,1000338,0.00014713,37.00000000,1
1531161958857,1531161958853,1000339,0.00014712,865.00000000,1
1531161968155,1531161968151,1000340,0.00014717,441.00000000,0
1531161968167,1531161968163,1000341,0.00014713,231.00000000,1
1531161968187,1531161968186,1000342,0.00014713,269.00000000,1
1531161974684,1531161974682,1000343,0.00014722,1695.00000000,0
1531161978853,1531161978847,1000344,0.00014717,278.00000000,0
1531161978870,1531161978866,1000345,0.00014713,179.00000000,1
1531161978892,1531161978887,1000346,0.00014713,205.00000000,1
1531161980483,1531161980479,1000347,0.00014712,321.00000000,1
1531161986111,1531161986107,1000348,0.00014721,236.00000000,0
1531161986130,1531161986126,1000349,0.00014721,99.00000000,0
1531162002209,1531162002205,1000350,0.00014714,172.00000000,1
1531162006197,1531162006193,1000351,0.00014714,109.00000000,1
1531162013242,1531162013238,1000352,0.00014721,10.00000000,0
1531162018295,1531162018290,1000353,0.00014712,266.00000000,1
1531162019847,1531162019842,1000354,0.00014711,80.00000000,1
1531162022693,1531162022690,1000355,0.00014710,126.00000000,1
1531162024425,1531162024421,1000356,0.00014721,56.00000000,0
1531162024449,1531162024444,1000357,0.00014721,199.00000000,0
1531162028603,1531162028601,1000358,0.00014722,378.00000000,0
1531162029647,1531162029642,1000359,0.00014722,100.00000000,0
1531162032841,1531162032837,1000360,0.00014721,81.00000000,0
1531162032856,1531162032852,1000361,0.00014721,97.00000000,0
1531162044869,1531162044864,1000362,0.00014721,297.00000000,0
1531162051149,1531162051146,1000363,0.00014721,98.00000000,0
1531162051159,1531162051155,1000364,0.00014721,78.00000000,0
1531162062524,1531162062520,1000365,0.00014721,21.00000000,0
1531162062761,1531162062757,1000366,0.00014721,307.00000000,0
1531162062761,1531162062757,1000367,0.00014722,2759.00000000,0
1531162070696,1531162070692,1000368,0.00014722,243.00000000,0
1531162071965,1531162071960,1000369,0.00014722,78.00000000,0
1531162073939,1531162073918,1000370,0.00014722,152.00000000,0
1531162079096,1531162079093,1000371,0.00014731,455.00000000,0
1531162079115,1531162079110,1000372,0.00014724,33.00000000,1
1531162079137,1531162079133,1000373,0.00014724,245.00000000,1
1531162098324,1531162098318,1000374,0.00014732,42.00000000,0
1531162098338,1531162098334,1000375,0.00014725,77.00000000,1
1531162098353,1531162098351,1000376,0.00014725,31.00000000,1
1531162111370,1531162111365,1000377,0.00014723,248.00000000,1
1531162111392,1531162111389,1000378,0.00014723,52.00000000,1
1531162132698,1531162132694,1000379,0.00014731,326.00000000,0
1531162132709,1531162132706,1000380,0.00014723,120.00000000,1
1531162144378,1531162144374,1000381,0.00014731,124.00000000,0
1531162144390,1531162144385,1000382,0.00014723,89.00000000,1
1531162147914,1531162147910,1000383,0.00014738,27.00000000,0
1531162147914,1531162147910,1000384,0.00014739,10.00000000,0
1531162160849,1531162160837,1000385,0.00014739,167.00000000,1
1531162160849,1531162160837,1000386,0.00014722,349.00000000,1
1531162160849,1531162160837,1000387,0.00014710,481.00000000,1
1531162160849,1531162160837,1000388,0.00014709,29.00000000,1
1531162160849,1531162160837,1000389,0.00014707,9.00000000,1
1531162160849,1531162160837,1000390,0.00014702,7.00000000,1
1531162160849,1531162160837,1000391,0.00014700,278.00000000,1
1531162179976,1531162179972,1000392,0.00014707,15.00000000,1
1531162180708,1531162180702,1000393,0.00014735,20.00000000,0
1531162180756,1531162180752,1000394,0.00014708,35.00000000,1
1531162192283,1531162192279,1000395,0.00014739,272.00000000,0
1531162192304,1531162192298,1000396,0.00014739,8.00000000,0
1531162213938,1531162213932,1000397,0.00014713,20.00000000,1
1531162213938,1531162213932,1000398,0.00014712,865.00000000,1
1531162213938,1531162213932,1000399,0.00014710,500.00000000,1
1531162213938,1531162213932,1000400,0.00014706,242.00000000,1
1531162217709,1531162217703,1000401,0.00014707,43.00000000,1
1531162229021,1531162229020,1000402,0.00014710,20.00000000,1
1531162229985,1531162229980,1000403,0.00014709,78.00000000,1
1531162242203,1531162242198,1000404,0.00014736,67.00000000,0
1531162247391,1531162247384,1000405,0.00014735,20.00000000,0
1531162247391,1531162247384,1000406,0.00014740,10.00000000,0
1531162247391,1531162247384,1000407,0.00014760,93.00000000,0
1531162251235,1531162251230,1000408,0.00014757,15.00000000,0
1531162251235,1531162251230,1000409,0.00014758,243.00000000,0
1531162267705,1531162267702,1000410,0.00014760,116.00000000,1
1531162300857,1531162300852,1000411,0.00014758,55.00000000,0
1531162313508,1531162313504,1000412,0.00014759,230.00000000,0
1531162324451,1531162324447,1000413,0.00014759,93.00000000,0
1531162324476,1531162324474,1000414,0.00014759,26.00000000,0
1531162344178,1531162344173,1000415,0.00014759,266.00000000,0
1531162367352,1531162367348,1000416,0.00014735,416.00000000,0
1531162367365,1531162367361,1000417,0.00014759,200.00000000,0
1531162386781,1531162386777,1000418,0.00014735,124.00000000,0
1531162386795,1531162386791,1000419,0.00014759,107.00000000,0
1531162418477,1531162418472,1000420,0.00014734,532.00000000,0
1531162418490,1531162418485,1000421,0.00014757,193.00000000,0
1531162464489,1531162464483,1000422,0.00014735,766.00000000,0
1531162464501,1531162464499,1000423,0.00014758,70.00000000,0
1531162464516,1531162464510,1000424,0.00014758,297.00000000,0
1531162480773,1531162480769,1000425,0.00014758,141.00000000,0
1531162480787,1531162480784,1000426,0.00014758,175.00000000,0
1531162518462,1531162518457,1000427,0.00014758,188.00000000,0
1531162518477,1531162518471,1000428,0.00014758,42.00000000,0
1531162554375,1531162554368,1000429,0.00014758,9.00000000,0
1531162554375,1531162554368,1000430,0.00014759,347.00000000,0
1531162554375,1531162554368,1000431,0.00014761,188.00000000,0
1531162554375,1531162554368,1000432,0.00014764,10.00000000,0
1531162554375,1531162554368,1000433,0.00014765,78.00000000,0
1531162554375,1531162554368,1000434,0.00014766,10.00000000,0
1531162554375,1531162554368,1000435,0.00014767,45.00000000,0
1531162559902,1531162559897,1000436,0.00014745,559.00000000,0
1531162559919,1531162559915,1000437,0.00014766,37.00000000,0
1531162559942,1531162559936,1000438,0.00014766,239.00000000,0
1531162585992,1531162585963,1000439,0.00014765,258.00000000,0
1531162595699,1531162595695,1000440,0.00014765,107.00000000,0
1531162595719,1531162595716,1000441,0.00014765,40.00000000,0
1531162613489,1531162613483,1000442,0.00014760,14.00000000,1
1531162619606,1531162619600,1000443,0.00014760,131.00000000,1
1531162619624,1531162619619,1000444,0.00014760,163.00000000,1
1531162621726,1531162621722,1000445,0.00014759,47.00000000,1
1531162640538,1531162640534,1000446,0.00014763,498.00000000,0
1531162640548,1531162640544,1000447,0.00014760,231.00000000,1
1531162646955,1531162646951,1000448,0.00014765,9.00000000,0
1531162646975,1531162646971,1000449,0.00014765,143.00000000,0
1531162658477,1531162658471,1000450,0.00014762,280.00000000,0
1531162658492,1531162658488,1000451,0.00014765,146.00000000,0
1531162658546,1531162658542,1000452,0.00014765,175.00000000,0
1531162671820,1531162671816,1000453,0.00014762,344.00000000,0
1531162671834,1531162671830,1000454,0.00014765,215.00000000,0
1531162684309,1531162684305,1000455,0.00014762,88.00000000,0
1531162684327,1531162684323,1000456,0.00014765,44.00000000,0
1531162692752,1531162692747,1000457,0.00014762,383.00000000,0
1531162692766,1531162692761,1000458,0.00014765,168.00000000,0
1531162711585,1531162711579,1000459,0.00014760,202.00000000,1
1531162711605,1531162711601,1000460,0.00014760,74.00000000,1
1531162725842,1531162725838,1000461,0.00014760,235.00000000,1
1531162725870,1531162725863,1000462,0.00014760,106.00000000,1
1531162744364,1531162744359,1000463,0.00014760,87.00000000,1
1531162752341,1531162752336,1000464,0.00014761,444.00000000,0
1531162752356,1531162752351,1000465,0.00014764,175.00000000,0
1531162766560,1531162766556,1000466,0.00014728,20.00000000,1
1531162766560,1531162766556,1000467,0.00014727,38.00000000,1
1531162770334,1531162770329,1000468,0.00014763,17.00000000,0
1531162799371,1531162799365,1000469,0.00014763,288.00000000,0
1531162851118,1531162851113,1000470,0.00014729,100.00000000,1
1531162851118,1531162851113,1000471,0.00014727,238.00000000,1
1531162860701,1531162860699,1000472,0.00014727,145.00000000,0
1531162861190,1531162861186,1000473,0.00014727,29.00000000,0
1531162868539,1531162868534,1000474,0.00014719,62.00000000,0
1531162868560,1531162868554,1000475,0.00014726,245.00000000,0
1531162868583,1531162868578,1000476,0.00014726,26.00000000,0
1531162874425,1531162874419,1000477,0.00014727,8.00000000,0
1531162885516,1531162885511,1000478,0.00014718,290.00000000,0
1531162885530,1531162885525,1000479,0.00014726,158.00000000,0
1531162886153,1531162886151,1000480,0.00014710,94.00000000,1
1531162910507,1531162910489,1000481,0.00014761,1.00000000,0
1531162950464,1531162950459,1000482,0.00014762,1.00000000,0
1531162991170,1531162991166,1000483,0.00014731,671.00000000,0
1531162991182,1531162991176,1000484,0.00014754,100.00000000,0
1531162991201,1531162991196,1000485,0.00014754,233.00000000,0
1531163006229,1531163006223,1000486,0.00014760,120.00000000,0
1531163018905,1531163018899,1000487,0.00014724,25.00000000,1
1531163018905,1531163018899,1000488,0.00014723,238.00000000,1
1531163022205,1531163022202,1000489,0.00014718,44.00000000,0
1531163022205,1531163022202,1000490,0.00014719,272.00000000,0
1531163054602,1531163054598,1000491,0.00014718,212.00000000,0
1531163069671,1531163069666,1000492,0.00014719,31.00000000,0
1531163071433,1531163071427,1000493,0.00014712,276.00000000,1
1531163082220,1531163082218,1000494,0.00014718,143.00000000,0
1531163085905,1531163085901,1000495,0.00014718,1.00000000,0
1531163094078,1531163094072,1000496,0.00014719,13.00000000,0
1531163117316,1531163117311,1000497,0.00014726,117.00000000,1
1531163160858,1531163160853,1000498,0.00014761,1.00000000,0
1531163203570,1531163203564,1000499,0.00014757,1.00000000,0
1531163238328,1531163238323,1000500,0.00014737,30.00000000,0
1531163238337,1531163238332,1000501,0.00014719,12.00000000,1
1531163240965,1531163240960,1000502,0.00014757,1.00000000,0
1531163258524,1531163258519,1000503,0.00014754,1.00000000,0
1531163297601,1531163297596,1000504,0.00014716,49.00000000,1
1531163297628,1531163297622,1000505,0.00014716,266.00000000,1
1531163315872,1531163315866,1000506,0.00014731,602.00000000,0
1531163315881,1531163315877,1000507,0.00014717,241.00000000,1
1531163334201,1531163334195,1000508,0.00014716,211.00000000,1
1531163357345,1531163357338,1000509,0.00014713,159.00000000,1
1531163357345,1531163357338,1000510,0.00014712,195.00000000,1
1531163357345,1531163357338,1000511,0.00014710,94.00000000,1
1531163357345,1531163357338,1000512,0.00014708,2814.00000000,1
1531163369529,1531163369524,1000513,0.00014714,45.00000000,1
1531163379841,1531163379836,1000514,0.00014708,170.00000000,1
1531163391013,1531163391007,1000515,0.00014711,698.00000000,0
1531163391023,1531163391017,1000516,0.00014708,253.00000000,1
1531163391323,1531163391318,1000517,0.00014714,83.00000000,0
1531163399456,1531163399426,1000518,0.00014714,1104.00000000,0
1531163400019,1531163400015,1000519,0.00014709,107.00000000,1
1531163400039,1531163400035,1000520,0.00014709,9.00000000,1
1531163411300,1531163411294,1000521,0.00014709,166.00000000,1
1531163424346,1531163424340,1000522,0.00014711,284.00000000,0
1531163424360,1531163424355,1000523,0.00014708,212.00000000,1
1531163439017,1531163439014,1000524,0.00014712,639.00000000,0
1531163439036,1531163439030,1000525,0.00014712,34.00000000,1
1531163452367,1531163452362,1000526,0.00014712,264.00000000,0
1531163452374,1531163452370,1000527,0.00014710,226.00000000,1
1531163452388,1531163452383,1000528,0.00014712,131.00000000,1
1531163467146,1531163467141,1000529,0.00014710,61.00000000,1
1531163478546,1531163478541,1000530,0.00014712,602.00000000,0
1531163478562,1531163478556,1000531,0.00014710,235.00000000,1
1531163478577,1531163478571,1000532,0.00014710,247.00000000,1
1531163491850,1531163491843,1000533,0.00014710,166.00000000,1
1531163496947,1531163496942,1000534,0.00014709,407.00000000,1
1531163496947,1531163496942,1000535,0.00014707,1480.00000000,1
1531163496947,1531163496942,1000536,0.00014706,2000.00000000,1
1531163498049,1531163498043,1000537,0.00014706,1620.00000000,0
1531163533085,1531163533081,1000538,0.00014706,299.00000000,0
1531163535330,1531163535325,1000539,0.00014705,166.00000000,1
1531163539037,1531163539031,1000540,0.00014705,101.00000000,0
1531163539266,1531163539260,1000541,0.00014705,1455.00000000,0
1531163539543,1531163539537,1000542,0.00014706,101.00000000,0
1531163539579,1531163539574,1000543,0.00014706,102.00000000,0
1531163544661,1531163544654,1000544,0.00014704,294.00000000,0
1531163544673,1531163544668,1000545,0.00014702,146.00000000,1
1531163548043,1531163548037,1000546,0.00014704,207.00000000,0
1531163548056,1531163548051,1000547,0.00014703,159.00000000,1
1531163550441,1531163550437,1000548,0.00014706,28.00000000,0
1531163555769,1531163555764,1000549,0.00014706,2186.00000000,0
1531163574822,1531163574815,1000550,0.00014705,724.00000000,1
1531163574849,1531163574842,1000551,0.00014705,20.00000000,1
1531163574871,1531163574866,1000552,0.00014705,281.00000000,1
1531163576732,1531163576725,1000553,0.00014706,21.00000000,0
1531163590472,1531163590466,1000554,0.00014702,218.00000000,1
1531163590494,1531163590489,1000555,0.00014702,130.00000000,1
1531163600485,1531163600479,1000556,0.00014702,176.00000000,1
1531163600507,1531163600504,1000557,0.00014702,29.00000000,1
1531163619081,1531163619076,1000558,0.00014702,247.00000000,1
1531163628381,1531163628376,1000559,0.00014702,257.00000000,1
1531163637954,1531163637949,1000560,0.00014706,67.00000000,0
1531163640098,1531163640093,1000561,0.00014702,162.00000000,1
1531163640111,1531163640105,1000562,0.00014702,126.00000000,1
1531163646154,1531163646148,1000563,0.00014704,433.00000000,0
1531163646167,1531163646161,1000564,0.00014702,173.00000000,1
1531163646183,1531163646179,1000565,0.00014702,197.00000000,1
1531163653508,1531163653502,1000566,0.00014701,687.00000000,1
1531163657740,1531163657733,1000567,0.00014701,162.00000000,1
1531163657757,1531163657750,1000568,0.00014701,298.00000000,1
1531163674874,1531163674868,1000569,0.00014701,66.00000000,1
1531163674898,1531163674893,1000570,0.00014701,75.00000000,1
1531163693681,1531163693676,1000571,0.00014701,147.00000000,1
1531163693699,1531163693693,1000572,0.00014701,280.00000000,1
1531163700727,1531163700720,1000573,0.00014701,139.00000000,1
1531163718496,1531163718491,1000574,0.00014701,168.00000000,1
1531163718521,1531163718516,1000575,0.00014701,35.00000000,1
1531163725195,1531163725190,1000576,0.00014703,26.00000000,0
1531163725207,1531163725202,1000577,0.00014701,10.00000000,1
1531163738630,1531163738625,1000578,0.00014703,339.00000000,0
1531163738644,1531163738639,1000579,0.00014701,175.00000000,1
1531163744244,1531163744237,1000580,0.00014701,118.00000000,1
1531163744269,1531163744266,1000581,0.00014701,244.00000000,1
1531163752826,1531163752820,1000582,0.00014703,26.00000000,0
1531163752840,1531163752834,1000583,0.00014701,185.00000000,1
1531163752865,1531163752860,1000584,0.00014701,17.00000000,1
1531163757809,1531163757804,1000585,0.00014703,10.00000000,0
1531163757828,1531163757822,1000586,0.00014701,7.00000000,1
1531163766745,1531163766738,1000587,0.00014700,1051.00000000,1
1531163766745,1531163766738,1000588,0.00014699,35.00000000,1
1531163766745,1531163766738,1000589,0.00014696,69.00000000,1
1531163766745,1531163766738,1000590,0.00014695,491.00000000,1
1531163777952,1531163777947,1000591,0.00014701,615.00000000,0
1531163777960,1531163777954,1000592,0.00014696,263.00000000,1
1531163792756,1531163792751,1000593,0.00014696,166.00000000,1
1531163792768,1531163792761,1000594,0.00014696,127.00000000,1
1531163800812,1531163800806,1000595,0.00014695,310.00000000,1
1531163806914,1531163806908,1000596,0.00014701,97.00000000,0
1531163806921,1531163806915,1000597,0.00014696,69.00000000,1
1531163806939,1531163806933,1000598,0.00014696,83.00000000,1
1531163813767,1531163813762,1000599,0.00014696,249.00000000,1
1531163813791,1531163813786,1000600,0.00014696,23.00000000,1
1531163830724,1531163830719,1000601,0.00014694,176.00000000,1
1531163844295,1531163844290,1000602,0.00014716,213.00000000,0
1531163844305,1531163844301,1000603,0.00014695,132.00000000,1
1531163847639,1531163847633,1000604,0.00014694,35.00000000,1
1531163847639,1531163847633,1000605,0.00014693,93.00000000,1
1531163847639,1531163847633,1000606,0.00014692,1541.00000000,1
1531163859360,1531163859354,1000607,0.00014712,488.00000000,0
1531163859367,1531163859362,1000608,0.00014694,252.00000000,1
1531163866835,1531163866830,1000609,0.00014693,105.00000000,1
1531163880402,1531163880397,1000610,0.00014708,107.00000000,0
1531163880498,1531163880493,1000611,0.00014693,79.00000000,1
1531163880509,1531163880504,1000612,0.00014693,46.00000000,1
1531163892239,1531163892233,1000613,0.00014707,147.00000000,0
1531163892251,1531163892248,1000614,0.00014694,97.00000000,1
1531163912031,1531163912025,1000615,0.00014693,205.00000000,1
1531163912046,1531163912041,1000616,0.00014693,7.00000000,1
1531163920165,1531163920159,1000617,0.00014707,31.00000000,0
1531163920184,1531163920179,1000618,0.00014693,84.00000000,1
1531163920200,1531163920194,1000619,0.00014693,11.00000000,1
1531163932479,1531163932475,1000620,0.00014707,66.00000000,0
1531163932495,1531163932491,1000621,0.00014693,244.00000000,1
1531163932510,1531163932505,1000622,0.00014693,45.00000000,1
1531163937704,1531163937699,1000623,0.00014706,371.00000000,0
1531163937720,1531163937714,1000624,0.00014693,44.00000000,1
1531163937735,1531163937730,1000625,0.00014693,144.00000000,1
1531163950349,1531163950342,1000626,0.00014706,699.00000000,0
1531163950358,1531163950354,1000627,0.00014693,257.00000000,1
1531163971437,1531163971430,1000628,0.00014694,129.00000000,1
1531163971458,1531163971452,1000629,0.00014694,158.00000000,1
1531163987073,1531163987066,1000630,0.00014694,72.00000000,1
1531163987087,1531163987082,1000631,0.00014694,224.00000000,1
1531164000183,1531164000179,1000632,0.00014696,271.00000000,1
1531164009458,1531164009451,1000633,0.00014693,214.00000000,1
1531164084363,1531164084359,1000634,0.00014696,77.00000000,1
1531164110839,1531164110833,1000635,0.00014722,27.00000000,0
1531164145800,1531164145795,1000636,0.00014704,100.00000000,1
1531164145817,1531164145812,1000637,0.00014704,39.00000000,1
1531164180712,1531164180705,1000638,0.00014706,287.00000000,1
1531164190702,1531164190697,1000639,0.00014706,7.00000000,1
1531164190723,1531164190721,1000640,0.00014706,156.00000000,1
1531164205335,1531164205330,1000641,0.00014714,25.00000000,0
1531164205350,1531164205345,1000642,0.00014706,13.00000000,1
1531164217687,1531164217681,1000643,0.00014714,23.00000000,0
1531164217702,1531164217696,1000644,0.00014706,10.00000000,1
1531164225576,1531164225570,1000645,0.00014706,181.00000000,1
1531164237349,1531164237343,1000646,0.00014706,221.00000000,1
1531164237367,1531164237361,1000647,0.00014706,244.00000000,1
1531164257978,1531164257973,1000648,0.00014714,424.00000000,0
1531164257997,1531164257994,1000649,0.00014706,171.00000000,1
1531164267684,1531164267679,1000650,0.00014714,536.00000000,0
1531164267696,1531164267691,1000651,0.00014706,200.00000000,1
1531164267799,1531164267794,1000652,0.00014706,220.00000000,1
1531164276495,1531164276491,1000653,0.00014706,15.00000000,1
1531164278294,1531164278289,1000654,0.00014714,110.00000000,0
1531164278313,1531164278307,1000655,0.00014706,91.00000000,1
1531164278342,1531164278339,1000656,0.00014706,14.00000000,0
1531164290862,1531164290858,1000657,0.00014706,1.00000000,0
1531164295820,1531164295814,1000658,0.00014707,95.00000000,1
1531164304412,1531164304409,1000659,0.00014714,470.00000000,0
1531164304421,1531164304416,1000660,0.00014706,294.00000000,1
1531164313209,1531164313204,1000661,0.00014706,15.00000000,1
1531164322961,1531164322955,1000662,0.00014706,422.00000000,1
1531164322961,1531164322955,1000663,0.00014705,87.00000000,1
1531164341768,1531164341763,1000664,0.00014714,49.00000000,0
1531164341787,1531164341781,1000665,0.00014706,21.00000000,1
1531164352353,1531164352349,1000666,0.00014706,19.00000000,1
1531164352367,1531164352360,1000667,0.00014706,85.00000000,1
1531164367280,1531164367274,1000668,0.00014706,108.00000000,1
1531164378443,1531164378437,1000669,0.00014715,446.00000000,0
1531164378450,1531164378447,1000670,0.00014707,278.00000000,1
1531164378473,1531164378466,1000671,0.00014707,154.00000000,1
1531164384838,1531164384832,1000672,0.00014714,393.00000000,0
1531164384848,1531164384842,1000673,0.00014706,214.00000000,1
1531164392617,1531164392610,1000674,0.00014706,62.00000000,1
1531164403528,1531164403523,1000675,0.00014706,15.00000000,1
1531164412674,1531164412669,1000676,0.00014714,177.00000000,0
1531164412691,1531164412685,1000677,0.00014706,78.00000000,1
1531164429237,1531164429231,1000678,0.00014714,577.00000000,0
1531164429249,1531164429244,1000679,0.00014706,165.00000000,1
1531164429267,1531164429260,1000680,0.00014706,251.00000000,1
1531164438052,1531164438045,1000681,0.00014714,212.00000000,0
1531164438067,1531164438061,1000682,0.00014706,19.00000000,1
1531164438085,1531164438078,1000683,0.00014706,87.00000000,1
1531164449487,1531164449480,1000684,0.00014706,65.00000000,1
1531164449498,1531164449491,1000685,0.00014706,89.00000000,1
1531164465409,1531164465403,1000686,0.00014714,285.00000000,0
1531164465423,1531164465418,1000687,0.00014706,114.00000000,1
1531164473136,1531164473129,1000688,0.00014706,69.00000000,1
1531164491709,1531164491703,1000689,0.00014714,32.00000000,0
1531164491722,1531164491717,1000690,0.00014706,62.00000000,1
1531164491734,1531164491727,1000691,0.00014706,16.00000000,1
1531164512138,1531164512133,1000692,0.00014715,147.00000000,0
1531164512154,1531164512148,1000693,0.00014708,7.00000000,1
1531164512174,1531164512168,1000694,0.00014708,76.00000000,1
1531164543943,1531164543939,1000695,0.00014706,246.00000000,1
1531164548626,1531164548622,1000696,0.00014706,246.00000000,1
1531164548642,1531164548640,1000697,0.00014706,267.00000000,1
1531164552581,1531164552577,1000698,0.00014723,39.00000000,0
1531164552581,1531164552577,1000699,0.00014754,45.00000000,0
1531164552581,1531164552577,1000700,0.00014755,154.00000000,0
1531164552581,1531164552577,1000701,0.00014759,162.00000000,0
1531164624834,1531164624827,1000702,0.00014727,299.00000000,0
1531164624850,1531164624845,1000703,0.00014707,230.00000000,1
1531164628856,1531164628852,1000704,0.00014746,14.00000000,0
1531164651558,1531164651552,1000705,0.00014710,102.00000000,1
1531164698765,1531164698758,1000706,0.00014712,136.00000000,1
1531164698788,1531164698783,1000707,0.00014712,298.00000000,1
1531164699763,1531164699757,1000708,0.00014748,469.00000000,0
1531164699763,1531164699757,1000709,0.00014750,325.00000000,0
1531164699763,1531164699757,1000710,0.00014757,1192.00000000,0
1531164699763,1531164699757,1000711,0.00014758,10.00000000,0
1531164699763,1531164699757,1000712,0.00014759,1838.00000000,0
1531164699763,1531164699757,1000713,0.00014766,10.00000000,0
1531164699763,1531164699757,1000714,0.00014767,913.00000000,0
1531164702922,1531164702916,1000715,0.00014765,35.00000000,0
1531164702922,1531164702916,1000716,0.00014767,1529.00000000,0
1531164712127,1531164712122,1000717,0.00014733,430.00000000,0
1531164712136,1531164712130,1000718,0.00014717,234.00000000,1
1531164745287,1531164745283,1000719,0.00014737,173.00000000,1
1531164755810,1531164755805,1000720,0.00014742,145.00000000,0
1531164755819,1531164755814,1000721,0.00014737,111.00000000,1
1531164755844,1531164755838,1000722,0.00014737,53.00000000,1
1531164765851,1531164765846,1000723,0.00014737,107.00000000,1
1531164781909,1531164781904,1000724,0.00014737,298.00000000,1
1531164787988,1531164787982,1000725,0.00014736,194.00000000,1
1531164787988,1531164787982,1000726,0.00014728,26.00000000,1
1531164788016,1531164788010,1000727,0.00014710,33.00000000,1
1531164788016,1531164788010,1000728,0.00014705,161.00000000,1
1531164794097,1531164794094,1000729,0.00014707,190.00000000,1
1531164804872,1531164804866,1000730,0.00014706,18.00000000,1
1531164804872,1531164804866,1000731,0.00014705,121.00000000,1
1531164804934,1531164804927,1000732,0.00014705,16.00000000,0
1531164815262,1531164815257,1000733,0.00014704,173.00000000,1
1531164815317,1531164815312,1000734,0.00014705,16.00000000,0
1531164833374,1531164833368,1000735,0.00014694,286.00000000,1
1531164842433,1531164842430,1000736,0.00014694,166.00000000,1
1531164851893,1531164851888,1000737,0.00014699,274.00000000,0
1531164851910,1531164851905,1000738,0.00014694,16.00000000,1
1531164851934,1531164851928,1000739,0.00014694,264.00000000,1
1531164861634,1531164861629,1000740,0.00014699,14.00000000,0
1531164861647,1531164861642,1000741,0.00014694,138.00000000,1
1531164861672,1531164861667,1000742,0.00014694,8.00000000,1
1531164886203,1531164886197,1000743,0.00014696,169.00000000,1
1531164913761,1531164913756,1000744,0.00014698,18.00000000,1
1531164925543,1531164925536,1000745,0.00014701,68.00000000,0
1531164925559,1531164925554,1000746,0.00014698,293.00000000,1
1531164925583,1531164925577,1000747,0.00014698,42.00000000,1
1531164928725,1531164928720,1000748,0.00014699,576.00000000,1
1531164928725,1531164928720,1000749,0.00014698,1192.00000000,1
1531164928725,1531164928720,1000750,0.00014690,342.00000000,1
1531164942566,1531164942561,1000751,0.00014705,399.00000000,0
1531164959087,1531164959081,1000752,0.00014691,34.00000000,1
1531164969435,1531164969430,1000753,0.00014698,657.00000000,0
1531164969447,1531164969443,1000754,0.00014691,255.00000000,1
1531164984700,1531164984695,1000755,0.00014698,253.00000000,0
1531164984714,1531164984711,1000756,0.00014691,208.00000000,1
1531164991192,1531164991187,1000757,0.00014691,66.00000000,1
1531165006982,1531165006978,1000758,0.00014691,268.00000000,1
1531165018571,1531165018564,1000759,0.00014691,53.00000000,1
1531165031924,1531165031918,1000760,0.00014693,362.00000000,1
1531165031957,1531165031951,1000761,0.00014691,137.00000000,0
1531165044931,1531165044927,1000762,0.00014695,165.00000000,1
1531165060287,1531165060281,1000763,0.00014700,365.00000000,0
1531165060294,1531165060290,1000764,0.00014695,221.00000000,1
1531165060306,1531165060302,1000765,0.00014695,290.00000000,1
1531165072842,1531165072837,1000766,0.00014694,227.00000000,1
1531165097270,1531165097268,1000767,0.00014696,58.00000000,1
1531165098033,1531165098030,1000768,0.00014705,544.00000000,0
1531165111773,1531165111766,1000769,0.00014705,69.00000000,0
1531165112329,1531165112323,1000770,0.00014693,298.00000000,1
1531165126908,1531165126903,1000771,0.00014693,57.00000000,1
1531165130097,1531165130093,1000772,0.00014705,286.00000000,0
1531165135944,1531165135942,1000773,0.00014694,91.00000000,1
1531165144630,1531165144624,1000774,0.00014693,298.00000000,1
1531165159210,1531165159207,1000775,0.00014705,420.00000000,0
1531165160464,1531165160458,1000776,0.00014694,119.00000000,1
1531165160487,1531165160480,1000777,0.00014694,92.00000000,1
1531165178826,1531165178819,1000778,0.00014698,308.00000000,0
1531165178835,1531165178830,1000779,0.00014694,107.00000000,1
1531165188439,1531165188434,1000780,0.00014699,154.00000000,0
1531165188453,1531165188448,1000781,0.00014694,182.00000000,1
1531165188471,1531165188465,1000782,0.00014694,90.00000000,1
1531165203876,1531165203871,1000783,0.00014698,529.00000000,0
1531165203885,1531165203880,1000784,0.00014693,94.00000000,1
1531165203896,1531165203890,1000785,0.00014693,252.00000000,1
1531165208924,1531165208918,1000786,0.00014693,79.00000000,1
1531165208942,1531165208937,1000787,0.00014693,46.00000000,1
1531165215649,1531165215643,1000788,0.00014694,105.00000000,1
1531165225485,1531165225481,1000789,0.00014695,61.00000000,1
1531165226590,1531165226584,1000790,0.00014694,153.00000000,1
1531165226611,1531165226605,1000791,0.00014694,264.00000000,0
1531165226701,1531165226696,1000792,0.00014705,872.00000000,0
1531165349578,1531165349573,1000793,0.00014734,398.00000000,0
1531165349592,1531165349587,1000794,0.00014710,237.00000000,1
1531165349615,1531165349610,1000795,0.00014710,224.00000000,1
1531165440255,1531165440249,1000796,0.00014717,44.00000000,1
1531165440255,1531165440249,1000797,0.00014714,128.00000000,1
1531165443737,1531165443732,1000798,0.00014715,120.00000000,1
1531165443749,1531165443743,1000799,0.00014715,24.00000000,1
1531165458101,1531165458095,1000800,0.00014716,65.00000000,1
1531165458117,1531165458111,1000801,0.00014716,290.00000000,1
1531165465764,1531165465759,1000802,0.00014736,604.00000000,0
1531165465778,1531165465775,1000803,0.00014716,224.00000000,1
1531165473320,1531165473317,1000804,0.00014715,16.00000000,1
1531165530841,1531165530835,1000805,0.00014715,7.00000000,0
1531165540246,1531165540239,1000806,0.00014715,137.00000000,0
1531165547232,1531165547225,1000807,0.00014714,482.00000000,1
1531165547320,1531165547315,1000808,0.00014715,82.00000000,0
1531165547430,1531165547424,1000809,0.00014714,347.00000000,1
1531165554990,1531165554985,1000810,0.00014711,302.00000000,0
1531165555000,1531165554995,1000811,0.00014707,135.00000000,1
1531165571618,1531165571613,1000812,0.00014707,118.00000000,1
1531165581648,1531165581645,1000813,0.00014707,26.00000000,1
1531165581668,1531165581663,1000814,0.00014707,149.00000000,1
1531165592783,1531165592777,1000815,0.00014707,178.00000000,1
1531165592806,1531165592799,1000816,0.00014707,193.00000000,1
1531165592958,1531165592951,1000817,0.00014706,469.00000000,1
1531165601308,1531165601302,1000818,0.00014711,43.00000000,0
1531165604317,1531165604311,1000819,0.00014707,1.00000000,1
1531165604961,1531165604954,1000820,0.00014707,275.00000000,1
1531165620077,1531165620075,1000821,0.00014711,345.00000000,0
1531165620092,1531165620086,1000822,0.00014707,188.00000000,1
1531165625743,1531165625737,1000823,0.00014707,95.00000000,1
1531165625765,1531165625758,1000824,0.00014707,227.00000000,1
1531165637346,1531165637341,1000825,0.00014707,19.00000000,1
1531165637364,1531165637359,1000826,0.00014707,261.00000000,1
1531165643685,1531165643678,1000827,0.00014710,184.00000000,0
1531165643702,1531165643697,1000828,0.00014707,208.00000000,1
1531165643732,1531165643725,1000829,0.00014707,79.00000000,1
1531165658423,1531165658416,1000830,0.00014710,208.00000000,0
1531165658439,1531165658433,1000831,0.00014707,226.00000000,1
1531165658455,1531165658450,1000832,0.00014707,137.00000000,1
1531165665432,1531165665426,1000833,0.00014711,27.00000000,0
1531165665444,1531165665439,1000834,0.00014707,10.00000000,1
1531165672632,1531165672627,1000835,0.00014711,142.00000000,0
1531165672648,1531165672642,1000836,0.00014707,63.00000000,1
1531165686475,1531165686472,1000837,0.00014711,218.00000000,0
1531165686493,1531165686487,1000838,0.00014707,45.00000000,1
1531165686515,1531165686510,1000839,0.00014707,101.00000000,1
1531165705717,1531165705711,1000840,0.00014711,89.00000000,0
1531165705735,1531165705730,1000841,0.00014707,89.00000000,1
1531165705755,1531165705750,1000842,0.00014707,49.00000000,1
1531165712206,1531165712199,1000843,0.00014711,333.00000000,0
1531165712216,1531165712209,1000844,0.00014707,156.00000000,1
1531165730107,1531165730101,1000845,0.00014707,22.00000000,0
1531165730107,1531165730101,1000846,0.00014715,228.00000000,0
1531165730746,1531165730739,1000847,0.00014715,659.00000000,0
1531165734831,1531165734826,1000848,0.00014711,210.00000000,0
1531165734850,1531165734845,1000849,0.00014707,125.00000000,1
1531165750498,1531165750493,1000850,0.00014707,250.00000000,1
1531165754750,1531165754744,1000851,0.00014707,282.00000000,1
1531165772824,1531165772819,1000852,0.00014711,284.00000000,0
1531165772836,1531165772831,1000853,0.00014707,137.00000000,1
1531165772853,1531165772847,1000854,0.00014707,203.00000000,1
1531165776690,1531165776683,1000855,0.00014707,169.00000000,1
1531165777586,1531165777581,1000856,0.00014711,517.00000000,0
1531165777603,1531165777598,1000857,0.00014707,54.00000000,1
1531165786690,1531165786684,1000858,0.00014707,169.00000000,0
1531165791260,1531165791255,1000859,0.00014714,225.00000000,0
1531165791361,1531165791355,1000860,0.00014714,276.00000000,0
1531165791386,1531165791381,1000861,0.00014707,54.00000000,1
1531165799520,1531165799516,1000862,0.00014707,169.00000000,0
1531165810651,1531165810647,1000863,0.00014708,281.00000000,1
1531165810669,1531165810664,1000864,0.00014708,114.00000000,1
1531165810684,1531165810678,1000865,0.00014707,54.00000000,1
1531165824295,1531165824288,1000866,0.00014707,169.00000000,0
1531165826913,1531165826906,1000867,0.00014707,42.00000000,1
1531165826922,1531165826917,1000868,0.00014707,12.00000000,1
1531165826922,1531165826917,1000869,0.00014706,30.00000000,1
1531165837993,1531165837988,1000870,0.00014707,49.00000000,1
1531165838018,1531165838013,1000871,0.00014707,281.00000000,1
1531165863156,1531165863151,1000872,0.00014707,127.00000000,1
1531165863179,1531165863173,1000873,0.00014707,108.00000000,1
1531165871163,1531165871158,1000874,0.00014707,190.00000000,1
1531165871178,1531165871171,1000875,0.00014707,274.00000000,1
1531165886694,1531165886688,1000876,0.00014707,173.00000000,1
1531165886717,1531165886713,1000877,0.00014707,128.00000000,1
1531165906610,1531165906604,1000878,0.00014710,294.00000000,0
1531165906624,1531165906619,1000879,0.00014707,102.00000000,1
1531165906654,1531165906647,1000880,0.00014707,199.00000000,1
1531165922263,1531165922259,1000881,0.00014709,46.00000000,0
1531165922280,1531165922274,1000882,0.00014707,20.00000000,1
1531165937541,1531165937537,1000883,0.00014708,35.00000000,1
1531165944893,1531165944888,1000884,0.00014708,230.00000000,1
1531165965493,1531165965472,1000885,0.00014710,20.00000000,0
1531165965493,1531165965487,1000886,0.00014713,8.00000000,0
1531165980499,1531165980494,1000887,0.00014710,718.00000000,0
1531165980512,1531165980507,1000888,0.00014713,253.00000000,0
1531165993809,1531165993805,1000889,0.00014711,78.00000000,0
1531165993819,1531165993814,1000890,0.00014708,37.00000000,1
1531166005123,1531166005117,1000891,0.00014711,47.00000000,0
1531166005141,1531166005135,1000892,0.00014708,16.00000000,1
1531166011787,1531166011783,1000893,0.00014708,84.00000000,1
1531166011804,1531166011799,1000894,0.00014708,68.00000000,1
1531166033892,1531166033886,1000895,0.00014711,587.00000000,0
1531166033909,1531166033906,1000896,0.00014708,288.00000000,1
1531166051377,1531166051372,1000897,0.00014710,219.00000000,0
1531166051387,1531166051385,1000898,0.00014708,129.00000000,1
1531166062779,1531166062773,1000899,0.00014710,140.00000000,0
1531166072399,1531166072393,1000900,0.00014708,144.00000000,1
1531166082512,1531166082506,1000901,0.00014708,101.00000000,1
1531166100807,1531166100802,1000902,0.00014711,329.00000000,0
1531166100819,1531166100813,1000903,0.00014708,116.00000000,1
1531166107182,1531166107176,1000904,0.00014710,38.00000000,0
1531166107194,1531166107188,1000905,0.00014708,284.00000000,1
1531166107207,1531166107201,1000906,0.00014708,15.00000000,1
1531166118481,1531166118477,1000907,0.00014708,248.00000000,1
1531166126528,1531166126523,1000908,0.00014711,17.00000000,0
1531166126545,1531166126540,1000909,0.00014708,9.00000000,1
1531166139237,1531166139230,1000910,0.00014708,227.00000000,1
1531166143735,1531166143730,1000911,0.00014710,162.00000000,0
1531166143745,1531166143742,1000912,0.00014708,42.00000000,1
1531166143760,1531166143755,1000913,0.00014708,72.00000000,1
1531166152984,1531166152979,1000914,0.00014708,8.00000000,1
1531166153009,1531166153003,1000915,0.00014708,124.00000000,1
1531166168926,1531166168921,1000916,0.00014711,49.00000000,0
1531166168941,1531166168936,1000917,0.00014708,102.00000000,1
1531166168965,1531166168960,1000918,0.00014708,19.00000000,1
1531166184832,1531166184827,1000919,0.00014708,18.00000000,1
1531166192315,1531166192309,1000920,0.00014708,21.00000000,1
1531166194468,1531166194462,1000921,0.00014708,148.00000000,1
1531166194485,1531166194479,1000922,0.00014708,4.00000000,1
1531166197808,1531166197803,1000923,0.00014707,12.00000000,1
1531166206881,1531166206876,1000924,0.00014700,180.00000000,0
1531166206895,1531166206890,1000925,0.00014693,96.00000000,1
1531166213023,1531166213017,1000926,0.00014702,467.00000000,0
1531166213030,1531166213024,1000927,0.00014693,229.00000000,1
1531166238407,1531166238402,1000928,0.00014693,113.00000000,1
1531166242444,1531166242437,1000929,0.00014692,136.00000000,1
1531166249300,1531166249294,1000930,0.00014689,39.00000000,1
1531166250550,1531166250544,1000931,0.00014693,12.00000000,0
1531166250567,1531166250560,1000932,0.00014693,14.00000000,0
1531166252387,1531166252383,1000933,0.00014693,221.00000000,0
1531166252404,1531166252399,1000934,0.00014693,8.00000000,0
1531166258241,1531166258236,1000935,0.00014702,603.00000000,0
1531166258257,1531166258250,1000936,0.00014690,134.00000000,1
1531166258280,1531166258274,1000937,0.00014690,282.00000000,1
1531166279350,1531166279345,1000938,0.00014701,126.00000000,0
1531166279365,1531166279359,1000939,0.00014690,109.00000000,1
1531166287001,1531166286996,1000940,0.00014690,45.00000000,1
1531166287013,1531166287008,1000941,0.00014690,96.00000000,1
1531166305450,1531166305445,1000942,0.00014690,275.00000000,1
1531166305476,1531166305469,1000943,0.00014690,214.00000000,1
1531166317344,1531166317338,1000944,0.00014702,328.00000000,0
1531166317361,1531166317356,1000945,0.00014690,152.00000000,1
1531166326457,1531166326451,1000946,0.00014702,609.00000000,0
1531166326474,1531166326469,1000947,0.00014690,240.00000000,1
1531166341237,1531166341232,1000948,0.00014702,44.00000000,0
1531166341243,1531166341238,1000949,0.00014690,16.00000000,1
1531166364239,1531166364234,1000950,0.00014690,32.00000000,1
1531166366234,1531166366229,1000951,0.00014699,40.00000000,0
1531166366249,1531166366243,1000952,0.00014690,67.00000000,1
1531166366267,1531166366263,1000953,0.00014690,6.00000000,1
1531166386331,1531166386325,1000954,0.00014690,32.00000000,0
1531166399470,1531166399464,1000955,0.00014701,161.00000000,0
1531166399481,1531166399477,1000956,0.00014691,265.00000000,1
1531166399502,1531166399497,1000957,0.00014691,79.00000000,1
1531166399518,1531166399513,1000958,0.00014690,6.00000000,1
1531166410612,1531166410605,1000959,0.00014690,32.00000000,0
1531166427104,1531166427099,1000960,0.00014702,48.00000000,0
1531166427118,1531166427112,1000961,0.00014691,48.00000000,1
1531166427130,1531166427123,1000962,0.00014690,6.00000000,1
1531166440091,1531166440087,1000963,0.00014689,55.00000000,1
1531166445814,1531166445809,1000964,0.00014686,123.00000000,0
1531166445833,1531166445828,1000965,0.00014684,45.00000000,1
1531166445857,1531166445851,1000966,0.00014684,51.00000000,1
1531166455904,1531166455898,1000967,0.00014684,37.00000000,1
1531166462335,1531166462330,1000968,0.00014689,90.00000000,0
1531166486236,1531166486230,1000969,0.00014689,115.00000000,1
1531166486895,1531166486889,1000970,0.00014689,10.00000000,0
1531166498443,1531166498438,1000971,0.00014684,248.00000000,1
1531166498470,1531166498464,1000972,0.00014684,108.00000000,1
1531166503352,1531166503347,1000973,0.00014686,675.00000000,0
1531166503372,1531166503366,1000974,0.00014684,238.00000000,1
1531166512394,1531166512389,1000975,0.00014686,139.00000000,0
1531166512416,1531166512411,1000976,0.00014684,246.00000000,1
1531166512436,1531166512430,1000977,0.00014684,94.00000000,1
1531166529306,1531166529299,1000978,0.00014685,178.00000000,0
1531166529321,1531166529316,1000979,0.00014688,33.00000000,0
1531166529343,1531166529336,1000980,0.00014688,99.00000000,0
1531166544734,1531166544727,1000981,0.00014686,288.00000000,0
1531166544752,1531166544751,1000982,0.00014684,195.00000000,1
1531166559299,1531166559294,1000983,0.00014687,94.00000000,0
1531166559310,1531166559304,1000984,0.00014684,51.00000000,1
1531166575403,1531166575397,1000985,0.00014684,101.00000000,0
1531166587665,1531166587658,1000986,0.00014684,30.00000000,0
1531166592696,1531166592690,1000987,0.00014683,100.00000000,1
1531166658950,1531166658944,1000988,0.00014684,67.00000000,0
1531166740920,1531166740913,1000989,0.00014684,192.00000000,0
1531166742816,1531166742810,1000990,0.00014690,7.00000000,0
1531166742816,1531166742810,1000991,0.00014700,31.00000000,0
1531166752878,1531166752871,1000992,0.00014699,11.00000000,0
1531166752929,1531166752892,1000993,0.00014699,168.00000000,0
1531166762284,1531166762279,1000994,0.00014691,432.00000000,0
1531166762302,1531166762296,1000995,0.00014699,259.00000000,0
1531166762322,1531166762316,1000996,0.00014699,202.00000000,0
1531166791747,1531166791742,1000997,0.00014693,295.00000000,0
1531166791756,1531166791752,1000998,0.00014687,51.00000000,1
1531166791774,1531166791769,1000999,0.00014687,238.00000000,1
1531166805299,1531166805294,1001000,0.00014686,103.00000000,1
1531166812950,1531166812944,1001001,0.00014699,50.00000000,0
1531166813272,1531166813267,1001002,0.00014699,62.00000000,0
1531166830291,1531166830286,1001003,0.00014699,50.00000000,1
1531166830303,1531166830297,1001004,0.00014699,43.00000000,0
1531166830315,1531166830315,1001005,0.00014699,50.00000000,1
1531166836712,1531166836708,1001006,0.00014692,561.00000000,0
1531166836722,1531166836717,1001007,0.00014685,260.00000000,1
1531166836738,1531166836731,1001008,0.00014699,62.00000000,0
1531166844417,1531166844412,1001009,0.00014699,112.00000000,1
1531166902596,1531166902592,1001010,0.00014699,574.00000000,1
1531166936608,1531166936602,1001011,0.00014699,175.00000000,1
1531166940064,1531166940058,1001012,0.00014699,85.00000000,1
1531166982103,1531166982097,1001013,0.00014699,1.00000000,1
1531167025103,1531167025096,1001014,0.00014700,33.00000000,0
1531167031739,1531167031733,1001015,0.00014708,358.00000000,0
1531167031747,1531167031742,1001016,0.00014701,140.00000000,1
1531167031772,1531167031767,1001017,0.00014701,294.00000000,1
1531167043784,1531167043779,1001018,0.00014700,272.00000000,1
1531167043806,1531167043802,1001019,0.00014700,296.00000000,1
1531167064438,1531167064432,1001020,0.00014712,398.00000000,0
1531167064438,1531167064432,1001021,0.00014715,2.00000000,0
1531167066037,1531167066034,1001022,0.00014715,2.00000000,0
1531167066999,1531167066994,1001023,0.00014707,163.00000000,0
1531167067009,1531167067004,1001024,0.00014700,227.00000000,1
1531167067039,1531167067033,1001025,0.00014700,149.00000000,1
1531167076611,1531167076605,1001026,0.00014700,228.00000000,1
1531167076611,1531167076605,1001027,0.00014699,338.00000000,1
1531167078022,1531167078017,1001028,0.00014706,115.00000000,0
1531167078110,1531167078105,1001029,0.00014714,74.00000000,0
1531167088913,1531167088908,1001030,0.00014707,355.00000000,0
1531167088931,1531167088926,1001031,0.00014700,126.00000000,1
1531167092953,1531167092947,1001032,0.00014699,10122.00000000,1
1531167092968,1531167092962,1001033,0.00014699,126.00000000,0
1531167098573,1531167098568,1001034,0.00014700,120.00000000,1
1531167098596,1531167098590,1001035,0.00014700,151.00000000,1
1531167109370,1531167109367,1001036,0.00014707,373.00000000,0
1531167109387,1531167109382,1001037,0.00014700,271.00000000,1
1531167114510,1531167114504,1001038,0.00014713,60.00000000,0
1531167115512,1531167115506,1001039,0.00014714,465.00000000,0
1531167132021,1531167132017,1001040,0.00014695,11.00000000,1
1531167132042,1531167132036,1001041,0.00014695,7.00000000,1
1531167145342,1531167145336,1001042,0.00014705,100.00000000,0
1531167145352,1531167145348,1001043,0.00014696,38.00000000,1
1531167149814,1531167149808,1001044,0.00014715,47.00000000,0
1531167212245,1531167212239,1001045,0.00014740,16.00000000,0
1531167217132,1531167217127,1001046,0.00014741,21.00000000,1
1531167221817,1531167221810,1001047,0.00014742,378.00000000,0
1531167221838,1531167221833,1001048,0.00014741,115.00000000,1
1531167225378,1531167225372,1001049,0.00014740,13.00000000,1
1531167233292,1531167233287,1001050,0.00014729,502.00000000,0
1531167233307,1531167233301,1001051,0.00014741,21.00000000,0
1531167239230,1531167239224,1001052,0.00014742,279.00000000,1
1531167239249,1531167239243,1001053,0.00014742,202.00000000,0
1531167239263,1531167239260,1001054,0.00014742,23.00000000,1
1531167239277,1531167239271,1001055,0.00014742,256.00000000,1
1531167239292,1531167239286,1001056,0.00014741,115.00000000,1
1531167243914,1531167243907,1001057,0.00014741,8.00000000,0
1531167254100,1531167254093,1001058,0.00014739,14.00000000,0
1531167254100,1531167254093,1001059,0.00014743,67.00000000,0
1531167254100,1531167254093,1001060,0.00014767,141.00000000,0
1531167273466,1531167273464,1001061,0.00014763,20.00000000,0
1531167273588,1531167273582,1001062,0.00014722,20.00000000,1
1531167273588,1531167273582,1001063,0.00014721,41.00000000,1
1531167284923,1531167284918,1001064,0.00014719,38.00000000,1
1531167300320,1531167300313,1001065,0.00014738,90.00000000,0
1531167300339,1531167300332,1001066,0.00014722,34.00000000,1
1531167315168,1531167315161,1001067,0.00014722,179.00000000,1
1531167334239,1531167334234,1001068,0.00014737,129.00000000,0
1531167334254,1531167334250,1001069,0.00014721,120.00000000,1
1531167398748,1531167398742,1001070,0.00014721,265.00000000,1
1531167412187,1531167412181,1001071,0.00014721,203.00000000,1
1531167412203,1531167412199,1001072,0.00014721,295.00000000,1
1531167437533,1531167437526,1001073,0.00014728,570.00000000,0
1531167437552,1531167437546,1001074,0.00014721,180.00000000,1
1531167437574,1531167437569,1001075,0.00014721,248.00000000,1
1531167452157,1531167452151,1001076,0.00014725,247.00000000,0
1531167452167,1531167452161,1001077,0.00014721,96.00000000,1
1531167480813,1531167480806,1001078,0.00014722,292.00000000,1
1531167480839,1531167480834,1001079,0.00014722,237.00000000,1
1531167498797,1531167498791,1001080,0.00014722,98.00000000,1
1531167513246,1531167513244,1001081,0.00014722,361.00000000,0
1531167513261,1531167513254,1001082,0.00014723,226.00000000,0
1531167513281,1531167513275,1001083,0.00014723,258.00000000,0
1531167526411,1531167526407,1001084,0.00014722,182.00000000,1
1531167534419,1531167534414,1001085,0.00014722,247.00000000,1
1531167570908,1531167570902,1001086,0.00014721,14.00000000,1
1531167574767,1531167574762,1001087,0.00014721,11.00000000,1
1531167598704,1531167598698,1001088,0.00014723,130.00000000,1
1531167615683,1531167615678,1001089,0.00014737,372.00000000,0
1531167615694,1531167615692,1001090,0.00014723,270.00000000,1
1531167646475,1531167646474,1001091,0.00014732,359.00000000,0
1531167646493,1531167646487,1001092,0.00014723,123.00000000,1
1531167646504,1531167646499,1001093,0.00014723,257.00000000,1
1531167652569,1531167652563,1001094,0.00014732,562.00000000,0
1531167652588,1531167652583,1001095,0.00014723,130.00000000,1
1531167652608,1531167652603,1001096,0.00014723,281.00000000,1
1531167664766,1531167664761,1001097,0.00014723,45.00000000,1
1531167664783,1531167664778,1001098,0.00014723,186.00000000,1
1531167671513,1531167671506,1001099,0.00014723,100.00000000,1
1531167671541,1531167671536,1001100,0.00014723,113.00000000,1
1531167696768,1531167696763,1001101,0.00014723,265.00000000,1
1531167700207,1531167700201,1001102,0.00014723,108.00000000,1
1531167709103,1531167709097,1001103,0.00014723,193.00000000,1
1531167713778,1531167713773,1001104,0.00014730,314.00000000,0
1531167713788,1531167713782,1001105,0.00014723,105.00000000,1
1531167714768,1531167714766,1001106,0.00014722,10.00000000,1
1531167724892,1531167724885,1001107,0.00014721,481.00000000,1
1531167724892,1531167724885,1001108,0.00014720,147.00000000,1
1531167724892,1531167724885,1001109,0.00014715,441.00000000,1
1531167724909,1531167724905,1001110,0.00014706,99.00000000,1
1531167724909,1531167724905,1001111,0.00014691,143.00000000,1
1531167724917,1531167724916,1001112,0.00014691,99.00000000,1
1531167737598,1531167737592,1001113,0.00014711,660.00000000,0
1531167737610,1531167737605,1001114,0.00014689,243.00000000,1
1531167796404,1531167796399,1001115,0.00014693,202.00000000,1
1531167843677,1531167843671,1001116,0.00014690,176.00000000,1
1531167857627,1531167857620,1001117,0.00014689,7.00000000,1
1531167857627,1531167857620,1001118,0.00014688,144.00000000,1
1531167857627,1531167857620,1001119,0.00014685,131.00000000,1
1531167857627,1531167857620,1001120,0.00014684,9.00000000,1
1531167857627,1531167857620,1001121,0.00014683,165.00000000,1
1531167857627,1531167857620,1001122,0.00014682,14.00000000,1
1531167857627,1531167857620,1001123,0.00014680,30.00000000,1
1531167857627,1531167857620,1001124,0.00014679,34.00000000,1
1531167857627,1531167857620,1001125,0.00014677,70.00000000,1
1531167857627,1531167857620,1001126,0.00014676,40.00000000,1
1531167857627,1531167857620,1001127,0.00014673,39.00000000,1
1531167858045,1531167858040,1001128,0.00014717,198.00000000,0
1531167858073,1531167858073,1001129,0.00014717,228.00000000,0
1531167871087,1531167871083,1001130,0.00014700,31.00000000,0
1531167871113,1531167871109,1001131,0.00014701,16.00000000,0
1531167871197,1531167871194,1001132,0.00014703,37.00000000,0
1531167877902,1531167877893,1001133,0.00014702,106.00000000,1
1531167877902,1531167877893,1001134,0.00014701,15.00000000,1
1531167877902,1531167877893,1001135,0.00014686,90.00000000,1
1531167877902,1531167877893,1001136,0.00014684,20.00000000,1
1531167877902,1531167877893,1001137,0.00014673,28.00000000,1
1531167877902,1531167877893,1001138,0.00014663,600.00000000,1
1531167877902,1531167877893,1001139,0.00014660,50.00000000,1
1531167877902,1531167877893,1001140,0.00014659,40.00000000,1
1531167877902,1531167877893,1001141,0.00014657,7.00000000,1
1531167877902,1531167877893,1001142,0.00014655,40.00000000,1
1531167877902,1531167877893,1001143,0.00014654,4.00000000,1
1531167888632,1531167888626,1001144,0.00014703,102.00000000,1
1531167888632,1531167888626,1001145,0.00014663,10.00000000,1
1531167888632,1531167888626,1001146,0.00014654,888.00000000,1
1531167892441,1531167892435,1001147,0.00014703,1.00000000,0
1531167902737,1531167902730,1001148,0.00014681,684.00000000,1
1531167902737,1531167902730,1001149,0.00014670,57.00000000,1
1531167902737,1531167902730,1001150,0.00014664,259.00000000,1
1531167907356,1531167907354,1001151,0.00014703,1.00000000,0
1531167914542,1531167914541,1001152,0.00014682,7.00000000,1
1531167915215,1531167915209,1001153,0.00014682,677.00000000,1
1531167915215,1531167915209,1001154,0.00014668,4323.00000000,1
1531167924338,1531167924331,1001155,0.00014682,684.00000000,1
1531167924338,1531167924331,1001156,0.00014677,36.00000000,1
1531167924338,1531167924331,1001157,0.00014669,1902.00000000,1
1531167924338,1531167924331,1001158,0.00014667,879.00000000,1
1531167924338,1531167924331,1001159,0.00014658,1499.00000000,1
1531167932463,1531167932456,1001160,0.00014673,79.00000000,1
1531167939874,1531167939868,1001161,0.00014700,1.00000000,0
1531167940279,1531167940273,1001162,0.00014680,36.00000000,1
1531167940279,1531167940273,1001163,0.00014656,871.00000000,1
1531167940279,1531167940273,1001164,0.00014654,93.00000000,1
1531167948744,1531167948738,1001165,0.00014671,100.00000000,1
1531167948744,1531167948738,1001166,0.00014670,30.00000000,1
1531167948744,1531167948738,1001167,0.00014668,20.00000000,1
1531167948744,1531167948738,1001168,0.00014654,214.00000000,1
1531167952777,1531167952772,1001169,0.00014697,100.00000000,0
1531167962924,1531167962913,1001170,0.00014671,684.00000000,1
1531167962924,1531167962913,1001171,0.00014669,100.00000000,1
1531167962924,1531167962913,1001172,0.00014666,1068.00000000,1
1531167962924,1531167962913,1001173,0.00014661,1069.00000000,1
1531167962924,1531167962913,1001174,0.00014659,476.00000000,1
1531167962924,1531167962913,1001175,0.00014652,12.00000000,1
1531167962924,1531167962913,1001176,0.00014651,15.00000000,1
1531167962924,1531167962913,1001177,0.00014649,689.00000000,1
1531167962924,1531167962913,1001178,0.00014648,62.00000000,1
1531167962924,1531167962913,1001179,0.00014646,39.00000000,1
1531167962924,1531167962913,1001180,0.00014645,7.00000000,1
1531167962924,1531167962913,1001181,0.00014643,40.00000000,1
1531167962924,1531167962913,1001182,0.00014642,219.00000000,1
1531167962924,1531167962913,1001183,0.00014640,32.00000000,1
1531167962924,1531167962913,1001184,0.00014639,30.00000000,1
1531167962924,1531167962913,1001185,0.00014638,34.00000000,1
1531167962924,1531167962913,1001186,0.00014637,84.00000000,1
1531167962924,1531167962913,1001187,0.00014636,29.00000000,1
1531167962924,1531167962913,1001188,0.00014635,78.00000000,1
1531167962924,1531167962913,1001189,0.00014634,78.00000000,1
1531167962924,1531167962913,1001190,0.00014633,155.00000000,1
1531167962973,1531167962967,1001191,0.00014640,79.00000000,0
1531167962973,1531167962967,1001192,0.00014650,9.00000000,0
1531167963581,1531167963575,1001193,0.00014672,35.00000000,1
1531167966121,1531167966114,1001194,0.00014687,8.00000000,0
1531167966182,1531167966177,1001195,0.00014688,136.00000000,0
1531167966256,1531167966250,1001196,0.00014688,1.00000000,0
1531167966348,1531167966342,1001197,0.00014689,668.00000000,0
1531167967372,1531167967371,1001198,0.00014688,9.00000000,1
1531167968861,1531167968861,1001199,0.00014688,30.00000000,1
1531167980209,1531167980203,1001200,0.00014688,39.00000000,1
1531167980733,1531167980730,1001201,0.00014688,39.00000000,1
1531167981003,1531167980997,1001202,0.00014688,27.00000000,1
1531167981043,1531167981043,1001203,0.00014680,12.00000000,0
1531167981364,1531167981359,1001204,0.00014681,39.00000000,0
1531167981836,1531167981830,1001205,0.00014683,39.00000000,0
1531167991816,1531167991811,1001206,0.00014683,11.00000000,1
1531167991835,1531167991831,1001207,0.00014683,77.00000000,1
1531168002357,1531168002352,1001208,0.00014689,7.00000000,0
1531168014145,1531168014141,1001209,0.00014685,7.00000000,0
1531168022264,1531168022258,1001210,0.00014701,9.00000000,0
1531168024790,1531168024785,1001211,0.00014701,31.00000000,0
1531168025111,1531168025107,1001212,0.00014695,139.00000000,0
1531168025119,1531168025114,1001213,0.00014688,79.00000000,1
1531168031943,1531168031942,1001214,0.00014686,298.00000000,1
1531168045058,1531168045059,1001215,0.00014699,84.00000000,0
1531168045079,1531168045078,1001216,0.00014695,293.00000000,1
1531168045090,1531168045084,1001217,0.00014695,39.00000000,1
1531168051318,1531168051313,1001218,0.00014699,556.00000000,0
1531168051337,1531168051330,1001219,0.00014695,224.00000000,1
1531168051352,1531168051347,1001220,0.00014695,290.00000000,1
1531168059870,1531168059865,1001221,0.00014702,216.00000000,0
1531168059883,1531168059878,1001222,0.00014702,135.00000000,0
1531168065196,1531168065188,1001223,0.00014703,27.00000000,0
1531168065196,1531168065188,1001224,0.00014704,21.00000000,0
1531168072856,1531168072851,1001225,0.00014697,24.00000000,1
1531168091194,1531168091188,1001226,0.00014700,530.00000000,0
1531168091206,1531168091200,1001227,0.00014699,214.00000000,1
1531168092474,1531168092470,1001228,0.00014698,30.00000000,1
1531168111024,1531168111018,1001229,0.00014683,58.00000000,1
1531168111040,1531168111035,1001230,0.00014683,7.00000000,1
1531168122572,1531168122569,1001231,0.00014682,39.00000000,1
1531168122572,1531168122569,1001232,0.00014676,20.00000000,1
1531168122587,1531168122580,1001233,0.00014668,160.00000000,0
1531168131290,1531168131284,1001234,0.00014683,10.00000000,0
1531168147126,1531168147120,1001235,0.00014688,55.00000000,0
1531168147730,1531168147729,1001236,0.00014688,94.00000000,0
1531168151306,1531168151300,1001237,0.00014689,1.00000000,0
1531168155106,1531168155100,1001238,0.00014685,572.00000000,0
1531168157754,1531168157748,1001239,0.00014685,6.00000000,0
1531168157754,1531168157748,1001240,0.00014686,9.00000000,0
1531168157754,1531168157748,1001241,0.00014690,40.00000000,0
1531168157943,1531168157937,1001242,0.00014673,147.00000000,1
1531168167549,1531168167546,1001243,0.00014700,35.00000000,0
1531168167581,1531168167575,1001244,0.00014702,20.00000000,0
1531168203851,1531168203846,1001245,0.00014677,95.00000000,1
1531168203877,1531168203875,1001246,0.00014677,212.00000000,1
1531168225614,1531168225608,1001247,0.00014704,1.00000000,0
1531168231651,1531168231646,1001248,0.00014685,137.00000000,1
1531168231669,1531168231664,1001249,0.00014685,219.00000000,1
1531168242009,1531168242006,1001250,0.00014691,312.00000000,0
1531168242028,1531168242028,1001251,0.00014678,139.00000000,1
1531168242051,1531168242051,1001252,0.00014678,150.00000000,1
1531168263429,1531168263424,1001253,0.00014704,1.00000000,0
1531168320415,1531168320409,1001254,0.00014683,161.00000000,1
1531168320415,1531168320409,1001255,0.00014676,649.00000000,1
1531168326771,1531168326770,1001256,0.00014703,21.00000000,0
1531168326771,1531168326770,1001257,0.00014704,41.00000000,0
1531168326771,1531168326770,1001258,0.00014705,6.00000000,0
1531168328862,1531168328857,1001259,0.00014677,74.00000000,1
1531168328877,1531168328873,1001260,0.00014677,166.00000000,1
1531168348294,1531168348287,1001261,0.00014705,34.00000000,0
1531168348294,1531168348287,1001262,0.00014716,34.00000000,0
1531168357309,1531168357304,1001263,0.00014666,7.00000000,1
1531168395767,1531168395762,1001264,0.00014716,14.00000000,0
1531168396991,1531168396985,1001265,0.00014716,2781.00000000,1
1531168472374,1531168472358,1001266,0.00014679,113.00000000,1
1531168479320,1531168479315,1001267,0.00014715,148.00000000,0
1531168479348,1531168479345,1001268,0.00014715,240.00000000,0
1531168490360,1531168490355,1001269,0.00014713,9.00000000,0
1531168493288,1531168493282,1001270,0.00014695,240.00000000,0
1531168493303,1531168493298,1001271,0.00014713,47.00000000,0
1531168493322,1531168493316,1001272,0.00014713,223.00000000,0
1531168524743,1531168524740,1001273,0.00014715,110.00000000,0
1531168524759,1531168524753,1001274,0.00014715,215.00000000,0
1531168563898,1531168563893,1001275,0.00014697,37.00000000,0
1531168563909,1531168563905,1001276,0.00014680,117.00000000,1
1531168563934,1531168563927,1001277,0.00014680,37.00000000,1
1531168567783,1531168567781,1001278,0.00014715,79.00000000,0
1531168567783,1531168567781,1001279,0.00014716,171.00000000,0
1531168570098,1531168570094,1001280,0.00014715,101.00000000,0
1531168578374,1531168578368,1001281,0.00014719,39.00000000,0
1531168578374,1531168578368,1001282,0.00014720,29.00000000,0
1531168598935,1531168598929,1001283,0.00014699,166.00000000,0
1531168598950,1531168598944,1001284,0.00014719,297.00000000,0
1531168598970,1531168598965,1001285,0.00014719,63.00000000,0
1531168645170,1531168645165,1001286,0.00014679,114.00000000,1
1531168647600,1531168647594,1001287,0.00014718,1465.00000000,0
1531168659450,1531168659444,1001288,0.00014699,57.00000000,0
1531168659463,1531168659457,1001289,0.00014680,61.00000000,1
1531168659482,1531168659476,1001290,0.00014680,28.00000000,1
1531168674338,1531168674332,1001291,0.00014699,211.00000000,0
1531168674351,1531168674345,1001292,0.00014717,229.00000000,0
1531168674368,1531168674362,1001293,0.00014717,119.00000000,0
1531168691552,1531168691547,1001294,0.00014717,146.00000000,0
1531168720108,1531168720103,1001295,0.00014685,212.00000000,1
1531168720122,1531168720118,1001296,0.00014685,74.00000000,1
1531168733368,1531168733366,1001297,0.00014682,218.00000000,1
1531168733390,1531168733384,1001298,0.00014682,243.00000000,1
1531168768795,1531168768789,1001299,0.00014679,45.00000000,1
1531168768818,1531168768813,1001300,0.00014679,256.00000000,1
1531168786472,1531168786468,1001301,0.00014701,235.00000000,0
1531168786487,1531168786482,1001302,0.00014682,184.00000000,1
1531168801281,1531168801275,1001303,0.00014700,48.00000000,0
1531168801293,1531168801287,1001304,0.00014681,46.00000000,1
1531168838110,1531168838106,1001305,0.00014683,75.00000000,1
1531168838127,1531168838122,1001306,0.00014683,98.00000000,1
1531168838640,1531168838634,1001307,0.00014682,28.00000000,1
1531168846761,1531168846757,1001308,0.00014681,132.00000000,1
1531168846779,1531168846772,1001309,0.00014681,177.00000000,1
1531168859894,1531168859889,1001310,0.00014701,141.00000000,0
1531168859909,1531168859902,1001311,0.00014717,116.00000000,0
1531168859920,1531168859914,1001312,0.00014717,56.00000000,0
1531168867805,1531168867799,1001313,0.00014710,816.00000000,0
1531168879191,1531168879186,1001314,0.00014709,1.00000000,0
1531168884727,1531168884725,1001315,0.00014708,125.00000000,0
1531168901024,1531168901018,1001316,0.00014710,400.00000000,0
1531168906526,1531168906522,1001317,0.00014696,18.00000000,0
1531168906545,1531168906539,1001318,0.00014683,7.00000000,1
1531168918040,1531168918035,1001319,0.00014709,100.00000000,0
1531168918063,1531168918061,1001320,0.00014709,202.00000000,0
1531168928617,1531168928612,1001321,0.00014710,1.00000000,0
1531168934147,1531168934142,1001322,0.00014700,3541.00000000,0
1531168934798,1531168934794,1001323,0.00014700,32.00000000,0
1531168935160,1531168935155,1001324,0.00014700,1047.00000000,0
1531168937970,1531168937965,1001325,0.00014694,99.00000000,0
1531168937982,1531168937976,1001326,0.00014689,249.00000000,1
1531168938001,1531168937997,1001327,0.00014689,49.00000000,1
1531168942150,1531168942145,1001328,0.00014688,293.00000000,1
1531168942161,1531168942155,1001329,0.00014688,86.00000000,1
1531168957851,1531168957849,1001330,0.00014700,2223.00000000,0
1531168958846,1531168958842,1001331,0.00014700,1218.00000000,0
1531168968112,1531168968108,1001332,0.00014693,549.00000000,0
1531168968132,1531168968126,1001333,0.00014699,38.00000000,0
1531168968151,1531168968145,1001334,0.00014699,187.00000000,0
1531168974039,1531168974036,1001335,0.00014700,236.00000000,0
1531168976790,1531168976784,1001336,0.00014700,2232.00000000,0
1531168980374,1531168980372,1001337,0.00014700,87.00000000,0
1531168981378,1531168981372,1001338,0.00014700,1541.00000000,0
1531168984536,1531168984531,1001339,0.00014694,97.00000000,0
1531168984550,1531168984544,1001340,0.00014689,156.00000000,1
1531168996625,1531168996619,1001341,0.00014700,2141.00000000,0
1531168997811,1531168997806,1001342,0.00014700,1696.00000000,0
1531169005602,1531169005599,1001343,0.00014699,194.00000000,1
1531169005617,1531169005612,1001344,0.00014699,217.00000000,0
1531169005634,1531169005629,1001345,0.00014699,7.00000000,1
1531169005659,1531169005654,1001346,0.00014699,187.00000000,1
1531169006009,1531169006007,1001347,0.00014700,1670.00000000,0
1531169006583,1531169006576,1001348,0.00014700,3541.00000000,0
1531169012567,1531169012561,1001349,0.00014699,59.00000000,1
1531169012578,1531169012574,1001350,0.00014699,25.00000000,0
1531169012591,1531169012585,1001351,0.00014699,59.00000000,1
1531169021340,1531169021334,1001352,0.00014700,2141.00000000,0
1531169022919,1531169022913,1001353,0.00014698,24.00000000,1
1531169023115,1531169023109,1001354,0.00014698,105.00000000,0
1531169023284,1531169023279,1001355,0.00014698,1.00000000,0
1531169023325,1531169023320,1001356,0.00014700,1608.00000000,0
1531169033124,1531169033119,1001357,0.00014698,170.00000000,0
1531169033136,1531169033131,1001358,0.00014696,9.00000000,1
1531169033152,1531169033149,1001359,0.00014696,96.00000000,1
1531169038748,1531169038743,1001360,0.00014700,2067.00000000,0
1531169046904,1531169046898,1001361,0.00014698,353.00000000,0
1531169046911,1531169046907,1001362,0.00014696,26.00000000,1
1531169046931,1531169046926,1001363,0.00014696,134.00000000,1
1531169057182,1531169057180,1001364,0.00014698,58.00000000,0
1531169057193,1531169057189,1001365,0.00014696,37.00000000,1
1531169060538,1531169060535,1001366,0.00014695,12.00000000,1
1531169065085,1531169065080,1001367,0.00014700,70.00000000,0
1531169065115,1531169065109,1001368,0.00014700,49.00000000,0
1531169065133,1531169065127,1001369,0.00014700,688.00000000,0
1531169071733,1531169071728,1001370,0.00014696,170.00000000,1
1531169086870,1531169086865,1001371,0.00014696,243.00000000,1
1531169086889,1531169086886,1001372,0.00014696,55.00000000,1
1531169091826,1531169091820,1001373,0.00014697,173.00000000,0
1531169091838,1531169091832,1001374,0.00014699,63.00000000,0
1531169096230,1531169096228,1001375,0.00014700,77.00000000,0
1531169105063,1531169105057,1001376,0.00014698,53.00000000,0
1531169105076,1531169105072,1001377,0.00014696,32.00000000,1
1531169105095,1531169105092,1001378,0.00014696,46.00000000,1
1531169107558,1531169107555,1001379,0.00014700,85.00000000,0
1531169119626,1531169119621,1001380,0.00014696,254.00000000,1
1531169119648,1531169119642,1001381,0.00014696,63.00000000,1
1531169121207,1531169121201,1001382,0.00014699,400.00000000,0
1531169132166,1531169132160,1001383,0.00014696,35.00000000,1
1531169138550,1531169138545,1001384,0.00014699,19.00000000,0
1531169141861,1531169141858,1001385,0.00014696,112.00000000,1
1531169141876,1531169141870,1001386,0.00014696,197.00000000,0
1531169141891,1531169141886,1001387,0.00014696,112.00000000,1
1531169143075,1531169143067,1001388,0.00014695,50.00000000,1
1531169146916,1531169146911,1001389,0.00014695,34.00000000,1
1531169146916,1531169146911,1001390,0.00014681,122.00000000,1
1531169146916,1531169146911,1001391,0.00014678,344.00000000,1
1531169159155,1531169159149,1001392,0.00014686,621.00000000,0
1531169159165,1531169159159,1001393,0.00014679,280.00000000,1
1531169171075,1531169171071,1001394,0.00014679,259.00000000,1
1531169171097,1531169171093,1001395,0.00014679,33.00000000,1
1531169184648,1531169184643,1001396,0.00014677,297.00000000,1
1531169190072,1531169190068,1001397,0.00014684,23.00000000,0
1531169190085,1531169190080,1001398,0.00014677,42.00000000,1
1531169190106,1531169190099,1001399,0.00014677,21.00000000,1
1531169201602,1531169201595,1001400,0.00014688,16.00000000,0
1531169206992,1531169206986,1001401,0.00014678,298.00000000,1
1531169207015,1531169207010,1001402,0.00014678,115.00000000,1
1531169213257,1531169213254,1001403,0.00014690,299.00000000,0
1531169224645,1531169224640,1001404,0.00014689,13.00000000,0
1531169224645,1531169224640,1001405,0.00014691,1.00000000,0
1531169224663,1531169224657,1001406,0.00014691,13.00000000,0
1531169230946,1531169230941,1001407,0.00014687,638.00000000,0
1531169230956,1531169230950,1001408,0.00014679,285.00000000,1
1531169258305,1531169258299,1001409,0.00014693,13.00000000,0
1531169258305,1531169258299,1001410,0.00014695,387.00000000,0
1531169268359,1531169268353,1001411,0.00014695,556.00000000,0
1531169268359,1531169268353,1001412,0.00014706,14.00000000,0
1531169268359,1531169268353,1001413,0.00014717,1607.00000000,0
1531169283018,1531169283013,1001414,0.00014693,16.00000000,0
1531169305478,1531169305473,1001415,0.00014699,158.00000000,0
1531169305490,1531169305486,1001416,0.00014681,42.00000000,1
1531169305508,1531169305502,1001417,0.00014681,77.00000000,1
1531169340452,1531169340447,1001418,0.00014681,7.00000000,1
1531169366591,1531169366585,1001419,0.00014697,60.00000000,0
1531169366607,1531169366601,1001420,0.00014683,22.00000000,1
1531169367138,1531169367132,1001421,0.00014711,5.00000000,0
1531169427862,1531169427856,1001422,0.00014700,218.00000000,0
1531169427877,1531169427871,1001423,0.00014681,296.00000000,1
1531169427901,1531169427897,1001424,0.00014681,144.00000000,1
1531169445656,1531169445651,1001425,0.00014689,265.00000000,0
1531169445670,1531169445664,1001426,0.00014679,201.00000000,1
1531169448220,1531169448215,1001427,0.00014700,330.00000000,0
1531169457640,1531169457635,1001428,0.00014691,397.00000000,0
1531169457658,1531169457653,1001429,0.00014682,136.00000000,1
1531169457686,1531169457680,1001430,0.00014682,170.00000000,1
1531169471017,1531169471013,1001431,0.00014682,113.00000000,1
1531169478046,1531169478041,1001432,0.00014700,400.00000000,0
1531169482827,1531169482822,1001433,0.00014682,172.00000000,1
1531169486097,1531169486091,1001434,0.00014700,1831.00000000,0
1531169498803,1531169498798,1001435,0.00014682,201.00000000,1
1531169509435,1531169509433,1001436,0.00014682,7.00000000,1
1531169509458,1531169509452,1001437,0.00014682,201.00000000,1
1531169524155,1531169524149,1001438,0.00014685,23.00000000,1
1531169524176,1531169524172,1001439,0.00014685,240.00000000,1
1531169537998,1531169537992,1001440,0.00014682,160.00000000,1
1531169538014,1531169538009,1001441,0.00014682,154.00000000,1
1531169552688,1531169552682,1001442,0.00014700,3001.00000000,0
1531169560946,1531169560941,1001443,0.00014700,560.00000000,0
1531169568173,1531169568166,1001444,0.00014700,2441.00000000,0
1531169572745,1531169572742,1001445,0.00014700,1.00000000,0
1531169580221,1531169580216,1001446,0.00014693,297.00000000,0
1531169580231,1531169580225,1001447,0.00014686,106.00000000,1
1531169580256,1531169580253,1001448,0.00014686,124.00000000,1
1531169585718,1531169585713,1001449,0.00014700,125.00000000,0
1531169597910,1531169597904,1001450,0.00014684,124.00000000,1
1531169601121,1531169601115,1001451,0.00014700,610.00000000,0
1531169609287,1531169609282,1001452,0.00014691,130.00000000,0
1531169609304,1531169609298,1001453,0.00014682,27.00000000,1
1531169609325,1531169609319,1001454,0.00014682,87.00000000,1
1531169618243,1531169618237,1001455,0.00014682,207.00000000,1
1531169618265,1531169618260,1001456,0.00014682,215.00000000,1
1531169618816,1531169618812,1001457,0.00014700,58.00000000,0
1531169622823,1531169622816,1001458,0.00014682,281.00000000,1
1531169622840,1531169622834,1001459,0.00014682,286.00000000,1
1531169628815,1531169628810,1001460,0.00014700,1.00000000,0
1531169633155,1531169633151,1001461,0.00014691,564.00000000,0
1531169633174,1531169633169,1001462,0.00014682,274.00000000,1
1531169638268,1531169638264,1001463,0.00014682,32.00000000,1
1531169638279,1531169638274,1001464,0.00014682,63.00000000,1
1531169651269,1531169651263,1001465,0.00014692,60.00000000,0
1531169651282,1531169651275,1001466,0.00014684,33.00000000,1
1531169656431,1531169656427,1001467,0.00014700,1.00000000,0
1531169666200,1531169666195,1001468,0.00014685,96.00000000,1
1531169666730,1531169666724,1001469,0.00014700,1.00000000,0
1531169672937,1531169672931,1001470,0.00014700,1303.00000000,0
1531169679278,1531169679273,1001471,0.00014692,220.00000000,0
1531169679283,1531169679278,1001472,0.00014685,127.00000000,1
1531169679705,1531169679699,1001473,0.00014700,1.00000000,0
1531169694283,1531169694277,1001474,0.00014699,101.00000000,0
1531169694931,1531169694924,1001475,0.00014699,102.00000000,0
1531169695625,1531169695618,1001476,0.00014699,101.00000000,0
1531169696230,1531169696227,1001477,0.00014699,102.00000000,0
1531169698160,1531169698156,1001478,0.00014685,7.00000000,1
1531169700918,1531169700914,1001479,0.00014686,1.00000000,1
1531169701189,1531169701183,1001480,0.00014700,21.00000000,0
1531169711133,1531169711130,1001481,0.00014699,1.00000000,0
1531169713106,1531169713100,1001482,0.00014683,59.00000000,1
1531169713124,1531169713118,1001483,0.00014683,62.00000000,1
1531169731806,1531169731801,1001484,0.00014691,38.00000000,0
1531169731820,1531169731814,1001485,0.00014683,15.00000000,1
1531169737329,1531169737326,1001486,0.00014684,244.00000000,1
1531169743805,1531169743800,1001487,0.00014700,1.00000000,0
1531169753390,1531169753385,1001488,0.00014682,154.00000000,1
1531169753410,1531169753407,1001489,0.00014682,67.00000000,1
1531169762790,1531169762786,1001490,0.00014699,1.00000000,0
1531169767725,1531169767720,1001491,0.00014700,400.00000000,0
1531169782545,1531169782539,1001492,0.00014700,1.00000000,0
1531169783144,1531169783140,1001493,0.00014700,3181.00000000,0
1531169802895,1531169802890,1001494,0.00014700,1.00000000,0
1531169806481,1531169806476,1001495,0.00014692,39.00000000,0
1531169806501,1531169806495,1001496,0.00014685,153.00000000,1
1531169806517,1531169806512,1001497,0.00014685,26.00000000,1
1531169808694,1531169808689,1001498,0.00014685,7.00000000,1
1531169820292,1531169820286,1001499,0.00014692,182.00000000,0
1531169820299,1531169820296,1001500,0.00014685,127.00000000,1
1531169833426,1531169833420,1001501,0.00014692,307.00000000,0
1531169833438,1531169833433,1001502,0.00014685,126.00000000,1
1531169851971,1531169851966,1001503,0.00014692,151.00000000,0
1531169851987,1531169851982,1001504,0.00014685,52.00000000,1
1531169856166,1531169856159,1001505,0.00014700,1.00000000,0
1531169858409,1531169858404,1001506,0.00014685,49.00000000,1
1531169866515,1531169866510,1001507,0.00014700,32.00000000,0
1531169872978,1531169872973,1001508,0.00014692,312.00000000,0
1531169872991,1531169872986,1001509,0.00014684,256.00000000,1
1531169873018,1531169873014,1001510,0.00014684,137.00000000,1
1531169880131,1531169880124,1001511,0.00014700,2233.00000000,0
1531169891735,1531169891729,1001512,0.00014684,225.00000000,1
1531169897559,1531169897552,1001513,0.00014691,107.00000000,0
1531169897569,1531169897564,1001514,0.00014684,193.00000000,1
1531169897596,1531169897590,1001515,0.00014684,55.00000000,1
1531169905848,1531169905842,1001516,0.00014691,529.00000000,0
1531169905860,1531169905854,1001517,0.00014684,65.00000000,1
1531169905875,1531169905869,1001518,0.00014684,270.00000000,1
1531169914226,1531169914221,1001519,0.00014691,632.00000000,0
1531169914244,1531169914241,1001520,0.00014684,255.00000000,1
1531169925429,1531169925423,1001521,0.00014695,146.00000000,0
1531169925443,1531169925438,1001522,0.00014692,72.00000000,1
1531169940633,1531169940628,1001523,0.00014692,449.00000000,0
1531169940651,1531169940645,1001524,0.00014685,189.00000000,1
1531169950567,1531169950562,1001525,0.00014693,51.00000000,0
1531169950880,1531169950874,1001526,0.00014684,285.00000000,1
1531169950901,1531169950896,1001527,0.00014684,182.00000000,1
1531169979019,1531169979014,1001528,0.00014682,204.00000000,1
1531169979030,1531169979024,1001529,0.00014682,81.00000000,1
1531169991499,1531169991494,1001530,0.00014685,10.00000000,1
1531169992232,1531169992226,1001531,0.00014697,16.00000000,0
1531170001282,1531170001276,1001532,0.00014700,1048.00000000,0
1531170001285,1531170001283,1001533,0.00014700,34.00000000,0
1531170001374,1531170001369,1001534,0.00014700,384.00000000,0
1531170004611,1531170004605,1001535,0.00014688,132.00000000,1
1531170004611,1531170004605,1001536,0.00014686,25.00000000,1
1531170004611,1531170004605,1001537,0.00014685,10.00000000,1
1531170004611,1531170004605,1001538,0.00014681,35.00000000,1
1531170004611,1531170004605,1001539,0.00014679,23.00000000,1
1531170004611,1531170004605,1001540,0.00014675,69.00000000,1
1531170004611,1531170004605,1001541,0.00014667,39.00000000,1
1531170022979,1531170022972,1001542,0.00014697,16.00000000,0
1531170023132,1531170023125,1001543,0.00014699,23.00000000,0
1531170023132,1531170023125,1001544,0.00014711,148.00000000,0
1531170023132,1531170023125,1001545,0.00014720,464.00000000,0
1531170023132,1531170023125,1001546,0.00014725,8.00000000,0
1531170023132,1531170023125,1001547,0.00014730,7.00000000,0
1531170023132,1531170023125,1001548,0.00014735,726.00000000,0
1531170052904,1531170052898,1001549,0.00014730,60.00000000,1
1531170052904,1531170052898,1001550,0.00014724,26.00000000,1
1531170052904,1531170052898,1001551,0.00014710,414.00000000,1
1531170068935,1531170068930,1001552,0.00014696,171.00000000,1
1531170074478,1531170074472,1001553,0.00014735,14.00000000,0
1531170076481,1531170076475,1001554,0.00014735,55.00000000,0
1531170119414,1531170119409,1001555,0.00014707,253.00000000,1
1531170119414,1531170119409,1001556,0.00014694,47.00000000,1
1531170124661,1531170124658,1001557,0.00014695,45.00000000,1
1531170124661,1531170124658,1001558,0.00014693,2000.00000000,1
1531170124661,1531170124658,1001559,0.00014692,39.00000000,1
1531170124672,1531170124667,1001560,0.00014682,45.00000000,1
1531170132756,1531170132751,1001561,0.00014694,100.00000000,0
1531170138598,1531170138594,1001562,0.00014683,223.00000000,1
1531170138623,1531170138617,1001563,0.00014683,174.00000000,1
1531170144228,1531170144226,1001564,0.00014688,21.00000000,0
1531170144240,1531170144237,1001565,0.00014684,15.00000000,1
1531170172235,1531170172230,1001566,0.00014690,161.00000000,0
1531170172244,1531170172240,1001567,0.00014688,155.00000000,1
1531170176047,1531170176041,1001568,0.00014692,72.00000000,0
1531170181040,1531170181035,1001569,0.00014691,45.00000000,0
1531170197405,1531170197399,1001570,0.00014694,5.00000000,0
1531170197405,1531170197399,1001571,0.00014702,26.00000000,0
1531170197405,1531170197399,1001572,0.00014721,39.00000000,0
1531170197405,1531170197399,1001573,0.00014738,722.00000000,0
1531170208927,1531170208922,1001574,0.00014699,500.00000000,1
1531170227807,1531170227801,1001575,0.00014694,20.00000000,1
1531170227807,1531170227801,1001576,0.00014693,267.00000000,1
1531170227807,1531170227801,1001577,0.00014692,418.00000000,1
1531170227807,1531170227801,1001578,0.00014690,40.00000000,1
1531170227807,1531170227801,1001579,0.00014684,3099.00000000,1
1531170227807,1531170227801,1001580,0.00014681,1156.00000000,1
1531170241343,1531170241337,1001581,0.00014730,45.00000000,0
1531170241343,1531170241337,1001582,0.00014731,215.00000000,0
1531170273966,1531170273962,1001583,0.00014718,20.00000000,0
1531170273966,1531170273962,1001584,0.00014719,72.00000000,0
1531170273966,1531170273962,1001585,0.00014720,308.00000000,0
1531170285496,1531170285491,1001586,0.00014699,267.00000000,0
1531170285506,1531170285500,1001587,0.00014680,239.00000000,1
1531170289372,1531170289366,1001588,0.00014683,39.00000000,1
1531170330019,1531170330013,1001589,0.00014713,1.00000000,0
1531170346134,1531170346127,1001590,0.00014683,28.00000000,1
1531170346134,1531170346127,1001591,0.00014682,45.00000000,1
1531170346134,1531170346127,1001592,0.00014681,72.00000000,1
1531170346134,1531170346127,1001593,0.00014680,216.00000000,1
1531170346134,1531170346127,1001594,0.00014671,39.00000000,1
1531170346134,1531170346127,1001595,0.00014667,25.00000000,1
1531170346134,1531170346127,1001596,0.00014665,75.00000000,1
1531170352708,1531170352701,1001597,0.00014670,233.00000000,1
1531170352721,1531170352716,1001598,0.00014670,39.00000000,1
1531170361637,1531170361631,1001599,0.00014667,7.00000000,1
1531170365488,1531170365484,1001600,0.00014671,72.00000000,1
1531170365488,1531170365484,1001601,0.00014668,211.00000000,1
1531170393003,1531170392998,1001602,0.00014675,22.00000000,1
1531170393003,1531170392998,1001603,0.00014660,40.00000000,1
1531170393003,1531170392998,1001604,0.00014658,438.00000000,1
1531170410702,1531170410696,1001605,0.00014692,1.00000000,0
1531170424243,1531170424238,1001606,0.00014690,1.00000000,0
1531170426744,1531170426735,1001607,0.00014689,38.00000000,0
1531170434277,1531170434272,1001608,0.00014681,6.00000000,1
1531170434733,1531170434727,1001609,0.00014687,37.00000000,0
1531170434761,1531170434756,1001610,0.00014688,1192.00000000,0
1531170434764,1531170434758,1001611,0.00014689,16.00000000,0
1531170434932,1531170434927,1001612,0.00014691,1.00000000,0
1531170458629,1531170458625,1001613,0.00014669,205.00000000,1
1531170464279,1531170464273,1001614,0.00014670,241.00000000,1
1531170464294,1531170464289,1001615,0.00014670,161.00000000,1
1531170471262,1531170471256,1001616,0.00014686,1.00000000,0
1531170473637,1531170473632,1001617,0.00014677,283.00000000,0
1531170473645,1531170473640,1001618,0.00014686,192.00000000,0
1531170473662,1531170473657,1001619,0.00014686,166.00000000,0
1531170533522,1531170533515,1001620,0.00014688,178.00000000,0
1531170533534,1531170533528,1001621,0.00014680,236.00000000,1
1531170533553,1531170533547,1001622,0.00014680,109.00000000,1
1531170537351,1531170537346,1001623,0.00014679,50.00000000,1
1531170537372,1531170537368,1001624,0.00014679,221.00000000,1
1531170545259,1531170545254,1001625,0.00014688,75.00000000,0
1531170545273,1531170545271,1001626,0.00014679,43.00000000,1
1531170551992,1531170551986,1001627,0.00014688,448.00000000,0
1531170552014,1531170552008,1001628,0.00014679,175.00000000,1
1531170571851,1531170571845,1001629,0.00014687,418.00000000,0
1531170571871,1531170571864,1001630,0.00014679,99.00000000,1
1531170571884,1531170571879,1001631,0.00014679,201.00000000,1
1531170577522,1531170577517,1001632,0.00014687,113.00000000,0
1531170577535,1531170577530,1001633,0.00014679,250.00000000,1
1531170577557,1531170577552,1001634,0.00014679,111.00000000,1
1531170585787,1531170585780,1001635,0.00014687,257.00000000,0
1531170585805,1531170585800,1001636,0.00014679,148.00000000,1
1531170592457,1531170592452,1001637,0.00014698,65.00000000,0
1531170596491,1531170596486,1001638,0.00014679,117.00000000,1
1531170617393,1531170617388,1001639,0.00014669,26.00000000,1
1531170617410,1531170617405,1001640,0.00014669,240.00000000,1
1531170618805,1531170618800,1001641,0.00014699,49.00000000,0
1531170618805,1531170618800,1001642,0.00014700,19.00000000,0
1531170650838,1531170650827,1001643,0.00014694,40.00000000,0
1531170650838,1531170650827,1001644,0.00014700,20.00000000,0
1531170650838,1531170650827,1001645,0.00014701,64.00000000,0
1531170650838,1531170650827,1001646,0.00014719,40.00000000,0
1531170650838,1531170650827,1001647,0.00014724,8.00000000,0
1531170650838,1531170650827,1001648,0.00014731,200.00000000,0
1531170650838,1531170650827,1001649,0.00014744,750.00000000,0
1531170650838,1531170650827,1001650,0.00014745,67.00000000,0
1531170650838,1531170650827,1001651,0.00014747,273.00000000,0
1531170650838,1531170650827,1001652,0.00014753,133.00000000,0
1531170650838,1531170650827,1001653,0.00014757,69.00000000,0
1531170650838,1531170650827,1001654,0.00014767,30.00000000,0
1531170650838,1531170650827,1001655,0.00014775,8.00000000,0
1531170650838,1531170650827,1001656,0.00014777,7.00000000,0
1531170650838,1531170650827,1001657,0.00014779,69.00000000,0
1531170650838,1531170650827,1001658,0.00014780,20.00000000,0
1531170650838,1531170650827,1001659,0.00014785,10.00000000,0
1531170650838,1531170650827,1001660,0.00014787,48.00000000,0
1531170650838,1531170650827,1001661,0.00014788,254.00000000,0
1531170650838,1531170650827,1001662,0.00014795,101.00000000,0
1531170650838,1531170650827,1001663,0.00014801,37.00000000,0
1531170650838,1531170650827,1001664,0.00014803,20.00000000,0
1531170650838,1531170650827,1001665,0.00014815,20.00000000,0
1531170650838,1531170650827,1001666,0.00014818,30.00000000,0
1531170650838,1531170650827,1001667,0.00014820,90.00000000,0
1531170650838,1531170650827,1001668,0.00014823,8.00000000,0
1531170650838,1531170650827,1001669,0.00014827,1855.00000000,0
1531170650838,1531170650827,1001670,0.00014829,229.00000000,0
1531170651049,1531170651042,1001671,0.00014728,40.00000000,1
1531170651092,1531170651087,1001672,0.00014721,40.00000000,1
1531170651167,1531170651161,1001673,0.00014721,40.00000000,1
1531170651282,1531170651278,1001674,0.00014718,40.00000000,1
1531170651523,1531170651490,1001675,0.00014714,40.00000000,1
1531170651836,1531170651830,1001676,0.00014721,40.00000000,1
1531170651836,1531170651830,1001677,0.00014715,761.00000000,1
1531170651994,1531170651989,1001678,0.00014715,100.00000000,1
1531170657448,1531170657443,1001679,0.00014696,14.00000000,0
1531170659613,1531170659607,1001680,0.00014694,90.00000000,0
1531170671479,1531170671474,1001681,0.00014686,523.00000000,0
1531170671498,1531170671493,1001682,0.00014679,203.00000000,1
1531170671516,1531170671510,1001683,0.00014679,238.00000000,1
1531170700236,1531170700231,1001684,0.00014679,7.00000000,1
1531170706386,1531170706380,1001685,0.00014680,129.00000000,1
1531170706404,1531170706398,1001686,0.00014680,7.00000000,1
1531170710012,1531170710007,1001687,0.00014688,10.00000000,0
1531170710036,1531170710031,1001688,0.00014709,192.00000000,1
1531170721312,1531170721306,1001689,0.00014707,7.00000000,0
1531170727072,1531170727067,1001690,0.00014688,16.00000000,1
1531170737341,1531170737334,1001691,0.00014687,72.00000000,1
1531170737341,1531170737334,1001692,0.00014686,261.00000000,1
1531170737341,1531170737334,1001693,0.00014685,41.00000000,1
1531170737341,1531170737334,1001694,0.00014678,13.00000000,1
1531170737341,1531170737334,1001695,0.00014677,29.00000000,1
1531170737341,1531170737334,1001696,0.00014666,1192.00000000,1
1531170737341,1531170737334,1001697,0.00014665,580.00000000,1
1531170745837,1531170745835,1001698,0.00014692,84.00000000,0
1531170750717,1531170750712,1001699,0.00014692,1.00000000,0
1531170752001,1531170751998,1001700,0.00014671,28.00000000,1
1531170752046,1531170752040,1001701,0.00014671,7.00000000,0
1531170762893,1531170762889,1001702,0.00014690,1.00000000,0
1531170766861,1531170766855,1001703,0.00014690,9.00000000,0
1531170802149,1531170802144,1001704,0.00014690,14.00000000,1
1531170822320,1531170822313,1001705,0.00014691,41.00000000,0
1531170822320,1531170822313,1001706,0.00014692,28.00000000,0
1531170822320,1531170822313,1001707,0.00014693,13.00000000,0
1531170822320,1531170822313,1001708,0.00014740,318.00000000,0
1531170841135,1531170841130,1001709,0.00014742,72.00000000,0
1531170841135,1531170841130,1001710,0.00014745,56.00000000,0
1531170841135,1531170841130,1001711,0.00014751,272.00000000,0
1531170847196,1531170847191,1001712,0.00014750,255.00000000,0
1531170898472,1531170898466,1001713,0.00014732,115.00000000,0
1531170898494,1531170898488,1001714,0.00014732,294.00000000,0
1531170898752,1531170898745,1001715,0.00014725,7.00000000,1
1531170901789,1531170901783,1001716,0.00014731,72.00000000,0
1531170905836,1531170905832,1001717,0.00014734,13.00000000,0
1531170906843,1531170906838,1001718,0.00014734,205.00000000,1
1531170914516,1531170914511,1001719,0.00014736,11.00000000,1
1531170914521,1531170914516,1001720,0.00014736,7.00000000,1
