event_time,trade_time,trade_id,price,quantity,maker
1531160307867,1531160307863,3961555,0.00001186,128.00000000,0
1531160312456,1531160312455,3961556,0.00001184,2538.00000000,1
1531160319907,1531160319903,3961557,0.00001184,3501.00000000,1
1531160319907,1531160319903,3961558,0.00001183,795.00000000,1
1531160319907,1531160319903,3961559,0.00001182,2178.00000000,1
1531160319907,1531160319903,3961560,0.00001181,31141.00000000,1
1531160332218,1531160332215,3961561,0.00001181,800.00000000,1
1531160334152,1531160334149,3961562,0.00001184,1008.00000000,0
1531160334156,1531160334152,3961563,0.00001184,845.00000000,0
1531160335282,1531160335278,3961564,0.00001186,111.00000000,0
1531160338771,1531160338768,3961565,0.00001186,252.00000000,0
1531160354704,1531160354701,3961566,0.00001182,250.00000000,1
1531160354880,1531160354881,3961567,0.00001182,846.00000000,0
1531160354890,1531160354886,3961568,0.00001182,846.00000000,0
1531160365003,1531160364998,3961569,0.00001181,32382.00000000,1
1531160365003,1531160364998,3961570,0.00001180,18280.00000000,1
1531160366984,1531160366981,3961571,0.00001182,13043.00000000,0
1531160371252,1531160371248,3961572,0.00001184,300.00000000,0
1531160371887,1531160371885,3961573,0.00001182,2032.00000000,1
1531160372078,1531160372074,3961574,0.00001182,846.00000000,0
1531160373405,1531160373401,3961575,0.00001182,166.00000000,0
1531160380222,1531160380218,3961576,0.00001181,300.00000000,0
1531160392168,1531160392166,3961577,0.00001182,242.00000000,0
1531160395287,1531160395283,3961578,0.00001182,6820.00000000,0
1531160406084,1531160406082,3961579,0.00001182,846.00000000,0
1531160406848,1531160406847,3961580,0.00001182,253.00000000,0
1531160408284,1531160408280,3961581,0.00001182,2301.00000000,0
1531160409103,1531160409098,3961582,0.00001182,2538.00000000,0
1531160409559,1531160409558,3961583,0.00001182,2716.00000000,0
1531160414975,1531160414972,3961584,0.00001182,846.00000000,0
1531160419584,1531160419579,3961585,0.00001182,101.00000000,0
1531160420441,1531160420438,3961586,0.00001182,847.00000000,0
1531160423238,1531160423235,3961587,0.00001182,300.00000000,0
1531160424160,1531160424156,3961588,0.00001182,300.00000000,0
1531160424203,1531160424202,3961589,0.00001182,300.00000000,0
1531160424619,1531160424615,3961590,0.00001182,143.00000000,0
1531160426924,1531160426923,3961591,0.00001182,555.00000000,0
1531160436185,1531160436181,3961592,0.00001184,201.00000000,0
1531160448515,1531160448514,3961593,0.00001184,101.00000000,0
1531160448947,1531160448943,3961594,0.00001184,844.00000000,0
1531160470210,1531160470207,3961595,0.00001184,293.00000000,0
1531160470237,1531160470233,3961596,0.00001184,300.00000000,0
1531160474815,1531160474810,3961597,0.00001184,168.00000000,0
1531160478269,1531160478265,3961598,0.00001184,2489.00000000,0
1531160494065,1531160494062,3961599,0.00001184,4222.00000000,0
1531160519054,1531160519051,3961600,0.00001184,5000.00000000,0
1531160525613,1531160525608,3961601,0.00001184,996.00000000,0
1531160529730,1531160529726,3961602,0.00001184,80994.00000000,0
1531160533087,1531160533084,3961603,0.00001185,3020.00000000,0
1531160533176,1531160533172,3961604,0.00001185,7221.00000000,0
1531160539408,1531160539404,3961605,0.00001187,348.00000000,0
1531160540268,1531160540265,3961606,0.00001187,3269.00000000,0
1531160549786,1531160549782,3961607,0.00001187,3457.00000000,0
1531160551220,1531160551218,3961608,0.00001187,30021.00000000,0
1531160558594,1531160558590,3961609,0.00001187,105902.00000000,0
1531160558842,1531160558839,3961610,0.00001187,4640.00000000,0
1531160558859,1531160558854,3961611,0.00001187,31961.00000000,1
1531160559010,1531160559006,3961612,0.00001187,90.00000000,1
1531160559263,1531160559263,3961613,0.00001187,3737.00000000,1
1531160561896,1531160561895,3961614,0.00001188,30000.00000000,0
1531160562244,1531160562241,3961615,0.00001187,347.00000000,1
1531160581435,1531160581433,3961616,0.00001188,125.00000000,0
1531160589459,1531160589455,3961617,0.00001187,2464.00000000,1
1531160589920,1531160589916,3961618,0.00001188,105992.00000000,0
1531160611309,1531160611306,3961619,0.00001188,476.00000000,0
1531160622020,1531160622017,3961620,0.00001188,760.00000000,0
1531160627627,1531160627624,3961621,0.00001188,378.00000000,0
1531160636391,1531160636388,3961622,0.00001188,1.00000000,0
1531160637583,1531160637579,3961623,0.00001188,124.00000000,0
1531160642797,1531160642793,3961624,0.00001188,13024.00000000,0
1531160644974,1531160644970,3961625,0.00001188,5000.00000000,0
1531160645380,1531160645373,3961626,0.00001188,18495.00000000,0
1531160645380,1531160645373,3961627,0.00001189,926.00000000,0
1531160645380,1531160645373,3961628,0.00001190,28609.00000000,0
1531160645398,1531160645395,3961629,0.00001190,5035.00000000,1
1531160645439,1531160645436,3961630,0.00001190,593.00000000,1
1531160645448,1531160645445,3961631,0.00001190,4965.00000000,1
1531160645501,1531160645501,3961632,0.00001190,2686.00000000,1
1531160645508,1531160645505,3961633,0.00001190,4745.00000000,1
1531160652067,1531160652066,3961634,0.00001189,597.00000000,0
1531160658672,1531160658667,3961635,0.00001189,1756.00000000,0
1531160689702,1531160689698,3961636,0.00001189,333.00000000,1
1531160691180,1531160691176,3961637,0.00001190,107.00000000,0
1531160696258,1531160696254,3961638,0.00001190,1.00000000,0
1531160700662,1531160700659,3961639,0.00001190,400.00000000,0
1531160702381,1531160702378,3961640,0.00001189,105.00000000,1
1531160707970,1531160707967,3961641,0.00001190,8403.00000000,0
1531160709690,1531160709687,3961642,0.00001190,1.00000000,0
1531160716663,1531160716643,3961643,0.00001189,523.00000000,1
1531160721734,1531160721730,3961644,0.00001190,224.00000000,0
1531160744455,1531160744451,3961645,0.00001190,100.00000000,0
1531160764275,1531160764270,3961646,0.00001190,7149.00000000,0
1531160764849,1531160764846,3961647,0.00001190,2186.00000000,1
1531160767768,1531160767764,3961648,0.00001191,1.00000000,0
1531160770984,1531160770980,3961649,0.00001191,282.00000000,0
1531160771672,1531160771668,3961650,0.00001191,596.00000000,0
1531160771891,1531160771888,3961651,0.00001190,288.00000000,1
1531160775908,1531160775903,3961652,0.00001191,20000.00000000,0
1531160778332,1531160778328,3961653,0.00001191,100.00000000,0
1531160787651,1531160787647,3961654,0.00001191,4945.00000000,0
1531160789870,1531160789866,3961655,0.00001191,26164.00000000,0
1531160789870,1531160789866,3961656,0.00001192,388.00000000,0
1531160791237,1531160791233,3961657,0.00001192,24.00000000,0
1531160792489,1531160792485,3961658,0.00001190,176.00000000,0
1531160792601,1531160792598,3961659,0.00001191,840.00000000,1
1531160802203,1531160802200,3961660,0.00001191,1484.00000000,1
1531160814408,1531160814403,3961661,0.00001191,1.00000000,0
1531160814408,1531160814403,3961662,0.00001192,201.00000000,0
1531160815776,1531160815772,3961663,0.00001192,300.00000000,0
1531160819607,1531160819602,3961664,0.00001191,2515.00000000,0
1531160819607,1531160819602,3961665,0.00001192,2070.00000000,0
1531160825078,1531160825073,3961666,0.00001189,4123.00000000,1
1531160826626,1531160826622,3961667,0.00001188,505.00000000,1
1531160827274,1531160827273,3961668,0.00001188,505.00000000,1
1531160829130,1531160829125,3961669,0.00001189,1.00000000,0
1531160833498,1531160833493,3961670,0.00001189,80.00000000,0
1531160845945,1531160845942,3961671,0.00001190,126.00000000,1
1531160872422,1531160872419,3961672,0.00001190,754.00000000,0
1531160880263,1531160880260,3961673,0.00001189,747.00000000,1
1531160887218,1531160887213,3961674,0.00001190,2236.00000000,0
1531160889297,1531160889293,3961675,0.00001189,6198.00000000,1
1531160909192,1531160909189,3961676,0.00001190,809.00000000,0
1531160909787,1531160909782,3961677,0.00001190,3137.00000000,0
1531160910229,1531160910224,3961678,0.00001191,16820.00000000,0
1531160914150,1531160914144,3961679,0.00001191,3741.00000000,0
1531160914150,1531160914144,3961680,0.00001192,18910.00000000,0
1531160914155,1531160914150,3961681,0.00001192,22651.00000000,0
1531160914173,1531160914171,3961682,0.00001192,12545.00000000,0
1531160914337,1531160914331,3961683,0.00001192,4878.00000000,0
1531160914337,1531160914331,3961684,0.00001193,3511.00000000,0
1531160914337,1531160914331,3961685,0.00001193,212.00000000,0
1531160914944,1531160914940,3961686,0.00001192,623.00000000,1
1531160915334,1531160915330,3961687,0.00001192,658.00000000,1
1531160915486,1531160915483,3961688,0.00001192,131.00000000,0
1531160915487,1531160915483,3961689,0.00001192,526.00000000,0
1531160916132,1531160916127,3961690,0.00001191,300.00000000,1
1531160916132,1531160916127,3961691,0.00001189,204.00000000,1
1531160916474,1531160916471,3961692,0.00001191,100.00000000,0
1531160916503,1531160916500,3961693,0.00001191,403.00000000,0
1531160916579,1531160916576,3961694,0.00001191,1.00000000,0
1531160916579,1531160916576,3961695,0.00001193,199.00000000,0
1531160917735,1531160917729,3961696,0.00001193,29359.00000000,0
1531160918465,1531160918462,3961697,0.00001191,1.00000000,1
1531160921814,1531160921812,3961698,0.00001193,135.00000000,0
1531160926117,1531160926113,3961699,0.00001193,7544.00000000,0
1531160927197,1531160927194,3961700,0.00001193,2515.00000000,0
1531160927914,1531160927911,3961701,0.00001193,2706.00000000,0
1531160928262,1531160928258,3961702,0.00001193,9646.00000000,0
1531160928351,1531160928347,3961703,0.00001193,5101.00000000,1
1531160929331,1531160929326,3961704,0.00001193,1180.00000000,1
1531160934513,1531160934510,3961705,0.00001193,2245.00000000,1
1531160937679,1531160937675,3961706,0.00001193,2508.00000000,1
1531160952782,1531160952777,3961707,0.00001194,1.00000000,0
1531160959041,1531160959037,3961708,0.00001193,159.00000000,1
1531160968506,1531160968503,3961709,0.00001193,108.00000000,1
1531160986675,1531160986669,3961710,0.00001194,9849.00000000,0
1531160986675,1531160986669,3961711,0.00001195,1024.00000000,0
1531160988195,1531160988190,3961712,0.00001193,503.00000000,1
1531160989735,1531160989732,3961713,0.00001195,24.00000000,0
1531160993114,1531160993111,3961714,0.00001195,606.00000000,0
1531160993147,1531160993141,3961715,0.00001195,280.00000000,0
1531160993147,1531160993141,3961716,0.00001196,2146.00000000,0
1531160993645,1531160993642,3961717,0.00001195,300.00000000,1
1531160996124,1531160996119,3961718,0.00001196,1188.00000000,0
1531160996124,1531160996119,3961719,0.00001197,56982.00000000,0
1531160996825,1531160996821,3961720,0.00001193,1192.00000000,1
1531161000012,1531161000007,3961721,0.00001197,1807.00000000,0
1531161000481,1531161000477,3961722,0.00001197,166.00000000,0
1531161002884,1531161002880,3961723,0.00001197,1796.00000000,0
1531161005518,1531161005515,3961724,0.00001197,92.00000000,0
1531161010952,1531161010949,3961725,0.00001197,1.00000000,0
1531161012886,1531161012882,3961726,0.00001197,6536.00000000,0
1531161015887,1531161015885,3961727,0.00001194,380.00000000,1
1531161018821,1531161018818,3961728,0.00001197,835.00000000,0
1531161029262,1531161029259,3961729,0.00001197,200.00000000,0
1531161042149,1531161042145,3961730,0.00001194,101.00000000,1
1531161050917,1531161050913,3961731,0.00001197,1.00000000,0
1531161061701,1531161061697,3961732,0.00001196,4468.00000000,0
1531161061701,1531161061697,3961733,0.00001197,6937.00000000,0
1531161072476,1531161072472,3961734,0.00001197,5905.00000000,0
1531161079021,1531161079017,3961735,0.00001197,7000.00000000,0
1531161099249,1531161099247,3961736,0.00001197,84.00000000,0
1531161110783,1531161110780,3961737,0.00001196,604.00000000,0
1531161124662,1531161124657,3961738,0.00001195,335.00000000,1
1531161153918,1531161153913,3961739,0.00001196,1.00000000,0
1531161168752,1531161168747,3961740,0.00001196,9232.00000000,0
1531161168785,1531161168780,3961741,0.00001196,8775.00000000,1
1531161168824,1531161168819,3961742,0.00001196,586.00000000,1
1531161168935,1531161168932,3961743,0.00001196,891.00000000,1
1531161169054,1531161169050,3961744,0.00001196,3016.00000000,1
1531161169823,1531161169821,3961745,0.00001195,118.00000000,1
1531161175926,1531161175915,3961746,0.00001196,1.00000000,0
1531161196327,1531161196322,3961747,0.00001194,7274.00000000,1
1531161211628,1531161211624,3961748,0.00001195,121.00000000,1
1531161232136,1531161232131,3961749,0.00001195,3187.00000000,1
1531161232456,1531161232452,3961750,0.00001194,1625.00000000,1
1531161234401,1531161234398,3961751,0.00001193,501.00000000,1
1531161235776,1531161235772,3961752,0.00001193,494.00000000,1
1531161293274,1531161293270,3961753,0.00001195,62.00000000,0
1531161336472,1531161336467,3961754,0.00001195,62.00000000,0
1531161346882,1531161346878,3961755,0.00001195,1.00000000,0
1531161353423,1531161353419,3961756,0.00001195,3912.00000000,0
1531161389429,1531161389424,3961757,0.00001193,2251.00000000,1
1531161393226,1531161393221,3961758,0.00001193,177.00000000,1
1531161393226,1531161393221,3961759,0.00001192,29.00000000,1
1531161393290,1531161393287,3961760,0.00001192,1500.00000000,1
1531161395157,1531161395152,3961761,0.00001192,1000.00000000,1
1531161401476,1531161401473,3961762,0.00001195,1.00000000,0
1531161413699,1531161413693,3961763,0.00001195,200.00000000,0
1531161416505,1531161416501,3961764,0.00001192,6010.00000000,1
1531161416977,1531161416974,3961765,0.00001192,1062.00000000,1
1531161418715,1531161418711,3961766,0.00001192,796.00000000,1
1531161438405,1531161438401,3961767,0.00001192,5238.00000000,1
1531161447396,1531161447392,3961768,0.00001192,3096.00000000,1
1531161448584,1531161448580,3961769,0.00001192,1801.00000000,1
1531161460811,1531161460807,3961770,0.00001192,10000.00000000,1
1531161462660,1531161462656,3961771,0.00001193,1.00000000,0
1531161476950,1531161476944,3961772,0.00001193,1269.00000000,0
1531161476950,1531161476944,3961773,0.00001195,15936.00000000,0
1531161490034,1531161490031,3961774,0.00001196,87.00000000,0
1531161491295,1531161491290,3961775,0.00001192,230.00000000,1
1531161494312,1531161494309,3961776,0.00001196,207.00000000,0
1531161505455,1531161505450,3961777,0.00001196,5315.00000000,0
1531161522666,1531161522662,3961778,0.00001195,156.00000000,0
1531161532034,1531161532030,3961779,0.00001195,123.00000000,0
1531161545825,1531161545820,3961780,0.00001195,13380.00000000,0
1531161546973,1531161546970,3961781,0.00001195,1000.00000000,1
1531161560434,1531161560431,3961782,0.00001195,492.00000000,1
1531161566156,1531161566153,3961783,0.00001195,8290.00000000,1
1531161568290,1531161568287,3961784,0.00001195,6996.00000000,1
1531161569704,1531161569699,3961785,0.00001195,335.00000000,1
1531161607663,1531161607658,3961786,0.00001195,4999.00000000,1
1531161608412,1531161608409,3961787,0.00001196,334.00000000,0
1531161611329,1531161611326,3961788,0.00001195,1.00000000,1
1531161619405,1531161619401,3961789,0.00001195,15361.00000000,1
1531161640958,1531161640954,3961790,0.00001196,585.00000000,0
1531161641158,1531161641154,3961791,0.00001196,33844.00000000,0
1531161649525,1531161649519,3961792,0.00001196,12043.00000000,0
1531161665871,1531161665868,3961793,0.00001195,5376.00000000,1
1531161670109,1531161670104,3961794,0.00001195,1424.00000000,1
1531161690037,1531161690033,3961795,0.00001195,376.00000000,1
1531161700445,1531161700440,3961796,0.00001196,1028.00000000,1
1531161731499,1531161731495,3961797,0.00001197,1200.00000000,0
1531161736221,1531161736216,3961798,0.00001196,12588.00000000,1
1531161736903,1531161736901,3961799,0.00001197,12747.00000000,0
1531161739770,1531161739767,3961800,0.00001196,4573.00000000,1
1531161740024,1531161740020,3961801,0.00001198,19.00000000,0
1531161740155,1531161740150,3961802,0.00001198,19.00000000,0
1531161740534,1531161740528,3961803,0.00001196,4468.00000000,1
1531161752120,1531161752116,3961804,0.00001197,819.00000000,0
1531161753993,1531161753989,3961805,0.00001198,24.00000000,0
1531161754187,1531161754181,3961806,0.00001197,451.00000000,1
1531161756398,1531161756393,3961807,0.00001197,200.00000000,1
1531161758330,1531161758326,3961808,0.00001197,200.00000000,1
1531161761465,1531161761460,3961809,0.00001197,101.00000000,1
1531161761512,1531161761507,3961810,0.00001197,200.00000000,1
1531161763559,1531161763554,3961811,0.00001197,32368.00000000,1
1531161763796,1531161763791,3961812,0.00001197,6830.00000000,1
1531161804284,1531161804279,3961813,0.00001197,534.00000000,0
1531161806830,1531161806824,3961814,0.00001196,63034.00000000,1
1531161806830,1531161806824,3961815,0.00001195,36966.00000000,1
1531161811157,1531161811153,3961816,0.00001195,168.00000000,1
1531161812625,1531161812621,3961817,0.00001195,1000.00000000,1
1531161864394,1531161864389,3961818,0.00001197,4567.00000000,0
1531161867055,1531161867052,3961819,0.00001195,2683.00000000,1
1531161867057,1531161867054,3961820,0.00001195,2683.00000000,1
1531161867108,1531161867103,3961821,0.00001195,2683.00000000,1
1531161870203,1531161870198,3961822,0.00001195,7090.00000000,1
1531161870203,1531161870198,3961823,0.00001194,7680.00000000,1
1531161872551,1531161872549,3961824,0.00001196,7690.00000000,0
1531161880516,1531161880513,3961825,0.00001195,4839.00000000,0
1531161933332,1531161933328,3961826,0.00001195,192.00000000,0
1531161948117,1531161948112,3961827,0.00001195,837.00000000,0
1531161952642,1531161952636,3961828,0.00001194,25434.00000000,1
1531161959443,1531161959441,3961829,0.00001195,200.00000000,0
1531161968444,1531161968439,3961830,0.00001195,3926.00000000,0
1531161976479,1531161976473,3961831,0.00001198,11999.00000000,0
1531162002165,1531162002160,3961832,0.00001198,166.00000000,0
1531162005989,1531162005983,3961833,0.00001198,3542.00000000,0
1531162021552,1531162021551,3961834,0.00001198,84.00000000,0
1531162021686,1531162021682,3961835,0.00001195,233.00000000,1
1531162037574,1531162037568,3961836,0.00001195,25.00000000,1
1531162037574,1531162037568,3961837,0.00001194,475.00000000,1
1531162040588,1531162040582,3961838,0.00001197,1000.00000000,0
1531162040588,1531162040582,3961839,0.00001198,2350.00000000,0
1531162040975,1531162040971,3961840,0.00001194,7729.00000000,1
1531162045560,1531162045557,3961841,0.00001198,2326.00000000,0
1531162051367,1531162051364,3961842,0.00001198,1215.00000000,0
1531162095299,1531162095296,3961843,0.00001195,84.00000000,1
1531162095299,1531162095296,3961844,0.00001194,2170.00000000,1
1531162096891,1531162096886,3961845,0.00001194,130.00000000,1
1531162118629,1531162118624,3961846,0.00001195,384314.00000000,1
1531162171427,1531162171420,3961847,0.00001198,37738.00000000,0
1531162171427,1531162171420,3961848,0.00001199,28412.00000000,0
1531162171427,1531162171420,3961849,0.00001200,32779.00000000,0
1531162171427,1531162171420,3961850,0.00001200,6000.00000000,0
1531162172352,1531162172347,3961851,0.00001196,502.00000000,1
1531162190154,1531162190150,3961852,0.00001195,1912.00000000,1
1531162195493,1531162195487,3961853,0.00001197,200.00000000,1
1531162195545,1531162195541,3961854,0.00001197,61.00000000,1
1531162197369,1531162197364,3961855,0.00001197,200.00000000,1
1531162200392,1531162200387,3961856,0.00001197,200.00000000,1
1531162202842,1531162202838,3961857,0.00001197,200.00000000,1
1531162204125,1531162204120,3961858,0.00001197,502.00000000,1
1531162205666,1531162205661,3961859,0.00001197,200.00000000,1
1531162206255,1531162206251,3961860,0.00001197,501.00000000,1
1531162209021,1531162209017,3961861,0.00001197,200.00000000,1
1531162211808,1531162211807,3961862,0.00001197,200.00000000,1
1531162212537,1531162212532,3961863,0.00001197,5890.00000000,1
1531162213715,1531162213711,3961864,0.00001197,5840.00000000,0
1531162214130,1531162214125,3961865,0.00001197,8721.00000000,0
1531162223890,1531162223886,3961866,0.00001197,250.00000000,0
1531162233193,1531162233189,3961867,0.00001197,8354.00000000,0
1531162246949,1531162246944,3961868,0.00001197,2000.00000000,0
1531162256502,1531162256496,3961869,0.00001196,499.00000000,0
1531162256502,1531162256496,3961870,0.00001197,754.00000000,0
1531162273634,1531162273630,3961871,0.00001196,214.00000000,0
1531162362511,1531162362506,3961872,0.00001195,1000.00000000,1
1531162374320,1531162374316,3961873,0.00001196,8000.00000000,0
1531162382322,1531162382318,3961874,0.00001195,1205.00000000,1
1531162382322,1531162382318,3961875,0.00001194,2255.00000000,1
1531162393613,1531162393608,3961876,0.00001194,841.00000000,1
1531162396567,1531162396563,3961877,0.00001196,124.00000000,0
1531162400767,1531162400764,3961878,0.00001194,444.00000000,1
1531162440145,1531162440140,3961879,0.00001196,219.00000000,0
1531162459371,1531162459366,3961880,0.00001196,150.00000000,0
1531162483258,1531162483252,3961881,0.00001194,5928.00000000,1
1531162483265,1531162483261,3961882,0.00001194,9343.00000000,1
1531162508934,1531162508928,3961883,0.00001194,8094.00000000,1
1531162516477,1531162516472,3961884,0.00001196,1013.00000000,0
1531162537193,1531162537188,3961885,0.00001194,35402.00000000,1
1531162550952,1531162550947,3961886,0.00001194,8.00000000,1
1531162556377,1531162556373,3961887,0.00001196,350.00000000,0
1531162568849,1531162568844,3961888,0.00001196,100.00000000,0
1531162572784,1531162572779,3961889,0.00001196,50.00000000,0
1531162609447,1531162609441,3961890,0.00001196,673.00000000,0
1531162666446,1531162666441,3961891,0.00001196,2000.00000000,0
1531162683846,1531162683841,3961892,0.00001195,1662.00000000,1
1531162683846,1531162683841,3961893,0.00001194,8157.00000000,1
1531162737732,1531162737728,3961894,0.00001194,8052.00000000,1
1531162775813,1531162775808,3961895,0.00001194,36175.00000000,1
1531162785047,1531162785042,3961896,0.00001196,1000.00000000,0
1531162819151,1531162819146,3961897,0.00001196,836.00000000,0
1531162824258,1531162824253,3961898,0.00001194,1209.00000000,1
1531162832531,1531162832525,3961899,0.00001194,97.00000000,1
1531162836650,1531162836646,3961900,0.00001196,99.00000000,0
1531162841235,1531162841230,3961901,0.00001196,200.00000000,0
1531162841248,1531162841247,3961902,0.00001196,185.00000000,0
1531162841327,1531162841322,3961903,0.00001196,742.00000000,0
1531162909709,1531162909704,3961904,0.00001195,6132.00000000,1
1531162924678,1531162924673,3961905,0.00001194,1012.00000000,1
1531162931128,1531162931123,3961906,0.00001195,159.00000000,0
1531162931152,1531162931149,3961907,0.00001195,638.00000000,0
1531162931236,1531162931232,3961908,0.00001195,300.00000000,0
1531162932022,1531162932018,3961909,0.00001195,300.00000000,0
1531162939122,1531162939117,3961910,0.00001194,1127.00000000,1
1531162940595,1531162940589,3961911,0.00001195,3603.00000000,0
1531162940595,1531162940589,3961912,0.00001196,2249.00000000,0
1531162940595,1531162940589,3961913,0.00001197,500.00000000,0
1531162940595,1531162940589,3961914,0.00001198,25041.00000000,0
1531162940595,1531162940589,3961915,0.00001199,32109.00000000,0
1531162953307,1531162953302,3961916,0.00001195,99.00000000,1
1531162956738,1531162956732,3961917,0.00001199,1.00000000,0
1531162991778,1531162991773,3961918,0.00001198,1.00000000,0
1531162994062,1531162994057,3961919,0.00001198,5779.00000000,0
1531162995480,1531162995478,3961920,0.00001198,10120.00000000,1
1531162995726,1531162995719,3961921,0.00001195,7699.00000000,1
1531162995726,1531162995719,3961922,0.00001194,1685.00000000,1
1531163001458,1531163001452,3961923,0.00001199,1.00000000,0
1531163006510,1531163006505,3961924,0.00001199,1009.00000000,0
1531163006890,1531163006698,3961925,0.00001195,1000.00000000,1
1531163006890,1531163006698,3961926,0.00001194,3156.00000000,1
1531163029704,1531163029697,3961927,0.00001196,29974.00000000,1
1531163034985,1531163034979,3961928,0.00001195,501.00000000,1
1531163047611,1531163047606,3961929,0.00001195,27407.00000000,1
1531163048483,1531163048478,3961930,0.00001195,10145.00000000,1
1531163050221,1531163050217,3961931,0.00001194,501.00000000,1
1531163053120,1531163053116,3961932,0.00001194,100.00000000,1
1531163074613,1531163074609,3961933,0.00001195,23908.00000000,1
1531163104013,1531163104010,3961934,0.00001198,62.00000000,0
1531163119007,1531163119001,3961935,0.00001198,1.00000000,0
1531163144494,1531163144489,3961936,0.00001194,1000.00000000,1
1531163144740,1531163144736,3961937,0.00001194,51837.00000000,1
1531163150914,1531163150908,3961938,0.00001193,85539.00000000,1
1531163151035,1531163151030,3961939,0.00001193,300.00000000,0
1531163151067,1531163151061,3961940,0.00001193,892.00000000,0
1531163151074,1531163151071,3961941,0.00001193,2515.00000000,0
1531163151074,1531163151071,3961942,0.00001193,9000.00000000,0
1531163151154,1531163151148,3961943,0.00001193,300.00000000,0
1531163153168,1531163153164,3961944,0.00001193,9000.00000000,0
1531163153556,1531163153551,3961945,0.00001192,88.00000000,1
1531163153572,1531163153566,3961946,0.00001192,1962.00000000,0
1531163153578,1531163153576,3961947,0.00001192,896.00000000,0
1531163153581,1531163153576,3961948,0.00001192,593.00000000,0
1531163153584,1531163153580,3961949,0.00001192,897.00000000,0
1531163153616,1531163153610,3961950,0.00001192,897.00000000,0
1531163153627,1531163153622,3961951,0.00001192,3859.00000000,0
1531163153802,1531163153795,3961952,0.00001193,320.00000000,0
1531163154290,1531163154285,3961953,0.00001193,200.00000000,0
1531163161221,1531163161216,3961954,0.00001192,897.00000000,1
1531163161300,1531163161295,3961955,0.00001192,103.00000000,0
1531163171458,1531163171453,3961956,0.00001191,2011.00000000,1
1531163173463,1531163173458,3961957,0.00001193,366.00000000,0
1531163192816,1531163192810,3961958,0.00001193,10000.00000000,0
1531163193593,1531163193589,3961959,0.00001191,1093.00000000,1
1531163193696,1531163193691,3961960,0.00001193,2000.00000000,0
1531163194296,1531163194291,3961961,0.00001193,100.00000000,0
1531163206161,1531163206156,3961962,0.00001193,300.00000000,0
1531163207486,1531163207481,3961963,0.00001193,200.00000000,0
1531163208349,1531163208343,3961964,0.00001193,717.00000000,0
1531163249502,1531163249497,3961965,0.00001193,900.00000000,0
1531163249568,1531163249563,3961966,0.00001193,7291.00000000,0
1531163257570,1531163257565,3961967,0.00001193,1.00000000,0
1531163260412,1531163260407,3961968,0.00001195,695.00000000,0
1531163260437,1531163260433,3961969,0.00001195,105.00000000,1
1531163260463,1531163260457,3961970,0.00001191,105.00000000,1
1531163264402,1531163264399,3961971,0.00001195,83.00000000,0
1531163268474,1531163268469,3961972,0.00001195,105.00000000,0
1531163268474,1531163268469,3961973,0.00001196,105.00000000,0
1531163292426,1531163292421,3961974,0.00001195,1.00000000,0
1531163293282,1531163293277,3961975,0.00001195,1.00000000,0
1531163354514,1531163354509,3961976,0.00001191,991.00000000,1
1531163361856,1531163361852,3961977,0.00001191,576.00000000,1
1531163362890,1531163362885,3961978,0.00001191,700.00000000,1
1531163388590,1531163388585,3961979,0.00001191,5002.00000000,1
1531163388615,1531163388610,3961980,0.00001191,5154.00000000,0
1531163388615,1531163388610,3961981,0.00001191,5154.00000000,0
1531163388617,1531163388611,3961982,0.00001191,731.00000000,0
1531163388626,1531163388622,3961983,0.00001191,8032.00000000,0
1531163388633,1531163388629,3961984,0.00001191,7557.00000000,0
1531163388649,1531163388646,3961985,0.00001191,840.00000000,0
1531163388658,1531163388654,3961986,0.00001191,2519.00000000,0
1531163389292,1531163389286,3961987,0.00001191,3207.00000000,0
1531163389528,1531163389522,3961988,0.00001191,1804.00000000,0
1531163404630,1531163404624,3961989,0.00001191,599.00000000,0
1531163404681,1531163404674,3961990,0.00001191,11401.00000000,0
1531163409250,1531163409244,3961991,0.00001191,2677.00000000,0
1531163409667,1531163409662,3961992,0.00001191,4925.00000000,0
1531163414869,1531163414864,3961993,0.00001190,1447.00000000,1
1531163419106,1531163419102,3961994,0.00001190,1501.00000000,1
1531163423975,1531163423968,3961995,0.00001191,2677.00000000,0
1531163423988,1531163423985,3961996,0.00001191,2677.00000000,0
1531163424671,1531163424665,3961997,0.00001191,1471.00000000,0
1531163448158,1531163448153,3961998,0.00001193,1000.00000000,0
1531163450543,1531163450540,3961999,0.00001193,682.00000000,0
1531163459503,1531163459500,3962000,0.00001193,1000.00000000,0
1531163491857,1531163491851,3962001,0.00001190,30000.00000000,1
1531163515785,1531163515781,3962002,0.00001190,25688.00000000,1
1531163532685,1531163532680,3962003,0.00001193,25158.00000000,0
1531163544805,1531163544799,3962004,0.00001193,5057.00000000,0
1531163544805,1531163544799,3962005,0.00001194,1501.00000000,0
1531163544805,1531163544799,3962006,0.00001195,1442.00000000,0
1531163545964,1531163545961,3962007,0.00001190,104.00000000,1
1531163548026,1531163548020,3962008,0.00001194,298.00000000,0
1531163564515,1531163564511,3962009,0.00001191,1000.00000000,1
1531163565087,1531163565081,3962010,0.00001191,500.00000000,1
1531163584952,1531163584947,3962011,0.00001193,84.00000000,0
1531163585463,1531163585458,3962012,0.00001192,47.00000000,1
1531163585544,1531163585538,3962013,0.00001193,9.00000000,0
1531163588166,1531163588160,3962014,0.00001194,7956.00000000,0
1531163592875,1531163592870,3962015,0.00001194,12433.00000000,0
1531163593259,1531163593253,3962016,0.00001194,3160.00000000,0
1531163593287,1531163593282,3962017,0.00001194,2294.00000000,1
1531163593301,1531163593296,3962018,0.00001194,593.00000000,1
1531163593349,1531163593343,3962019,0.00001194,392.00000000,1
1531163593390,1531163593384,3962020,0.00001194,894.00000000,1
1531163593483,1531163593477,3962021,0.00001194,148.00000000,1
1531163593531,1531163593525,3962022,0.00001194,2294.00000000,1
1531163593546,1531163593541,3962023,0.00001194,14554.00000000,1
1531163599409,1531163599403,3962024,0.00001193,85.00000000,1
1531163603442,1531163603436,3962025,0.00001193,4.00000000,1
1531163614199,1531163614193,3962026,0.00001191,916.00000000,1
1531163634125,1531163634119,3962027,0.00001194,837.00000000,0
1531163641504,1531163641500,3962028,0.00001194,837.00000000,0
1531163655623,1531163655619,3962029,0.00001194,3659.00000000,0
1531163669524,1531163669518,3962030,0.00001194,1000.00000000,0
1531163688588,1531163688582,3962031,0.00001193,87.00000000,1
1531163695226,1531163695221,3962032,0.00001193,1522.00000000,0
1531163695226,1531163695221,3962033,0.00001194,2671.00000000,0
1531163698035,1531163698029,3962034,0.00001194,500.00000000,0
1531163702411,1531163702405,3962035,0.00001194,1000.00000000,0
1531163725895,1531163725892,3962036,0.00001192,223.00000000,1
1531163735962,1531163735957,3962037,0.00001192,52.00000000,1
1531163747890,1531163747885,3962038,0.00001192,3077.00000000,1
1531163768674,1531163768669,3962039,0.00001192,281.00000000,1
1531163769383,1531163769379,3962040,0.00001192,1132.00000000,0
1531163770238,1531163770234,3962041,0.00001192,379.00000000,0
1531163772164,1531163772161,3962042,0.00001192,135.00000000,0
1531163774535,1531163774530,3962043,0.00001191,1000.00000000,1
1531163777523,1531163777517,3962044,0.00001191,1452.00000000,1
1531163778285,1531163778279,3962045,0.00001190,195.00000000,1
1531163786221,1531163786214,3962046,0.00001191,2982.00000000,1
1531163786221,1531163786214,3962047,0.00001190,25800.00000000,1
1531163786221,1531163786214,3962048,0.00001189,12954.00000000,1
1531163787277,1531163787271,3962049,0.00001189,15.00000000,1
1531163812809,1531163812803,3962050,0.00001189,344.00000000,1
1531163812809,1531163812803,3962051,0.00001188,14610.00000000,1
1531163822277,1531163822272,3962052,0.00001189,100.00000000,1
1531163822278,1531163822272,3962053,0.00001188,13076.00000000,1
1531163822296,1531163822290,3962054,0.00001188,5468.00000000,1
1531163824809,1531163824804,3962055,0.00001191,2519.00000000,0
1531163825199,1531163825193,3962056,0.00001188,9882.00000000,1
1531163829157,1531163829152,3962057,0.00001188,14824.00000000,1
1531163832765,1531163832759,3962058,0.00001188,14769.00000000,1
1531163832765,1531163832759,3962059,0.00001187,56.00000000,1
1531163857303,1531163857297,3962060,0.00001191,128.00000000,0
1531163858512,1531163858505,3962061,0.00001188,1000.00000000,1
1531163859987,1531163859982,3962062,0.00001190,2521.00000000,0
1531163860006,1531163859999,3962063,0.00001190,840.00000000,0
1531163860064,1531163860055,3962064,0.00001190,2521.00000000,0
1531163860331,1531163860329,3962065,0.00001190,1462.00000000,0
1531163862092,1531163862088,3962066,0.00001190,200.00000000,0
1531163868627,1531163868620,3962067,0.00001187,12526.00000000,1
1531163870247,1531163870242,3962068,0.00001189,1001.00000000,0
1531163874281,1531163874278,3962069,0.00001188,86.00000000,1
1531163879546,1531163879541,3962070,0.00001189,1000.00000000,0
1531163885585,1531163885580,3962071,0.00001188,884.00000000,1
1531163889936,1531163889930,3962072,0.00001188,4451.00000000,1
1531163907276,1531163907273,3962073,0.00001188,761.00000000,1
1531163918935,1531163918929,3962074,0.00001189,6200.00000000,0
1531163923848,1531163923842,3962075,0.00001189,150.00000000,0
1531163925272,1531163925266,3962076,0.00001188,124.00000000,1
1531163933816,1531163933810,3962077,0.00001188,599.00000000,1
1531163953748,1531163953742,3962078,0.00001188,168.00000000,1
1531163954066,1531163954062,3962079,0.00001188,86.00000000,1
1531163969123,1531163969118,3962080,0.00001189,200.00000000,0
1531163976706,1531163976701,3962081,0.00001189,1000.00000000,0
1531164002468,1531164002462,3962082,0.00001189,100.00000000,0
1531164020117,1531164020110,3962083,0.00001188,2718.00000000,1
1531164020117,1531164020110,3962084,0.00001187,9006.00000000,1
1531164020117,1531164020110,3962085,0.00001186,6883.00000000,1
1531164020117,1531164020110,3962086,0.00001186,712.00000000,1
1531164055125,1531164055119,3962087,0.00001187,966.00000000,1
1531164055125,1531164055119,3962088,0.00001186,61803.00000000,1
1531164059475,1531164059468,3962089,0.00001186,15.00000000,1
1531164078465,1531164078463,3962090,0.00001189,5000.00000000,0
1531164078465,1531164078463,3962091,0.00001191,697.00000000,0
1531164078465,1531164078463,3962092,0.00001192,5222.00000000,0
1531164081298,1531164081292,3962093,0.00001192,3580.00000000,0
1531164163665,1531164163659,3962094,0.00001189,698.00000000,1
1531164163665,1531164163659,3962095,0.00001188,101.00000000,1
1531164163665,1531164163659,3962096,0.00001187,39043.00000000,1
1531164163681,1531164163677,3962097,0.00001187,1499.00000000,0
1531164163684,1531164163678,3962098,0.00001187,781.00000000,0
1531164163684,1531164163678,3962099,0.00001192,719.00000000,0
1531164166795,1531164166789,3962100,0.00001187,577.00000000,1
1531164185451,1531164185446,3962101,0.00001186,6500.00000000,1
1531164218401,1531164218395,3962102,0.00001191,63.00000000,0
1531164265003,1531164264996,3962103,0.00001191,1000.00000000,0
1531164316247,1531164316241,3962104,0.00001190,2315.00000000,0
1531164316279,1531164316276,3962105,0.00001187,54062.00000000,1
1531164323349,1531164323343,3962106,0.00001187,2536.00000000,1
1531164344295,1531164344290,3962107,0.00001187,721.00000000,1
1531164360101,1531164360096,3962108,0.00001190,905.00000000,0
1531164362680,1531164362675,3962109,0.00001190,224.00000000,0
1531164364798,1531164364792,3962110,0.00001190,56.00000000,0
1531164366810,1531164366805,3962111,0.00001190,111.00000000,0
1531164367061,1531164367056,3962112,0.00001190,14.00000000,0
1531164369325,1531164369319,3962113,0.00001190,3.00000000,0
1531164371530,1531164371524,3962114,0.00001190,1.00000000,0
1531164383895,1531164383889,3962115,0.00001190,3369.00000000,0
1531164402882,1531164402875,3962116,0.00001190,2103.00000000,0
1531164428078,1531164428072,3962117,0.00001190,1578.00000000,0
1531164430084,1531164430079,3962118,0.00001187,184.00000000,1
1531164444929,1531164444923,3962119,0.00001190,518.00000000,0
1531164460183,1531164460177,3962120,0.00001190,840.00000000,0
1531164463987,1531164463981,3962121,0.00001190,1.00000000,0
1531164470002,1531164469996,3962122,0.00001190,1219.00000000,0
1531164474607,1531164474601,3962123,0.00001187,1.00000000,1
1531164483204,1531164483198,3962124,0.00001187,36177.00000000,1
1531164483204,1531164483198,3962125,0.00001186,30538.00000000,1
1531164494574,1531164494569,3962126,0.00001190,1.00000000,0
1531164504957,1531164504951,3962127,0.00001187,2486.00000000,1
1531164542293,1531164542290,3962128,0.00001189,3004.00000000,0
1531164545590,1531164545588,3962129,0.00001189,1001.00000000,0
1531164546136,1531164546131,3962130,0.00001189,1242.00000000,0
1531164546797,1531164546791,3962131,0.00001191,1.00000000,0
1531164547265,1531164547261,3962132,0.00001190,2386.00000000,1
1531164551448,1531164551442,3962133,0.00001190,2000.00000000,1
1531164557868,1531164557861,3962134,0.00001191,200.00000000,0
1531164563696,1531164563692,3962135,0.00001190,1.00000000,1
1531164564345,1531164564339,3962136,0.00001191,2225.00000000,0
1531164572278,1531164572273,3962137,0.00001193,1.00000000,0
1531164612313,1531164612307,3962138,0.00001193,1.00000000,0
1531164612644,1531164612640,3962139,0.00001191,1.00000000,1
1531164614594,1531164614589,3962140,0.00001191,1000.00000000,1
1531164616246,1531164616242,3962141,0.00001193,86.00000000,0
1531164617235,1531164617229,3962142,0.00001193,5776.00000000,0
1531164617235,1531164617229,3962143,0.00001195,10000.00000000,0
1531164617235,1531164617229,3962144,0.00001196,12503.00000000,0
1531164617235,1531164617229,3962145,0.00001197,12817.00000000,0
1531164620922,1531164620916,3962146,0.00001196,19.00000000,0
1531164631031,1531164631025,3962147,0.00001195,1.00000000,0
1531164638099,1531164638093,3962148,0.00001193,5.00000000,1
1531164642438,1531164642432,3962149,0.00001193,1.00000000,1
1531164648846,1531164648841,3962150,0.00001195,9999.00000000,0
1531164648846,1531164648841,3962151,0.00001197,26290.00000000,0
1531164658176,1531164658171,3962152,0.00001196,1.00000000,0
1531164658531,1531164658525,3962153,0.00001196,9999.00000000,0
1531164658531,1531164658525,3962154,0.00001197,1501.00000000,0
1531164661568,1531164661562,3962155,0.00001197,460.00000000,0
1531164662230,1531164662225,3962156,0.00001197,1.00000000,0
1531164663314,1531164663309,3962157,0.00001196,98.00000000,0
1531164676986,1531164676984,3962158,0.00001193,1188.00000000,1
1531164677009,1531164677003,3962159,0.00001193,1212.00000000,0
1531164691766,1531164691759,3962160,0.00001196,767.00000000,0
1531164695482,1531164695477,3962161,0.00001196,1700.00000000,0
1531164719575,1531164719569,3962162,0.00001197,1000.00000000,0
1531164725199,1531164725194,3962163,0.00001197,1.00000000,0
1531164730491,1531164730485,3962164,0.00001197,1.00000000,0
1531164740479,1531164740475,3962165,0.00001193,1.00000000,1
1531164741482,1531164741475,3962166,0.00001196,149.00000000,0
1531164741482,1531164741475,3962167,0.00001197,14673.00000000,0
1531164741507,1531164741501,3962168,0.00001197,1216.00000000,1
1531164741512,1531164741506,3962169,0.00001193,1216.00000000,1
1531164751656,1531164751651,3962170,0.00001193,8437.00000000,1
1531164751656,1531164751651,3962171,0.00001192,3075.00000000,1
1531164758570,1531164758566,3962172,0.00001197,1.00000000,0
1531164761899,1531164761894,3962173,0.00001192,11.00000000,1
1531164770625,1531164770619,3962174,0.00001198,5.00000000,0
1531164773666,1531164773660,3962175,0.00001193,1.00000000,1
1531164774249,1531164774244,3962176,0.00001193,1.00000000,1
1531164797902,1531164797897,3962177,0.00001198,1.00000000,0
1531164798454,1531164798449,3962178,0.00001198,19000.00000000,0
1531164802855,1531164802850,3962179,0.00001193,50734.00000000,1
1531164802884,1531164802875,3962180,0.00001193,100.00000000,0
1531164802902,1531164802896,3962181,0.00001193,100.00000000,0
1531164802907,1531164802900,3962182,0.00001193,100.00000000,0
1531164803005,1531164803004,3962183,0.00001193,8028.00000000,0
1531164803006,1531164803004,3962184,0.00001193,7544.00000000,0
1531164806055,1531164806049,3962185,0.00001193,7544.00000000,0
1531164806166,1531164806159,3962186,0.00001193,2515.00000000,0
1531164806179,1531164806177,3962187,0.00001193,200.00000000,0
1531164808159,1531164808154,3962188,0.00001193,8028.00000000,0
1531164810195,1531164810191,3962189,0.00001193,7544.00000000,0
1531164811105,1531164811100,3962190,0.00001193,2676.00000000,0
1531164811869,1531164811864,3962191,0.00001192,625.00000000,1
1531164814094,1531164814088,3962192,0.00001193,892.00000000,0
1531164816018,1531164816012,3962193,0.00001193,3995.00000000,0
1531164819567,1531164819561,3962194,0.00001193,10264.00000000,1
1531164829929,1531164829923,3962195,0.00001194,1.00000000,1
1531164840918,1531164840915,3962196,0.00001197,1.00000000,0
1531164882173,1531164882167,3962197,0.00001194,1.00000000,1
1531164887480,1531164887469,3962198,0.00001194,20189.00000000,1
1531164887480,1531164887469,3962199,0.00001193,37329.00000000,1
1531164887480,1531164887469,3962200,0.00001191,16526.00000000,1
1531164887480,1531164887469,3962201,0.00001189,11931.00000000,1
1531164887480,1531164887469,3962202,0.00001188,8585.00000000,1
1531164887480,1531164887469,3962203,0.00001187,1651.00000000,1
1531164887480,1531164887469,3962204,0.00001186,16172.00000000,1
1531164887480,1531164887469,3962205,0.00001185,12771.00000000,1
1531164887483,1531164887481,3962206,0.00001185,852.00000000,1
1531164887487,1531164887481,3962207,0.00001185,28731.00000000,1
1531164887487,1531164887481,3962208,0.00001184,38650.00000000,1
1531164887503,1531164887498,3962209,0.00001184,593.00000000,1
1531164887577,1531164887570,3962210,0.00001184,8000.00000000,1
1531164887713,1531164887707,3962211,0.00001185,843.00000000,0
1531164887740,1531164887735,3962212,0.00001185,2708.00000000,0
1531164887744,1531164887743,3962213,0.00001185,2435.00000000,0
1531164888270,1531164888265,3962214,0.00001188,300.00000000,0
1531164888412,1531164888408,3962215,0.00001188,840.00000000,0
1531164888423,1531164888416,3962216,0.00001188,308.00000000,0
1531164888423,1531164888416,3962217,0.00001189,275.00000000,0
1531164888423,1531164888416,3962218,0.00001190,257.00000000,0
1531164888566,1531164888562,3962219,0.00001190,83.00000000,0
1531164888662,1531164888658,3962220,0.00001189,202.00000000,0
1531164888662,1531164888658,3962221,0.00001190,131.00000000,0
1531164888827,1531164888821,3962222,0.00001186,843.00000000,1
1531164889071,1531164889065,3962223,0.00001188,126.00000000,0
1531164889263,1531164889258,3962224,0.00001190,203.00000000,0
1531164889263,1531164889258,3962225,0.00001191,97.00000000,0
1531164889373,1531164889369,3962226,0.00001186,4468.00000000,1
1531164889442,1531164889437,3962227,0.00001191,300.00000000,0
1531164889499,1531164889493,3962228,0.00001190,114.00000000,1
1531164889514,1531164889510,3962229,0.00001191,132.00000000,0
1531164889528,1531164889524,3962230,0.00001190,86.00000000,1
1531164890438,1531164890433,3962231,0.00001189,624.00000000,0
1531164890438,1531164890433,3962232,0.00001190,1897.00000000,0
1531164890508,1531164890503,3962233,0.00001190,300.00000000,0
1531164890523,1531164890517,3962234,0.00001190,1200.00000000,0
1531164890559,1531164890553,3962235,0.00001186,20189.00000000,1
1531164891716,1531164891712,3962236,0.00001189,824.00000000,1
1531164892139,1531164892132,3962237,0.00001190,840.00000000,0
1531164893201,1531164893201,3962238,0.00001190,840.00000000,0
1531164896062,1531164896057,3962239,0.00001190,999.00000000,0
1531164897091,1531164897085,3962240,0.00001190,999.00000000,0
1531164900154,1531164900148,3962241,0.00001190,1.00000000,0
1531164902312,1531164902309,3962242,0.00001190,1.00000000,0
1531164902839,1531164902833,3962243,0.00001190,840.00000000,0
1531164905699,1531164905693,3962244,0.00001190,840.00000000,0
1531164908342,1531164908336,3962245,0.00001187,84945.00000000,1
1531164908342,1531164908336,3962246,0.00001185,16984.00000000,1
1531164908342,1531164908336,3962247,0.00001184,665.00000000,1
1531164908342,1531164908336,3962248,0.00001183,22560.00000000,1
1531164908344,1531164908338,3962249,0.00001183,846.00000000,1
1531164908364,1531164908357,3962250,0.00001183,17609.00000000,1
1531164908364,1531164908357,3962251,0.00001182,846.00000000,1
1531164908368,1531164908363,3962252,0.00001182,700.00000000,1
1531164908383,1531164908382,3962253,0.00001182,8000.00000000,1
1531164908385,1531164908382,3962254,0.00001182,2757.00000000,1
1531164908410,1531164908406,3962255,0.00001183,8092.00000000,0
1531164908419,1531164908416,3962256,0.00001183,7608.00000000,0
1531164908420,1531164908419,3962257,0.00001183,7603.00000000,0
1531164908423,1531164908419,3962258,0.00001183,1004.00000000,0
1531164908426,1531164908421,3962259,0.00001183,12501.00000000,0
1531164908439,1531164908435,3962260,0.00001183,2535.00000000,0
1531164908451,1531164908445,3962261,0.00001183,45602.00000000,0
1531164908760,1531164908754,3962262,0.00001186,19503.00000000,0
1531164908765,1531164908763,3962263,0.00001187,212.00000000,0
1531164908776,1531164908771,3962264,0.00001187,851.00000000,0
1531164908822,1531164908822,3962265,0.00001183,360.00000000,1
1531164908844,1531164908841,3962266,0.00001186,501.00000000,1
1531164908946,1531164908939,3962267,0.00001183,197.00000000,1
1531164908946,1531164908939,3962268,0.00001182,304.00000000,1
1531164908948,1531164908946,3962269,0.00001182,197.00000000,1
1531164909200,1531164909193,3962270,0.00001182,4468.00000000,1
1531164909276,1531164909272,3962271,0.00001186,101.00000000,0
1531164909276,1531164909272,3962272,0.00001187,199.00000000,0
1531164909779,1531164909776,3962273,0.00001186,168.00000000,0
1531164909913,1531164909907,3962274,0.00001182,3096.00000000,1
1531164909928,1531164909923,3962275,0.00001182,2923.00000000,0
1531164909949,1531164909944,3962276,0.00001186,1501.00000000,0
1531164910172,1531164910169,3962277,0.00001182,168.00000000,1
1531164910429,1531164910425,3962278,0.00001182,703.00000000,1
1531164910560,1531164910558,3962279,0.00001186,109.00000000,0
1531164910980,1531164910975,3962280,0.00001182,773.00000000,1
1531164911484,1531164911476,3962281,0.00001182,7693.00000000,1
1531164911484,1531164911476,3962282,0.00001181,23119.00000000,1
1531164911484,1531164911476,3962283,0.00001180,29506.00000000,1
1531164911616,1531164911610,3962284,0.00001182,1267.00000000,0
1531164911760,1531164911754,3962285,0.00001182,288.00000000,0
1531164911767,1531164911761,3962286,0.00001182,1155.00000000,0
1531164911835,1531164911829,3962287,0.00001182,1.00000000,0
1531164911835,1531164911829,3962288,0.00001183,404.00000000,0
1531164911835,1531164911829,3962289,0.00001185,2306.00000000,0
1531164911911,1531164911904,3962290,0.00001180,84945.00000000,1
1531164911937,1531164911931,3962291,0.00001185,2330.00000000,0
1531164911937,1531164911931,3962292,0.00001186,381.00000000,0
1531164912122,1531164912118,3962293,0.00001182,1444.00000000,1
1531164912269,1531164912265,3962294,0.00001180,15.00000000,1
1531164912825,1531164912819,3962295,0.00001185,2313.00000000,0
1531164914172,1531164914166,3962296,0.00001184,349.00000000,0
1531164916760,1531164916753,3962297,0.00001182,2275.00000000,1
1531164917987,1531164917986,3962298,0.00001182,92.00000000,0
1531164920164,1531164920158,3962299,0.00001182,109.00000000,0
1531164922055,1531164922049,3962300,0.00001182,2101.00000000,0
1531164922101,1531164922095,3962301,0.00001182,23250.00000000,1
1531164922125,1531164922122,3962302,0.00001182,22843.00000000,1
1531164922421,1531164922415,3962303,0.00001182,4674.00000000,1
1531164922969,1531164922963,3962304,0.00001182,1394.00000000,1
1531164923192,1531164923187,3962305,0.00001182,1022.00000000,1
1531164924111,1531164924103,3962306,0.00001182,300.00000000,1
1531164924762,1531164924756,3962307,0.00001182,86.00000000,1
1531164925124,1531164925119,3962308,0.00001182,183.00000000,1
1531164925567,1531164925562,3962309,0.00001182,701.00000000,1
1531164925618,1531164925613,3962310,0.00001183,1.00000000,0
1531164925881,1531164925876,3962311,0.00001182,2060.00000000,1
1531164925897,1531164925891,3962312,0.00001183,2130.00000000,0
1531164925964,1531164925959,3962313,0.00001182,10021.00000000,1
1531164926218,1531164926213,3962314,0.00001182,2711.00000000,1
1531164928293,1531164928287,3962315,0.00001182,2711.00000000,1
1531164928357,1531164928351,3962316,0.00001182,4724.00000000,1
1531164929505,1531164929503,3962317,0.00001182,5821.00000000,1
1531164931182,1531164931175,3962318,0.00001183,502.00000000,0
1531164933151,1531164933147,3962319,0.00001183,279.00000000,0
1531164935108,1531164935102,3962320,0.00001180,579.00000000,1
1531164936769,1531164936765,3962321,0.00001183,101.00000000,0
1531164938435,1531164938430,3962322,0.00001183,1000.00000000,0
1531164944315,1531164944311,3962323,0.00001181,86.00000000,1
1531164946968,1531164946963,3962324,0.00001182,452.00000000,0
1531164947864,1531164947859,3962325,0.00001182,63.00000000,0
1531164954043,1531164954037,3962326,0.00001181,1.00000000,1
1531164958547,1531164958541,3962327,0.00001182,878.00000000,0
1531164958575,1531164958569,3962328,0.00001182,1577.00000000,1
1531164958598,1531164958594,3962329,0.00001181,1577.00000000,1
1531164960689,1531164960682,3962330,0.00001182,697.00000000,0
1531164960689,1531164960682,3962331,0.00001183,2103.00000000,0
1531164960986,1531164960983,3962332,0.00001183,32483.00000000,0
1531164961002,1531164960996,3962333,0.00001183,52048.00000000,1
1531164961012,1531164961007,3962334,0.00001181,52048.00000000,1
1531164963964,1531164963961,3962335,0.00001181,86.00000000,1
1531164964083,1531164964081,3962336,0.00001181,257.00000000,1
1531164964983,1531164964976,3962337,0.00001181,128.00000000,1
1531164965225,1531164965219,3962338,0.00001181,1059.00000000,1
1531164965664,1531164965663,3962339,0.00001181,2711.00000000,1
1531164965747,1531164965746,3962340,0.00001181,424.00000000,1
1531164967270,1531164967265,3962341,0.00001182,1.00000000,0
1531164968757,1531164968751,3962342,0.00001181,2711.00000000,1
1531164969190,1531164969184,3962343,0.00001182,1028.00000000,0
1531164969205,1531164969200,3962344,0.00001182,5527.00000000,1
1531164969249,1531164969246,3962345,0.00001181,593.00000000,1
1531164971251,1531164971244,3962346,0.00001183,1.00000000,0
1531164976465,1531164976459,3962347,0.00001181,8451.00000000,1
1531164977089,1531164977084,3962348,0.00001181,81163.00000000,0
1531164984344,1531164984338,3962349,0.00001181,86.00000000,1
1531164986328,1531164986323,3962350,0.00001181,257.00000000,1
1531164986430,1531164986425,3962351,0.00001181,240.00000000,1
1531164988992,1531164988986,3962352,0.00001182,5385.00000000,1
1531164989016,1531164989009,3962353,0.00001182,24398.00000000,1
1531164989922,1531164989920,3962354,0.00001182,13542.00000000,1
1531164989937,1531164989930,3962355,0.00001182,38551.00000000,1
1531164993033,1531164993026,3962356,0.00001181,13542.00000000,1
1531164993574,1531164993568,3962357,0.00001181,889.00000000,1
1531164995770,1531164995763,3962358,0.00001183,1.00000000,0
1531165004732,1531165004728,3962359,0.00001181,214.00000000,1
1531165004785,1531165004780,3962360,0.00001181,980.00000000,1
1531165011033,1531165011029,3962361,0.00001182,1.00000000,0
1531165014482,1531165014475,3962362,0.00001181,343.00000000,1
1531165014515,1531165014509,3962363,0.00001181,165.00000000,1
1531165017652,1531165017646,3962364,0.00001183,1.00000000,0
1531165024877,1531165024872,3962365,0.00001182,170.00000000,1
1531165024877,1531165024872,3962366,0.00001181,423.00000000,1
1531165025082,1531165025076,3962367,0.00001181,170.00000000,1
1531165027432,1531165027426,3962368,0.00001183,1.00000000,0
1531165031076,1531165031072,3962369,0.00001181,94.00000000,1
1531165033589,1531165033585,3962370,0.00001183,1.00000000,0
1531165034374,1531165034368,3962371,0.00001183,1.00000000,0
1531165041568,1531165041562,3962372,0.00001183,1.00000000,0
1531165042843,1531165042838,3962373,0.00001182,592.00000000,1
1531165042894,1531165042892,3962374,0.00001182,2385.00000000,1
1531165042996,1531165042990,3962375,0.00001181,2385.00000000,1
1531165045913,1531165045906,3962376,0.00001181,796.00000000,1
1531165045971,1531165045965,3962377,0.00001183,1.00000000,0
1531165053849,1531165053844,3962378,0.00001181,7621.00000000,1
1531165065042,1531165065037,3962379,0.00001183,84.00000000,0
1531165067232,1531165067227,3962380,0.00001183,1.00000000,0
1531165068624,1531165068618,3962381,0.00001181,12213.00000000,1
1531165070670,1531165070666,3962382,0.00001181,8133.00000000,1
1531165072062,1531165072056,3962383,0.00001181,9908.00000000,1
1531165072620,1531165072619,3962384,0.00001181,1138.00000000,0
1531165072628,1531165072623,3962385,0.00001181,592.00000000,0
1531165073764,1531165073763,3962386,0.00001181,1344.00000000,0
1531165075869,1531165075866,3962387,0.00001181,61.00000000,0
1531165076593,1531165076587,3962388,0.00001181,221.00000000,0
1531165078043,1531165078038,3962389,0.00001181,1353.00000000,0
1531165079973,1531165079968,3962390,0.00001181,144.00000000,0
1531165080326,1531165080319,3962391,0.00001181,114.00000000,0
1531165089606,1531165089601,3962392,0.00001181,197.00000000,0
1531165090319,1531165090313,3962393,0.00001181,1846.00000000,0
1531165093313,1531165093307,3962394,0.00001181,327.00000000,0
1531165109073,1531165109065,3962395,0.00001181,1229.00000000,0
1531165111594,1531165111588,3962396,0.00001181,1401.00000000,0
1531165111656,1531165111652,3962397,0.00001181,2527.00000000,1
1531165115527,1531165115522,3962398,0.00001181,819.00000000,1
1531165115687,1531165115680,3962399,0.00001182,1.00000000,0
1531165117648,1531165117642,3962400,0.00001181,23453.00000000,1
1531165117671,1531165117664,3962401,0.00001181,2711.00000000,1
1531165117733,1531165117727,3962402,0.00001181,10264.00000000,1
1531165117894,1531165117888,3962403,0.00001181,1889.00000000,1
1531165124344,1531165124339,3962404,0.00001182,84.00000000,0
1531165128494,1531165128489,3962405,0.00001182,1.00000000,0
1531165132320,1531165132315,3962406,0.00001182,573.00000000,0
1531165133632,1531165133627,3962407,0.00001182,1.00000000,0
1531165134879,1531165134871,3962408,0.00001182,1840.00000000,0
1531165136928,1531165136926,3962409,0.00001181,797.00000000,1
1531165141344,1531165141337,3962410,0.00001182,1.00000000,0
1531165147174,1531165147169,3962411,0.00001180,27342.00000000,1
1531165147470,1531165147466,3962412,0.00001180,3038.00000000,1
1531165149508,1531165149502,3962413,0.00001182,1.00000000,0
1531165168271,1531165168265,3962414,0.00001180,32851.00000000,1
1531165169167,1531165169162,3962415,0.00001180,903.00000000,0
1531165172122,1531165172114,3962416,0.00001180,903.00000000,0
1531165173100,1531165173093,3962417,0.00001180,144.00000000,0
1531165179529,1531165179524,3962418,0.00001180,1.00000000,0
1531165183226,1531165183218,3962419,0.00001179,5846.00000000,1
1531165183226,1531165183218,3962420,0.00001178,93279.00000000,1
1531165183267,1531165183261,3962421,0.00001178,875.00000000,0
1531165186063,1531165186061,3962422,0.00001178,185.00000000,1
1531165186943,1531165186939,3962423,0.00001179,480.00000000,0
1531165187696,1531165187690,3962424,0.00001180,129.00000000,0
1531165187721,1531165187718,3962425,0.00001180,129.00000000,0
1531165187728,1531165187724,3962426,0.00001180,96.00000000,0
1531165187772,1531165187767,3962427,0.00001180,128.00000000,0
1531165187822,1531165187816,3962428,0.00001180,122.00000000,0
1531165187840,1531165187834,3962429,0.00001179,15.00000000,1
1531165187885,1531165187882,3962430,0.00001179,18.00000000,1
1531165187912,1531165187906,3962431,0.00001179,11.00000000,1
1531165187952,1531165187949,3962432,0.00001179,17.00000000,1
1531165188021,1531165188017,3962433,0.00001179,15.00000000,1
1531165188859,1531165188853,3962434,0.00001180,1.00000000,0
1531165192563,1531165192562,3962435,0.00001180,84.00000000,0
1531165194998,1531165194989,3962436,0.00001180,1.00000000,0
1531165198699,1531165198693,3962437,0.00001180,127.00000000,0
1531165203675,1531165203670,3962438,0.00001179,32.00000000,1
1531165210176,1531165210170,3962439,0.00001179,1.00000000,0
1531165210463,1531165210456,3962440,0.00001179,114.00000000,0
1531165215423,1531165215417,3962441,0.00001179,914.00000000,0
1531165215423,1531165215417,3962442,0.00001180,29643.00000000,0
1531165218753,1531165218748,3962443,0.00001182,135.00000000,0
1531165232699,1531165232695,3962444,0.00001182,101.00000000,0
1531165235805,1531165235800,3962445,0.00001182,1600.00000000,0
1531165264251,1531165264248,3962446,0.00001180,170.00000000,1
1531165272120,1531165272114,3962447,0.00001181,1.00000000,0
1531165277368,1531165277363,3962448,0.00001181,100.00000000,0
1531165282596,1531165282592,3962449,0.00001181,181.00000000,0
1531165284034,1531165284029,3962450,0.00001181,84.00000000,0
1531165297740,1531165297734,3962451,0.00001181,390.00000000,0
1531165297740,1531165297734,3962452,0.00001182,24952.00000000,0
1531165298913,1531165298910,3962453,0.00001181,18657.00000000,1
1531165298993,1531165298990,3962454,0.00001181,2511.00000000,1
1531165325179,1531165325173,3962455,0.00001180,111.00000000,1
1531165329966,1531165329961,3962456,0.00001181,1.00000000,0
1531165336324,1531165336318,3962457,0.00001181,5846.00000000,0
1531165336324,1531165336318,3962458,0.00001182,25154.00000000,0
1531165348402,1531165348396,3962459,0.00001182,8848.00000000,0
1531165351479,1531165351473,3962460,0.00001182,5500.00000000,0
1531165377451,1531165377446,3962461,0.00001180,1.00000000,1
1531165382915,1531165382909,3962462,0.00001182,1.00000000,0
1531165399312,1531165399308,3962463,0.00001182,12508.00000000,0
1531165399361,1531165399356,3962464,0.00001182,22902.00000000,1
1531165419342,1531165419336,3962465,0.00001182,1420.00000000,0
1531165419342,1531165419336,3962466,0.00001183,187.00000000,0
1531165427864,1531165427857,3962467,0.00001182,120.00000000,1
1531165444102,1531165444095,3962468,0.00001183,8729.00000000,0
1531165446689,1531165446684,3962469,0.00001180,1377.00000000,1
1531165446742,1531165446735,3962470,0.00001180,155.00000000,0
1531165447917,1531165447911,3962471,0.00001180,74823.00000000,0
1531165452112,1531165452106,3962472,0.00001183,1.00000000,0
1531165466555,1531165466550,3962473,0.00001183,1355.00000000,0
1531165468283,1531165468279,3962474,0.00001183,321.00000000,0
1531165471227,1531165471221,3962475,0.00001183,88.00000000,0
1531165496752,1531165496749,3962476,0.00001182,1329.00000000,0
1531165508398,1531165508390,3962477,0.00001182,845.00000000,0
1531165513011,1531165513004,3962478,0.00001181,85.00000000,1
1531165513788,1531165513781,3962479,0.00001181,1224.00000000,0
1531165513816,1531165513810,3962480,0.00001182,1.00000000,0
1531165515277,1531165515271,3962481,0.00001182,101.00000000,0
1531165534833,1531165534827,3962482,0.00001182,1053.00000000,0
1531165535616,1531165535612,3962483,0.00001182,101.00000000,0
1531165536736,1531165536729,3962484,0.00001182,1.00000000,0
1531165545172,1531165545167,3962485,0.00001182,84.00000000,0
1531165548178,1531165548172,3962486,0.00001182,3377.00000000,0
1531165548194,1531165548189,3962487,0.00001182,5346.00000000,1
1531165580965,1531165580960,3962488,0.00001180,48.00000000,1
1531165605589,1531165605583,3962489,0.00001180,80.00000000,1
1531165612467,1531165612461,3962490,0.00001180,1312.00000000,1
1531165613909,1531165613904,3962491,0.00001180,2000.00000000,1
1531165643191,1531165643186,3962492,0.00001180,1012.00000000,1
1531165643193,1531165643191,3962493,0.00001180,9108.00000000,1
1531165647067,1531165647060,3962494,0.00001180,9108.00000000,1
1531165649505,1531165649500,3962495,0.00001180,3036.00000000,1
1531165650895,1531165650892,3962496,0.00001181,1115.00000000,1
1531165650898,1531165650893,3962497,0.00001180,1115.00000000,1
1531165653079,1531165653074,3962498,0.00001180,1012.00000000,1
1531165656986,1531165656980,3962499,0.00001180,3036.00000000,1
1531165660869,1531165660864,3962500,0.00001181,1051.00000000,1
1531165660869,1531165660864,3962501,0.00001180,1985.00000000,1
1531165660892,1531165660886,3962502,0.00001180,1051.00000000,1
1531165660904,1531165660899,3962503,0.00001180,1051.00000000,1
1531165664778,1531165664759,3962504,0.00001180,1012.00000000,1
1531165668660,1531165668655,3962505,0.00001180,1012.00000000,1
1531165674629,1531165674622,3962506,0.00001182,52214.00000000,0
1531165674648,1531165674642,3962507,0.00001182,1741.00000000,1
1531165674651,1531165674646,3962508,0.00001182,61572.00000000,1
1531165674654,1531165674647,3962509,0.00001182,9075.00000000,1
1531165674654,1531165674647,3962510,0.00001180,6095.00000000,1
1531165674659,1531165674652,3962511,0.00001180,57023.00000000,1
1531165674659,1531165674652,3962512,0.00001179,15365.00000000,1
1531165675163,1531165675157,3962513,0.00001183,1.00000000,0
1531165711336,1531165711330,3962514,0.00001179,4269.00000000,1
1531165711585,1531165711579,3962515,0.00001182,1162.00000000,0
1531165718836,1531165718833,3962516,0.00001182,63.00000000,0
1531165743662,1531165743658,3962517,0.00001181,9468.00000000,0
1531165743662,1531165743658,3962518,0.00001182,532.00000000,0
1531165747363,1531165747357,3962519,0.00001182,200.00000000,0
1531165755728,1531165755721,3962520,0.00001181,10.00000000,0
1531165773060,1531165773055,3962521,0.00001180,201.00000000,1
1531165776251,1531165776246,3962522,0.00001180,593.00000000,1
1531165776259,1531165776252,3962523,0.00001180,1953.00000000,1
1531165781300,1531165781295,3962524,0.00001179,593.00000000,1
1531165788410,1531165788408,3962525,0.00001180,205.00000000,0
1531165789686,1531165789685,3962526,0.00001179,836.00000000,1
1531165790003,1531165790000,3962527,0.00001179,485.00000000,1
1531165793101,1531165793095,3962528,0.00001180,99.00000000,0
1531165793736,1531165793730,3962529,0.00001180,1.00000000,0
1531165795779,1531165795777,3962530,0.00001179,104.00000000,1
1531165804085,1531165804079,3962531,0.00001180,1221.00000000,0
1531165804746,1531165804739,3962532,0.00001180,1455.00000000,0
1531165805042,1531165805035,3962533,0.00001180,653.00000000,0
1531165817845,1531165817842,3962534,0.00001180,101.00000000,0
1531165823267,1531165823260,3962535,0.00001180,11240.00000000,0
1531165823302,1531165823299,3962536,0.00001180,12304.00000000,1
1531165823377,1531165823372,3962537,0.00001180,1012.00000000,1
1531165824641,1531165824637,3962538,0.00001180,8101.00000000,1
1531165826946,1531165826940,3962539,0.00001180,996.00000000,1
1531165827055,1531165827048,3962540,0.00001180,3036.00000000,1
1531165834009,1531165834006,3962541,0.00001180,3036.00000000,1
1531165837497,1531165837490,3962542,0.00001180,1985.00000000,1
1531165838246,1531165838240,3962543,0.00001182,101.00000000,0
1531165843589,1531165843581,3962544,0.00001180,11618.00000000,1
1531165844975,1531165844969,3962545,0.00001180,10957.00000000,1
1531165846570,1531165846564,3962546,0.00001182,1.00000000,0
1531165850674,1531165850670,3962547,0.00001181,1.00000000,0
1531165857820,1531165857815,3962548,0.00001181,1.00000000,0
1531165862326,1531165862321,3962549,0.00001182,1.00000000,0
1531165867580,1531165867574,3962550,0.00001181,1.00000000,0
1531165869999,1531165869994,3962551,0.00001180,5324.00000000,1
1531165872126,1531165872121,3962552,0.00001181,1.00000000,0
1531165872895,1531165872893,3962553,0.00001180,10273.00000000,1
1531165873094,1531165873092,3962554,0.00001180,1456.00000000,1
1531165875965,1531165875960,3962555,0.00001180,4843.00000000,1
1531165877744,1531165877738,3962556,0.00001181,1.00000000,0
1531165879236,1531165879230,3962557,0.00001181,84.00000000,0
1531165881986,1531165881980,3962558,0.00001181,1.00000000,0
1531165885898,1531165885892,3962559,0.00001181,1.00000000,0
1531165889563,1531165889556,3962560,0.00001181,1.00000000,0
1531165893194,1531165893188,3962561,0.00001181,1.00000000,0
1531165893284,1531165893277,3962562,0.00001179,7348.00000000,1
1531165896189,1531165896183,3962563,0.00001179,850.00000000,1
1531165903872,1531165903865,3962564,0.00001179,7623.00000000,1
1531165903872,1531165903865,3962565,0.00001178,9180.00000000,1
1531165916497,1531165916490,3962566,0.00001178,1823.00000000,1
1531165935722,1531165935716,3962567,0.00001181,63.00000000,0
1531165960837,1531165960831,3962568,0.00001180,1000.00000000,1
1531165973359,1531165973353,3962569,0.00001180,547.00000000,0
1531165973831,1531165973829,3962570,0.00001180,4347.00000000,1
1531166000270,1531166000263,3962571,0.00001179,5987.00000000,1
1531166000270,1531166000263,3962572,0.00001178,8670.00000000,1
1531166000397,1531166000392,3962573,0.00001180,778.00000000,0
1531166004350,1531166004345,3962574,0.00001180,3010.00000000,0
1531166064935,1531166064928,3962575,0.00001180,150.00000000,0
1531166084793,1531166084789,3962576,0.00001180,1144.00000000,0
1531166088437,1531166088431,3962577,0.00001180,2961.00000000,0
1531166118527,1531166118522,3962578,0.00001180,101.00000000,0
1531166121918,1531166121914,3962579,0.00001180,6813.00000000,0
1531166130452,1531166130445,3962580,0.00001180,9684.00000000,0
1531166141448,1531166141441,3962581,0.00001180,105.00000000,0
1531166145580,1531166145575,3962582,0.00001180,1122.00000000,0
1531166147120,1531166147113,3962583,0.00001180,101.00000000,0
1531166165958,1531166165952,3962584,0.00001180,250.00000000,0
1531166184842,1531166184836,3962585,0.00001180,362.00000000,0
1531166213205,1531166213198,3962586,0.00001180,391.00000000,1
1531166216596,1531166216589,3962587,0.00001183,261.00000000,0
1531166225997,1531166225991,3962588,0.00001183,10068.00000000,0
1531166225997,1531166225991,3962589,0.00001184,10282.00000000,0
1531166227472,1531166227468,3962590,0.00001184,7973.00000000,0
1531166228947,1531166228941,3962591,0.00001183,587.00000000,1
1531166229704,1531166229698,3962592,0.00001182,19.00000000,0
1531166229725,1531166229718,3962593,0.00001182,19.00000000,0
1531166230594,1531166230592,3962594,0.00001180,162.00000000,1
1531166232210,1531166232204,3962595,0.00001185,9418.00000000,0
1531166233532,1531166233526,3962596,0.00001184,19.00000000,0
1531166233743,1531166233740,3962597,0.00001184,19.00000000,0
1531166239209,1531166239204,3962598,0.00001184,84.00000000,0
1531166243362,1531166243355,3962599,0.00001184,617.00000000,0
1531166243362,1531166243355,3962600,0.00001185,756.00000000,0
1531166244562,1531166244557,3962601,0.00001185,19.00000000,0
1531166247924,1531166247919,3962602,0.00001183,847.00000000,1
1531166247930,1531166247923,3962603,0.00001183,2541.00000000,1
1531166247980,1531166247959,3962604,0.00001183,847.00000000,1
1531166248160,1531166248155,3962605,0.00001183,1700.00000000,1
1531166248251,1531166248244,3962606,0.00001183,1700.00000000,1
1531166248400,1531166248395,3962607,0.00001183,1903.00000000,1
1531166248456,1531166248450,3962608,0.00001183,7615.00000000,1
1531166248789,1531166248784,3962609,0.00001183,300.00000000,1
1531166249772,1531166249765,3962610,0.00001184,300.00000000,1
1531166249794,1531166249792,3962611,0.00001184,200.00000000,1
1531166250003,1531166249998,3962612,0.00001184,288.00000000,1
1531166250994,1531166250988,3962613,0.00001183,3030.00000000,1
1531166251859,1531166251853,3962614,0.00001184,163.00000000,1
1531166256175,1531166256168,3962615,0.00001184,2539.00000000,1
1531166256387,1531166256381,3962616,0.00001184,143.00000000,1
1531166256999,1531166256992,3962617,0.00001184,11906.00000000,1
1531166276470,1531166276462,3962618,0.00001184,1157.00000000,0
1531166280760,1531166280754,3962619,0.00001184,352.00000000,0
1531166280780,1531166280777,3962620,0.00001184,4119.00000000,1
1531166281842,1531166281836,3962621,0.00001184,42923.00000000,1
1531166322386,1531166322382,3962622,0.00001182,50.00000000,1
1531166343211,1531166343205,3962623,0.00001182,467.00000000,1
1531166346705,1531166346697,3962624,0.00001182,1537.00000000,1
1531166346705,1531166346697,3962625,0.00001181,20571.00000000,1
1531166357536,1531166357530,3962626,0.00001184,900.00000000,0
1531166363988,1531166363982,3962627,0.00001184,123.00000000,0
1531166369406,1531166369400,3962628,0.00001184,11.00000000,0
1531166376972,1531166376967,3962629,0.00001183,1998.00000000,1
1531166377074,1531166377072,3962630,0.00001183,2.00000000,1
1531166377348,1531166377341,3962631,0.00001182,100.00000000,1
1531166377348,1531166377341,3962632,0.00001181,1900.00000000,1
1531166380210,1531166380207,3962633,0.00001181,11.00000000,1
1531166387083,1531166387078,3962634,0.00001181,151.00000000,1
1531166392574,1531166392568,3962635,0.00001183,308.00000000,0
1531166392574,1531166392568,3962636,0.00001184,377.00000000,0
1531166400082,1531166400076,3962637,0.00001184,101.00000000,0
1531166415828,1531166415822,3962638,0.00001184,101.00000000,0
1531166418653,1531166418647,3962639,0.00001184,435.00000000,0
1531166441688,1531166441685,3962640,0.00001184,101.00000000,0
1531166444024,1531166444022,3962641,0.00001182,2711.00000000,1
1531166470499,1531166470493,3962642,0.00001182,1574.00000000,1
1531166479577,1531166479576,3962643,0.00001184,169.00000000,0
1531166480349,1531166480345,3962644,0.00001184,89.00000000,0
1531166486433,1531166486426,3962645,0.00001184,5185.00000000,0
1531166486933,1531166486927,3962646,0.00001184,1271.00000000,1
1531166486986,1531166486979,3962647,0.00001185,22169.00000000,0
1531166486986,1531166486980,3962648,0.00001185,424.00000000,1
1531166487020,1531166487015,3962649,0.00001185,1269.00000000,1
1531166487039,1531166487035,3962650,0.00001185,1688.00000000,1
1531166487069,1531166487065,3962651,0.00001185,170.00000000,1
1531166487082,1531166487077,3962652,0.00001185,902.00000000,1
1531166487085,1531166487080,3962653,0.00001185,732.00000000,1
1531166489874,1531166489868,3962654,0.00001184,417.00000000,1
1531166502604,1531166502597,3962655,0.00001185,1072.00000000,0
1531166502604,1531166502597,3962656,0.00001186,190.00000000,0
1531166508017,1531166508008,3962657,0.00001186,110907.00000000,0
1531166509160,1531166509153,3962658,0.00001187,19.00000000,0
1531166509402,1531166509396,3962659,0.00001187,19.00000000,0
1531166512750,1531166512748,3962660,0.00001187,1818.00000000,0
1531166522095,1531166522090,3962661,0.00001187,3428.00000000,0
1531166562731,1531166562725,3962662,0.00001186,225.00000000,0
1531166618136,1531166618132,3962663,0.00001186,95.00000000,0
1531166630203,1531166630197,3962664,0.00001185,1051.00000000,0
1531166630582,1531166630574,3962665,0.00001185,504.00000000,1
1531166635889,1531166635883,3962666,0.00001185,127.00000000,1
1531166639507,1531166639499,3962667,0.00001186,20203.00000000,0
1531166640957,1531166640952,3962668,0.00001186,5304.00000000,1
1531166643719,1531166643713,3962669,0.00001186,11611.00000000,1
1531166645891,1531166645884,3962670,0.00001186,4932.00000000,1
1531166648230,1531166648223,3962671,0.00001187,225.00000000,0
1531166648364,1531166648357,3962672,0.00001186,109.00000000,1
1531166648364,1531166648357,3962673,0.00001185,953.00000000,1
1531166767598,1531166767592,3962674,0.00001187,3428.00000000,0
1531166792409,1531166792406,3962675,0.00001187,530.00000000,0
1531166819981,1531166819974,3962676,0.00001185,133051.00000000,1
1531166866889,1531166866883,3962677,0.00001184,2656.00000000,1
1531166866889,1531166866883,3962678,0.00001183,7344.00000000,1
1531166872142,1531166872135,3962679,0.00001184,435.00000000,1
1531166883310,1531166883304,3962680,0.00001183,86.00000000,1
1531166895297,1531166895291,3962681,0.00001183,462.00000000,1
1531166901459,1531166901453,3962682,0.00001183,2542.00000000,1
1531166922100,1531166922094,3962683,0.00001184,7.00000000,0
1531166936052,1531166936048,3962684,0.00001184,1746.00000000,0
1531166944033,1531166944028,3962685,0.00001183,31639.00000000,1
1531166990182,1531166990176,3962686,0.00001183,463.00000000,1
1531167008666,1531167008660,3962687,0.00001183,606.00000000,1
1531167011873,1531167011867,3962688,0.00001184,86.00000000,0
1531167018184,1531167018179,3962689,0.00001184,322.00000000,0
1531167028105,1531167028098,3962690,0.00001184,101.00000000,0
1531167037923,1531167037920,3962691,0.00001184,101.00000000,0
1531167045292,1531167045285,3962692,0.00001184,2752.00000000,0
1531167048303,1531167048300,3962693,0.00001185,502.00000000,0
1531167051316,1531167051311,3962694,0.00001186,2747.00000000,0
1531167070887,1531167070881,3962695,0.00001183,11472.00000000,1
1531167089535,1531167089531,3962696,0.00001183,845.00000000,1
1531167113118,1531167113113,3962697,0.00001183,2536.00000000,1
1531167115377,1531167115371,3962698,0.00001183,141205.00000000,1
1531167115922,1531167115916,3962699,0.00001183,2028.00000000,0
1531167116550,1531167116544,3962700,0.00001183,406.00000000,0
1531167224585,1531167224579,3962701,0.00001183,1536.00000000,0
1531167229008,1531167229001,3962702,0.00001183,90.00000000,0
1531167235359,1531167235352,3962703,0.00001183,1685.00000000,0
1531167251942,1531167251936,3962704,0.00001183,95.00000000,0
1531167252828,1531167252822,3962705,0.00001182,1009.00000000,1
1531167254594,1531167254592,3962706,0.00001183,50.00000000,0
1531167275205,1531167275199,3962707,0.00001183,1835.00000000,0
1531167278562,1531167278556,3962708,0.00001183,4228.00000000,1
1531167287672,1531167287665,3962709,0.00001183,200.00000000,1
1531167290715,1531167290709,3962710,0.00001183,200.00000000,1
1531167316354,1531167316348,3962711,0.00001183,987.00000000,1
1531167324065,1531167324059,3962712,0.00001184,1786.00000000,0
1531167327833,1531167327827,3962713,0.00001184,101.00000000,0
1531167361665,1531167361661,3962714,0.00001183,1603.00000000,1
1531167362722,1531167362720,3962715,0.00001183,3490.00000000,1
1531167365278,1531167365272,3962716,0.00001184,101.00000000,0
1531167371131,1531167371124,3962717,0.00001184,147.00000000,0
1531167375814,1531167375807,3962718,0.00001184,2115.00000000,0
1531167376305,1531167376299,3962719,0.00001184,621.00000000,0
1531167387870,1531167387864,3962720,0.00001184,329.00000000,0
1531167388992,1531167388986,3962721,0.00001184,433.00000000,1
1531167392667,1531167392661,3962722,0.00001183,200.00000000,1
1531167395380,1531167395376,3962723,0.00001183,200.00000000,1
1531167398479,1531167398473,3962724,0.00001183,200.00000000,1
1531167417907,1531167417905,3962725,0.00001185,253.00000000,0
1531167446413,1531167446413,3962726,0.00001185,1080.00000000,0
1531167455317,1531167455311,3962727,0.00001183,200.00000000,1
1531167458377,1531167458371,3962728,0.00001183,200.00000000,1
1531167459251,1531167459245,3962729,0.00001183,5220.00000000,1
1531167459251,1531167459245,3962730,0.00001182,20909.00000000,1
1531167495348,1531167495345,3962731,0.00001182,846.00000000,0
1531167523013,1531167523006,3962732,0.00001181,1066.00000000,1
1531167523013,1531167523006,3962733,0.00001180,5592.00000000,1
1531167622988,1531167622982,3962734,0.00001182,101.00000000,0
1531167644816,1531167644810,3962735,0.00001181,383.00000000,1
1531167644816,1531167644810,3962736,0.00001180,3107.00000000,1
1531167646749,1531167646743,3962737,0.00001180,32998.00000000,1
1531167651241,1531167651155,3962738,0.00001180,1160.00000000,0
1531167652221,1531167652216,3962739,0.00001180,101.00000000,0
1531167652527,1531167652526,3962740,0.00001180,135.00000000,0
1531167653808,1531167653803,3962741,0.00001180,1062.00000000,0
1531167679554,1531167679547,3962742,0.00001180,8290.00000000,0
1531167684561,1531167684558,3962743,0.00001179,2850.00000000,1
1531167704496,1531167704490,3962744,0.00001180,500.00000000,0
1531167740035,1531167740029,3962745,0.00001179,170.00000000,1
1531167740281,1531167740281,3962746,0.00001179,8438.00000000,1
1531167751440,1531167751438,3962747,0.00001179,300.00000000,1
1531167753482,1531167753476,3962748,0.00001179,6806.00000000,1
1531167759721,1531167759711,3962749,0.00001179,66050.00000000,1
1531167759721,1531167759711,3962750,0.00001178,233229.00000000,1
1531167759721,1531167759711,3962751,0.00001177,489191.00000000,1
1531167761226,1531167761221,3962752,0.00001176,1213.00000000,1
1531167761228,1531167761221,3962753,0.00001176,10520.00000000,1
1531167761228,1531167761221,3962754,0.00001175,10511.00000000,1
1531167761472,1531167761468,3962755,0.00001175,15.00000000,1
1531167761530,1531167761523,3962756,0.00001175,17.00000000,1
1531167761614,1531167761606,3962757,0.00001175,18.00000000,1
1531167761674,1531167761668,3962758,0.00001175,15.00000000,1
1531167761799,1531167761792,3962759,0.00001175,11.00000000,1
1531167768513,1531167768509,3962760,0.00001175,15.00000000,1
1531167768542,1531167768537,3962761,0.00001175,18.00000000,1
1531167769139,1531167769132,3962762,0.00001178,501.00000000,0
1531167769677,1531167769670,3962763,0.00001180,61.00000000,0
1531167769731,1531167769724,3962764,0.00001180,61.00000000,0
1531167769741,1531167769736,3962765,0.00001180,74.00000000,0
1531167773437,1531167773433,3962766,0.00001180,848.00000000,0
1531167781978,1531167781972,3962767,0.00001176,9122.00000000,1
1531167782132,1531167782131,3962768,0.00001176,7653.00000000,0
1531167782142,1531167782136,3962769,0.00001176,8138.00000000,0
1531167782181,1531167782175,3962770,0.00001176,2551.00000000,0
1531167782598,1531167782591,3962771,0.00001176,4016.00000000,0
1531167783230,1531167783225,3962772,0.00001176,200.00000000,0
1531167783368,1531167783362,3962773,0.00001176,101.00000000,0
1531167783408,1531167783404,3962774,0.00001176,79.00000000,0
1531167783602,1531167783595,3962775,0.00001176,162.00000000,0
1531167783638,1531167783634,3962776,0.00001176,201.00000000,0
1531167784137,1531167784131,3962777,0.00001176,2551.00000000,0
1531167784166,1531167784160,3962778,0.00001176,3038.00000000,0
1531167786103,1531167786096,3962779,0.00001176,850.00000000,0
1531167786118,1531167786114,3962780,0.00001176,850.00000000,0
1531167786203,1531167786197,3962781,0.00001176,1547.00000000,0
1531167791433,1531167791428,3962782,0.00001180,88.00000000,0
1531167791763,1531167791757,3962783,0.00001178,86.00000000,1
1531167792726,1531167792719,3962784,0.00001180,240.00000000,0
1531167794274,1531167794267,3962785,0.00001178,2.00000000,1
1531167811504,1531167811499,3962786,0.00001176,241.00000000,1
1531167811719,1531167811715,3962787,0.00001176,86.00000000,1
1531167812393,1531167812387,3962788,0.00001176,215.00000000,1
1531167813794,1531167813788,3962789,0.00001176,164.00000000,1
1531167814137,1531167814133,3962790,0.00001176,424.00000000,0
1531167814323,1531167814316,3962791,0.00001176,612.00000000,0
1531167815260,1531167815256,3962792,0.00001176,145.00000000,0
1531167827644,1531167827642,3962793,0.00001178,113.00000000,0
1531167841295,1531167841288,3962794,0.00001181,7947.00000000,0
1531167844085,1531167844082,3962795,0.00001179,391.00000000,0
1531167844085,1531167844082,3962796,0.00001180,1811.00000000,0
1531167844085,1531167844082,3962797,0.00001181,211.00000000,0
1531167855868,1531167855861,3962798,0.00001179,902.00000000,0
1531167855868,1531167855861,3962799,0.00001181,7012.00000000,0
1531167855868,1531167855861,3962800,0.00001182,33423.00000000,0
1531167862878,1531167862877,3962801,0.00001182,2538.00000000,0
1531167864212,1531167864206,3962802,0.00001178,100.00000000,1
1531167876600,1531167876599,3962803,0.00001181,587.00000000,1
1531167876609,1531167876603,3962804,0.00001179,587.00000000,1
1531167888428,1531167888423,3962805,0.00001180,1053.00000000,0
1531167897590,1531167897583,3962806,0.00001180,388.00000000,1
1531167912044,1531167912039,3962807,0.00001180,5034.00000000,0
1531167929084,1531167929077,3962808,0.00001180,5357.00000000,1
1531167944498,1531167944492,3962809,0.00001180,4006.00000000,1
1531167955596,1531167955591,3962810,0.00001181,101.00000000,0
1531167965271,1531167965265,3962811,0.00001181,92.00000000,0
1531168004221,1531168004215,3962812,0.00001181,1996.00000000,0
1531168018703,1531168018700,3962813,0.00001180,5090.00000000,1
1531168039203,1531168039197,3962814,0.00001180,5507.00000000,1
1531168053897,1531168053894,3962815,0.00001181,171.00000000,0
1531168064676,1531168064673,3962816,0.00001180,59751.00000000,1
1531168064681,1531168064673,3962817,0.00001179,50935.00000000,1
1531168064681,1531168064673,3962818,0.00001178,2414.00000000,1
1531168064681,1531168064673,3962819,0.00001176,4188.00000000,1
1531168064681,1531168064673,3962820,0.00001175,67617.00000000,1
1531168064685,1531168064673,3962821,0.00001175,32287.00000000,1
1531168064685,1531168064673,3962822,0.00001174,27464.00000000,1
1531168064700,1531168064696,3962823,0.00001174,593.00000000,1
1531168064714,1531168064711,3962824,0.00001174,1867.00000000,1
1531168064714,1531168064711,3962825,0.00001174,1867.00000000,1
1531168064715,1531168064711,3962826,0.00001174,858.00000000,1
1531168064719,1531168064717,3962827,0.00001174,1867.00000000,1
1531168064720,1531168064717,3962828,0.00001174,1867.00000000,1
1531168064727,1531168064723,3962829,0.00001174,8000.00000000,1
1531168064765,1531168064737,3962830,0.00001174,2194.00000000,1
1531168064765,1531168064737,3962831,0.00001173,6420.00000000,1
1531168064765,1531168064737,3962832,0.00001172,18531.00000000,1
1531168064765,1531168064737,3962833,0.00001171,9825.00000000,1
1531168064765,1531168064737,3962834,0.00001170,4936.00000000,1
1531168064765,1531168064737,3962835,0.00001169,4781.00000000,1
1531168064765,1531168064737,3962836,0.00001168,21227.00000000,1
1531168064768,1531168064737,3962837,0.00001168,276.00000000,1
1531168064768,1531168064737,3962838,0.00001168,1200.00000000,1
1531168064770,1531168064737,3962839,0.00001168,929.00000000,1
1531168064770,1531168064737,3962840,0.00001168,1000.00000000,1
1531168064772,1531168064737,3962841,0.00001168,10089.00000000,1
1531168064772,1531168064737,3962842,0.00001167,14911.00000000,1
1531168064773,1531168064737,3962843,0.00001167,2001.00000000,1
1531168064776,1531168064737,3962844,0.00001167,12000.00000000,1
1531168064781,1531168064737,3962845,0.00001167,95877.00000000,1
1531168064781,1531168064737,3962846,0.00001166,59542.00000000,1
1531168064790,1531168064737,3962847,0.00001166,120149.00000000,1
1531168064790,1531168064737,3962848,0.00001165,35271.00000000,1
1531168064791,1531168064737,3962849,0.00001165,5000.00000000,1
1531168064792,1531168064737,3962850,0.00001165,16022.00000000,1
1531168064792,1531168064737,3962851,0.00001165,2000.00000000,1
1531168064793,1531168064737,3962852,0.00001165,10022.00000000,1
1531168064793,1531168064737,3962853,0.00001165,1534.00000000,1
1531168064793,1531168064737,3962854,0.00001165,909.00000000,1
1531168064794,1531168064737,3962855,0.00001165,3542.00000000,1
1531168064795,1531168064737,3962856,0.00001165,3592.00000000,1
1531168064804,1531168064737,3962857,0.00001165,49049.00000000,1
1531168064827,1531168064786,3962858,0.00001165,1740.00000000,0
1531168064829,1531168064795,3962859,0.00001165,7394.00000000,0
1531168064830,1531168064802,3962860,0.00001165,17864.00000000,0
1531168064831,1531168064808,3962861,0.00001165,213.00000000,0
1531168064832,1531168064808,3962862,0.00001165,10846.00000000,0
1531168064836,1531168064810,3962863,0.00001165,581.00000000,0
1531168064837,1531168064815,3962864,0.00001165,428.00000000,0
1531168064840,1531168064828,3962865,0.00001165,10518.00000000,0
1531168064840,1531168064829,3962866,0.00001165,20203.00000000,0
1531168064858,1531168064848,3962867,0.00001165,7610.00000000,0
1531168064860,1531168064850,3962868,0.00001165,8084.00000000,0
1531168064863,1531168064850,3962869,0.00001165,32600.00000000,0
1531168064863,1531168064850,3962870,0.00001165,858.00000000,0
1531168064864,1531168064851,3962871,0.00001165,7721.00000000,0
1531168064871,1531168064869,3962872,0.00001165,1700.00000000,0
1531168064872,1531168064873,3962873,0.00001165,2564.00000000,0
1531168064873,1531168064873,3962874,0.00001165,12717.00000000,0
1531168064876,1531168064873,3962875,0.00001166,18859.00000000,0
1531168064897,1531168064898,3962876,0.00001166,1344.00000000,0
1531168064955,1531168064954,3962877,0.00001167,595.00000000,0
1531168064955,1531168064954,3962878,0.00001168,77.00000000,0
1531168065013,1531168065007,3962879,0.00001168,1700.00000000,0
1531168065063,1531168065063,3962880,0.00001165,3854.00000000,1
1531168065063,1531168065063,3962881,0.00001164,621.00000000,1
1531168065068,1531168065063,3962882,0.00001164,6000.00000000,1
1531168065077,1531168065063,3962883,0.00001164,6432.00000000,1
1531168065077,1531168065063,3962884,0.00001163,20643.00000000,1
1531168065077,1531168065063,3962885,0.00001162,5053.00000000,1
1531168065290,1531168065289,3962886,0.00001168,595.00000000,0
1531168065526,1531168065522,3962887,0.00001167,437.00000000,1
1531168065569,1531168065563,3962888,0.00001168,171.00000000,0
1531168065585,1531168065579,3962889,0.00001167,158.00000000,1
1531168065636,1531168065631,3962890,0.00001167,313.00000000,0
1531168065636,1531168065631,3962891,0.00001168,637.00000000,0
1531168065653,1531168065652,3962892,0.00001167,1261.00000000,0
1531168065653,1531168065652,3962893,0.00001168,3275.00000000,0
1531168065653,1531168065652,3962894,0.00001169,11502.00000000,0
1531168065660,1531168065653,3962895,0.00001167,489.00000000,0
1531168065660,1531168065653,3962896,0.00001169,850.00000000,0
1531168065660,1531168065653,3962897,0.00001170,4398.00000000,0
1531168065674,1531168065670,3962898,0.00001167,423.00000000,1
1531168065684,1531168065678,3962899,0.00001167,23.00000000,0
1531168065684,1531168065678,3962900,0.00001169,334.00000000,0
1531168065684,1531168065678,3962901,0.00001170,4164.00000000,0
1531168065708,1531168065706,3962902,0.00001167,300.00000000,0
1531168065761,1531168065757,3962903,0.00001167,137.00000000,0
1531168065764,1531168065758,3962904,0.00001167,480.00000000,0
1531168065764,1531168065758,3962905,0.00001169,3199.00000000,0
1531168065777,1531168065773,3962906,0.00001167,429.00000000,0
1531168065777,1531168065773,3962907,0.00001169,3250.00000000,0
1531168065781,1531168065776,3962908,0.00001169,3679.00000000,0
1531168065804,1531168065797,3962909,0.00001169,8539.00000000,0
1531168065804,1531168065800,3962910,0.00001169,3679.00000000,0
1531168065853,1531168065847,3962911,0.00001168,187.00000000,0
1531168065853,1531168065847,3962912,0.00001169,2379.00000000,0
1531168065854,1531168065848,3962913,0.00001169,6834.00000000,0
1531168065862,1531168065861,3962914,0.00001169,9743.00000000,0
1531168066090,1531168066084,3962915,0.00001169,2922.00000000,0
1531168066098,1531168066094,3962916,0.00001169,1756.00000000,0
1531168066124,1531168066123,3962917,0.00001169,896.00000000,0
1531168066175,1531168066173,3962918,0.00001169,13628.00000000,0
1531168066266,1531168066262,3962919,0.00001169,1260.00000000,0
1531168066295,1531168066289,3962920,0.00001169,170.00000000,0
1531168066329,1531168066325,3962921,0.00001167,600.00000000,1
1531168066400,1531168066395,3962922,0.00001167,391.00000000,0
1531168066630,1531168066624,3962923,0.00001169,2187.00000000,0
1531168066651,1531168066645,3962924,0.00001169,1367.00000000,0
1531168066660,1531168066661,3962925,0.00001169,1392.00000000,0
1531168066687,1531168066686,3962926,0.00001169,300.00000000,0
1531168066730,1531168066725,3962927,0.00001167,100.00000000,0
1531168066752,1531168066747,3962928,0.00001167,100.00000000,0
1531168066763,1531168066757,3962929,0.00001167,61.00000000,0
1531168066864,1531168066858,3962930,0.00001168,6054.00000000,0
1531168066864,1531168066858,3962931,0.00001169,2084.00000000,0
1531168066902,1531168066897,3962932,0.00001169,1418.00000000,0
1531168066902,1531168066897,3962933,0.00001170,36050.00000000,0
1531168067146,1531168067141,3962934,0.00001167,202.00000000,0
1531168067146,1531168067141,3962935,0.00001170,265.00000000,0
1531168067189,1531168067183,3962936,0.00001167,200.00000000,0
1531168067228,1531168067221,3962937,0.00001167,297.00000000,0
1531168067254,1531168067248,3962938,0.00001170,21224.00000000,0
1531168067271,1531168067266,3962939,0.00001169,3.00000000,1
1531168067442,1531168067440,3962940,0.00001168,27.00000000,0
1531168067543,1531168067535,3962941,0.00001168,134.00000000,0
1531168067543,1531168067535,3962942,0.00001169,271.00000000,0
1531168067543,1531168067535,3962943,0.00001170,7752.00000000,0
1531168067554,1531168067549,3962944,0.00001170,3086.00000000,0
1531168067676,1531168067670,3962945,0.00001170,67.00000000,0
1531168067954,1531168067946,3962946,0.00001170,7686.00000000,0
1531168067964,1531168067959,3962947,0.00001170,86.00000000,0
1531168067975,1531168067971,3962948,0.00001170,3907.00000000,0
1531168067975,1531168067971,3962949,0.00001171,11020.00000000,0
1531168067987,1531168067982,3962950,0.00001171,1739.00000000,0
1531168067993,1531168067987,3962951,0.00001166,751.00000000,1
1531168068077,1531168068076,3962952,0.00001171,81.00000000,0
1531168068211,1531168068208,3962953,0.00001171,8547.00000000,0
1531168068484,1531168068479,3962954,0.00001169,502.00000000,0
1531168068580,1531168068574,3962955,0.00001170,541.00000000,1
1531168068699,1531168068694,3962956,0.00001167,18.00000000,1
1531168068803,1531168068796,3962957,0.00001167,11.00000000,1
1531168068832,1531168068827,3962958,0.00001167,18.00000000,1
1531168068858,1531168068852,3962959,0.00001167,17.00000000,1
1531168068867,1531168068861,3962960,0.00001170,2564.00000000,0
1531168068877,1531168068876,3962961,0.00001167,691.00000000,1
1531168068877,1531168068876,3962962,0.00001166,3292.00000000,1
1531168068881,1531168068880,3962963,0.00001166,15.00000000,1
1531168069252,1531168069250,3962964,0.00001170,909.00000000,0
1531168069551,1531168069544,3962965,0.00001168,1324.00000000,1
1531168069551,1531168069544,3962966,0.00001166,1194.00000000,1
1531168070184,1531168070183,3962967,0.00001170,4937.00000000,0
1531168070312,1531168070309,3962968,0.00001170,184.00000000,0
1531168070891,1531168070884,3962969,0.00001170,3053.00000000,0
1531168072061,1531168072058,3962970,0.00001168,503.00000000,0
1531168072061,1531168072058,3962971,0.00001169,268.00000000,0
1531168072430,1531168072417,3962972,0.00001169,503.00000000,0
1531168072430,1531168072417,3962973,0.00001170,38619.00000000,0
1531168072430,1531168072417,3962974,0.00001171,19780.00000000,0
1531168072430,1531168072417,3962975,0.00001172,28337.00000000,0
1531168072449,1531168072443,3962976,0.00001172,25372.00000000,1
1531168072497,1531168072498,3962977,0.00001172,5280.00000000,1
1531168072529,1531168072522,3962978,0.00001172,2560.00000000,1
1531168072545,1531168072542,3962979,0.00001172,428.00000000,1
1531168072701,1531168072694,3962980,0.00001172,8140.00000000,1
1531168072721,1531168072719,3962981,0.00001172,3060.00000000,1
1531168072836,1531168072830,3962982,0.00001172,229.00000000,1
1531168072906,1531168072900,3962983,0.00001173,62.00000000,0
1531168073000,1531168072993,3962984,0.00001173,96.00000000,0
1531168073016,1531168073012,3962985,0.00001173,4937.00000000,0
1531168073048,1531168073042,3962986,0.00001173,189.00000000,0
1531168073050,1531168073043,3962987,0.00001172,29073.00000000,1
1531168073077,1531168073076,3962988,0.00001166,15.00000000,1
1531168073080,1531168073076,3962989,0.00001173,87.00000000,0
1531168073108,1531168073102,3962990,0.00001173,961.00000000,0
1531168073217,1531168073213,3962991,0.00001166,15.00000000,1
1531168073850,1531168073845,3962992,0.00001168,1019.00000000,0
1531168074129,1531168074122,3962993,0.00001167,15190.00000000,1
1531168074129,1531168074122,3962994,0.00001166,47797.00000000,1
1531168074129,1531168074122,3962995,0.00001165,171.00000000,1
1531168074129,1531168074122,3962996,0.00001164,41950.00000000,1
1531168074225,1531168074206,3962997,0.00001168,3910.00000000,0
1531168074458,1531168074453,3962998,0.00001167,673.00000000,1
1531168074649,1531168074646,3962999,0.00001168,369.00000000,0
1531168074652,1531168074650,3963000,0.00001168,93.00000000,0
1531168074673,1531168074666,3963001,0.00001168,366.00000000,1
1531168074673,1531168074666,3963002,0.00001167,14315.00000000,1
1531168074765,1531168074759,3963003,0.00001170,171.00000000,0
1531168074766,1531168074761,3963004,0.00001170,29.00000000,1
1531168074766,1531168074761,3963005,0.00001167,965.00000000,1
1531168074806,1531168074799,3963006,0.00001167,509.00000000,1
1531168074932,1531168074927,3963007,0.00001172,3061.00000000,1
1531168075058,1531168075057,3963008,0.00001172,351.00000000,1
1531168075245,1531168075243,3963009,0.00001168,12.00000000,0
1531168075297,1531168075291,3963010,0.00001168,144.00000000,0
1531168075648,1531168075641,3963011,0.00001164,8000.00000000,1
1531168075648,1531168075643,3963012,0.00001167,4937.00000000,0
1531168075842,1531168075841,3963013,0.00001167,776.00000000,0
1531168076074,1531168076068,3963014,0.00001164,4468.00000000,1
1531168076163,1531168076156,3963015,0.00001167,420.00000000,0
1531168076163,1531168076156,3963016,0.00001168,67.00000000,0
1531168076163,1531168076156,3963017,0.00001172,2977.00000000,0
1531168076211,1531168076210,3963018,0.00001167,420.00000000,1
1531168076245,1531168076239,3963019,0.00001170,470.00000000,1
1531168076256,1531168076256,3963020,0.00001170,1695.00000000,1
1531168076284,1531168076279,3963021,0.00001164,470.00000000,1
1531168076324,1531168076319,3963022,0.00001169,927.00000000,1
1531168076416,1531168076411,3963023,0.00001166,115.00000000,0
1531168076667,1531168076668,3963024,0.00001164,200.00000000,1
1531168076703,1531168076700,3963025,0.00001166,166.00000000,0
1531168076706,1531168076701,3963026,0.00001164,258.00000000,1
1531168076781,1531168076781,3963027,0.00001166,903.00000000,0
1531168076789,1531168076783,3963028,0.00001169,373.00000000,0
1531168076882,1531168076877,3963029,0.00001166,24.00000000,1
1531168076882,1531168076877,3963030,0.00001164,3067.00000000,1
1531168077195,1531168077193,3963031,0.00001164,19742.00000000,1
1531168077278,1531168077271,3963032,0.00001164,7232.00000000,1
1531168077392,1531168077389,3963033,0.00001164,18.00000000,1
1531168077436,1531168077430,3963034,0.00001164,17.00000000,1
1531168077471,1531168077467,3963035,0.00001164,11.00000000,1
1531168077482,1531168077475,3963036,0.00001164,2488.00000000,1
1531168077482,1531168077475,3963037,0.00001163,1980.00000000,1
1531168077528,1531168077527,3963038,0.00001163,18.00000000,1
1531168077964,1531168077959,3963039,0.00001163,3091.00000000,1
1531168077976,1531168077970,3963040,0.00001168,1475.00000000,0
1531168078009,1531168078003,3963041,0.00001164,511.00000000,1
1531168078009,1531168078003,3963042,0.00001163,7489.00000000,1
1531168078356,1531168078350,3963043,0.00001163,18299.00000000,1
1531168078482,1531168078476,3963044,0.00001167,1593.00000000,0
1531168078482,1531168078476,3963045,0.00001168,8.00000000,0
1531168078482,1531168078476,3963046,0.00001169,725.00000000,0
1531168078482,1531168078476,3963047,0.00001170,3390.00000000,0
1531168078482,1531168078476,3963048,0.00001172,5022.00000000,0
1531168078680,1531168078679,3963049,0.00001166,102.00000000,1
1531168078680,1531168078679,3963050,0.00001163,2989.00000000,1
1531168078745,1531168078732,3963051,0.00001168,214.00000000,0
1531168079016,1531168079012,3963052,0.00001163,3091.00000000,1
1531168079037,1531168079031,3963053,0.00001163,4560.00000000,1
1531168079477,1531168079470,3963054,0.00001167,871.00000000,0
1531168079499,1531168079492,3963055,0.00001163,4468.00000000,1
1531168079683,1531168079676,3963056,0.00001163,3091.00000000,1
1531168079714,1531168079707,3963057,0.00001163,8000.00000000,1
1531168079733,1531168079727,3963058,0.00001167,102.00000000,0
1531168079800,1531168079799,3963059,0.00001167,871.00000000,1
1531168080025,1531168080020,3963060,0.00001163,6863.00000000,1
1531168080025,1531168080020,3963061,0.00001162,4253.00000000,1
1531168080510,1531168080507,3963062,0.00001166,395.00000000,1
1531168080891,1531168080885,3963063,0.00001166,1975.00000000,1
1531168080927,1531168080927,3963064,0.00001166,185.00000000,0
1531168081246,1531168081240,3963065,0.00001166,1491.00000000,0
1531168081487,1531168081481,3963066,0.00001166,916.00000000,0
1531168081704,1531168081697,3963067,0.00001163,78.00000000,1
1531168082665,1531168082662,3963068,0.00001168,3877.00000000,0
1531168082724,1531168082717,3963069,0.00001164,12.00000000,1
1531168083097,1531168083092,3963070,0.00001168,342.00000000,0
1531168084162,1531168084157,3963071,0.00001168,171.00000000,0
1531168084835,1531168084829,3963072,0.00001164,12.00000000,1
1531168084900,1531168084897,3963073,0.00001164,883.00000000,1
1531168085167,1531168085164,3963074,0.00001168,114.00000000,0
1531168085168,1531168085164,3963075,0.00001164,94.00000000,1
1531168085373,1531168085373,3963076,0.00001164,5880.00000000,1
1531168085373,1531168085373,3963077,0.00001163,5371.00000000,1
1531168086043,1531168086036,3963078,0.00001164,200.00000000,0
1531168087945,1531168087944,3963079,0.00001163,15.00000000,1
1531168087998,1531168087995,3963080,0.00001163,15.00000000,1
1531168088137,1531168088130,3963081,0.00001167,2716.00000000,0
1531168088676,1531168088671,3963082,0.00001167,4892.00000000,0
1531168089192,1531168089191,3963083,0.00001167,1012.00000000,0
1531168089453,1531168089451,3963084,0.00001167,317.00000000,0
1531168090049,1531168090044,3963085,0.00001164,115.00000000,0
1531168091758,1531168091754,3963086,0.00001167,934.00000000,0
1531168092154,1531168092149,3963087,0.00001163,1298.00000000,1
1531168093960,1531168093958,3963088,0.00001167,12865.00000000,1
1531168094053,1531168094048,3963089,0.00001163,1036.00000000,1
1531168094671,1531168094667,3963090,0.00001167,171.00000000,0
1531168095293,1531168095288,3963091,0.00001163,87.00000000,1
1531168095757,1531168095751,3963092,0.00001167,342.00000000,0
1531168096099,1531168096092,3963093,0.00001165,171.00000000,0
1531168096351,1531168096345,3963094,0.00001165,167.00000000,0
1531168096351,1531168096345,3963095,0.00001167,261.00000000,0
1531168096401,1531168096398,3963096,0.00001163,2849.00000000,1
1531168096541,1531168096535,3963097,0.00001163,814.00000000,1
1531168096967,1531168096962,3963098,0.00001163,15.00000000,1
1531168097756,1531168097753,3963099,0.00001163,7811.00000000,1
1531168099634,1531168099628,3963100,0.00001167,9623.00000000,0
1531168099807,1531168099800,3963101,0.00001165,8625.00000000,1
1531168101407,1531168101401,3963102,0.00001164,1816.00000000,1
1531168101833,1531168101827,3963103,0.00001164,200.00000000,1
1531168102147,1531168102141,3963104,0.00001164,200.00000000,1
1531168104966,1531168104958,3963105,0.00001166,2829.00000000,0
1531168104966,1531168104958,3963106,0.00001167,5400.00000000,0
1531168104966,1531168104958,3963107,0.00001168,5854.00000000,0
1531168104966,1531168104958,3963108,0.00001169,202.00000000,0
1531168104966,1531168104958,3963109,0.00001170,754.00000000,0
1531168105518,1531168105513,3963110,0.00001164,812.00000000,1
1531168108236,1531168108229,3963111,0.00001166,295.00000000,0
1531168108236,1531168108229,3963112,0.00001168,2017.00000000,0
1531168108236,1531168108229,3963113,0.00001169,4109.00000000,0
1531168108502,1531168108497,3963114,0.00001164,166.00000000,1
1531168110600,1531168110594,3963115,0.00001167,214.00000000,0
1531168110600,1531168110594,3963116,0.00001169,390.00000000,0
1531168114235,1531168114229,3963117,0.00001165,217.00000000,1
1531168114694,1531168114690,3963118,0.00001165,87.00000000,1
1531168114800,1531168114795,3963119,0.00001165,291.00000000,1
1531168115060,1531168115057,3963120,0.00001165,87.00000000,1
1531168115118,1531168115114,3963121,0.00001167,210.00000000,0
1531168115302,1531168115298,3963122,0.00001167,135.00000000,0
1531168115325,1531168115322,3963123,0.00001165,243.00000000,1
1531168115455,1531168115452,3963124,0.00001165,1302.00000000,1
1531168115556,1531168115550,3963125,0.00001165,87.00000000,1
1531168115586,1531168115580,3963126,0.00001165,87.00000000,1
1531168115650,1531168115645,3963127,0.00001165,261.00000000,1
1531168116029,1531168116028,3963128,0.00001165,87.00000000,1
1531168116147,1531168116140,3963129,0.00001165,87.00000000,1
1531168116187,1531168116182,3963130,0.00001165,261.00000000,1
1531168116645,1531168116640,3963131,0.00001165,87.00000000,1
1531168116712,1531168116709,3963132,0.00001165,304.00000000,1
1531168117735,1531168117732,3963133,0.00001167,652.00000000,0
1531168117735,1531168117732,3963134,0.00001168,1430.00000000,0
1531168117735,1531168117732,3963135,0.00001169,9707.00000000,0
1531168118556,1531168118549,3963136,0.00001169,38750.00000000,0
1531168118556,1531168118549,3963137,0.00001170,83885.00000000,0
1531168118571,1531168118563,3963138,0.00001170,11789.00000000,1
1531168120313,1531168120307,3963139,0.00001168,768.00000000,0
1531168123025,1531168123018,3963140,0.00001167,961.00000000,0
1531168123025,1531168123018,3963141,0.00001168,17.00000000,0
1531168123025,1531168123018,3963142,0.00001170,10811.00000000,0
1531168124568,1531168124561,3963143,0.00001166,570.00000000,1
1531168124586,1531168124585,3963144,0.00001165,570.00000000,1
1531168126046,1531168126043,3963145,0.00001166,115.00000000,0
1531168126930,1531168126925,3963146,0.00001168,79.00000000,0
1531168126980,1531168126973,3963147,0.00001168,79.00000000,0
1531168127054,1531168127055,3963148,0.00001168,91.00000000,0
1531168127095,1531168127090,3963149,0.00001168,102.00000000,0
1531168127255,1531168127248,3963150,0.00001167,102.00000000,0
1531168127307,1531168127300,3963151,0.00001167,102.00000000,0
1531168127401,1531168127402,3963152,0.00001167,81.00000000,0
1531168127410,1531168127406,3963153,0.00001167,87.00000000,0
1531168127442,1531168127436,3963154,0.00001167,77.00000000,0
1531168127480,1531168127474,3963155,0.00001167,102.00000000,0
1531168127606,1531168127603,3963156,0.00001167,94.00000000,0
