event_time,trade_time,trade_id,price,quantity,maker
1531160282391,1531160282387,7996334,0.00273900,2.08000000,0
1531160290956,1531160290954,7996335,0.00273800,1.20000000,1
1531160298195,1531160298192,7996336,0.00273900,0.01000000,0
1531160298195,1531160298192,7996337,0.00274000,0.99000000,0
1531160298245,1531160298242,7996338,0.00274000,21.32000000,0
1531160308926,1531160308921,7996339,0.00273900,92.93000000,0
1531160320187,1531160320183,7996340,0.00273800,3.38000000,1
1531160332149,1531160332146,7996341,0.00273900,242.69000000,0
1531160352219,1531160352217,7996342,0.00273800,200.93000000,0
1531160352244,1531160352240,7996343,0.00273800,41.85000000,0
1531160356001,1531160355998,7996344,0.00273900,0.01000000,0
1531160373320,1531160373319,7996345,0.00273700,53.74000000,1
1531160373969,1531160373965,7996346,0.00273700,13.10000000,1
1531160391399,1531160391395,7996347,0.00273800,0.33000000,0
1531160392287,1531160392284,7996348,0.00273800,3.81000000,0
1531160393930,1531160393928,7996349,0.00273800,238.65000000,0
1531160393963,1531160393963,7996350,0.00273800,4.13000000,1
1531160394908,1531160394905,7996351,0.00273900,0.26000000,0
1531160404793,1531160404789,7996352,0.00273800,3.91000000,1
1531160410228,1531160410224,7996353,0.00273800,1.99000000,0
1531160410242,1531160410238,7996354,0.00273800,2.01000000,0
1531160411261,1531160411257,7996355,0.00273800,238.80000000,0
1531160412378,1531160412376,7996356,0.00273800,0.91000000,1
1531160412612,1531160412608,7996357,0.00273800,0.91000000,1
1531160414524,1531160414521,7996358,0.00273800,0.55000000,1
1531160416603,1531160416599,7996359,0.00273800,0.55000000,1
1531160420512,1531160420509,7996360,0.00273800,1.08000000,1
1531160427009,1531160427006,7996361,0.00273800,14.50000000,0
1531160435878,1531160435876,7996362,0.00273700,43.15000000,1
1531160451371,1531160451368,7996363,0.00273600,23.73000000,1
1531160451383,1531160451381,7996364,0.00273500,23.49000000,1
1531160455491,1531160455487,7996365,0.00273700,2.13000000,1
1531160455569,1531160455565,7996366,0.00273700,3.65000000,0
1531160457061,1531160457057,7996367,0.00273700,2.61000000,0
1531160457069,1531160457065,7996368,0.00273700,2.58000000,0
1531160457086,1531160457083,7996369,0.00273700,2.61000000,0
1531160466889,1531160466885,7996370,0.00273700,10.96000000,0
1531160470845,1531160470842,7996371,0.00273600,242.97000000,0
1531160490263,1531160490258,7996372,0.00273700,38.09000000,0
1531160497262,1531160497257,7996373,0.00273700,3.24000000,0
1531160497262,1531160497257,7996374,0.00273900,8.14000000,0
1531160497262,1531160497257,7996375,0.00274000,180.79000000,0
1531160497262,1531160497257,7996376,0.00274100,37.65000000,0
1531160497262,1531160497257,7996377,0.00274400,3.03000000,0
1531160497262,1531160497257,7996378,0.00274500,5.80000000,0
1531160498435,1531160498434,7996379,0.00274400,0.10000000,0
1531160514847,1531160514843,7996380,0.00274300,4.11000000,0
1531160514847,1531160514843,7996381,0.00274400,5.00000000,0
1531160514847,1531160514843,7996382,0.00274500,134.11000000,0
1531160524737,1531160524734,7996383,0.00274100,242.53000000,0
1531160541775,1531160541770,7996384,0.00274300,1.11000000,0
1531160542234,1531160542230,7996385,0.00274200,0.37000000,0
1531160545237,1531160545234,7996386,0.00274100,3.64000000,0
1531160548166,1531160548163,7996387,0.00274000,3.00000000,1
1531160550009,1531160550005,7996388,0.00274000,9.04000000,1
1531160551765,1531160551760,7996389,0.00274000,7.56000000,0
1531160552660,1531160552657,7996390,0.00273900,1.12000000,1
1531160566868,1531160566864,7996391,0.00273800,243.16000000,0
1531160577350,1531160577346,7996392,0.00273700,5.31000000,1
1531160577350,1531160577346,7996393,0.00273600,27.25000000,1
1531160577350,1531160577346,7996394,0.00273500,44.57000000,1
1531160584102,1531160584098,7996395,0.00273900,1.48000000,0
1531160584120,1531160584116,7996396,0.00273900,4.45000000,0
1531160584661,1531160584659,7996397,0.00273800,1.35000000,1
1531160601899,1531160601895,7996398,0.00273700,10.96000000,0
1531160626013,1531160626008,7996399,0.00273600,4.00000000,1
1531160636479,1531160636475,7996400,0.00273900,0.38000000,0
1531160636609,1531160636608,7996401,0.00273900,0.38000000,0
1531160636744,1531160636740,7996402,0.00273900,0.38000000,0
1531160636877,1531160636872,7996403,0.00273900,0.38000000,0
1531160637020,1531160637017,7996404,0.00273900,0.38000000,0
1531160645210,1531160645205,7996405,0.00273800,49.21000000,0
1531160645223,1531160645219,7996406,0.00273800,193.94000000,0
1531160656557,1531160656554,7996407,0.00273900,0.08000000,0
1531160665042,1531160665039,7996408,0.00273700,0.05000000,0
1531160671519,1531160671516,7996409,0.00273700,4.52000000,0
1531160671784,1531160671781,7996410,0.00273700,3.65000000,0
1531160671809,1531160671806,7996411,0.00273700,8.08000000,0
1531160679297,1531160679292,7996412,0.00273800,173.56000000,0
1531160684787,1531160684784,7996413,0.00273900,83.02000000,0
1531160687050,1531160687047,7996414,0.00274000,11.51000000,0
1531160694014,1531160694011,7996415,0.00274300,3.03000000,0
1531160694014,1531160694011,7996416,0.00274500,2.42000000,0
1531160696234,1531160696233,7996417,0.00274400,73.82000000,0
1531160698179,1531160698175,7996418,0.00274400,10.93000000,0
1531160699754,1531160699750,7996419,0.00274400,37.00000000,0
1531160699788,1531160699783,7996420,0.00274400,2.44000000,1
1531160699821,1531160699818,7996421,0.00274400,7.99000000,1
1531160699876,1531160699874,7996422,0.00274400,0.78000000,1
1531160700157,1531160700154,7996423,0.00274400,73.54000000,1
1531160703932,1531160703927,7996424,0.00274000,11.21000000,1
1531160709943,1531160709937,7996425,0.00274400,11.21000000,0
1531160715142,1531160715139,7996426,0.00274400,228.34000000,0
1531160716378,1531160716378,7996427,0.00274100,0.14000000,1
1531160729700,1531160729696,7996428,0.00274100,19.79000000,1
1531160732046,1531160732041,7996429,0.00274400,180.71000000,0
1531160737227,1531160737224,7996430,0.00274100,1.00000000,1
1531160744216,1531160744212,7996431,0.00274200,2.69000000,0
1531160784324,1531160784321,7996432,0.00274300,17.62000000,0
1531160787524,1531160787520,7996433,0.00274000,2.00000000,1
1531160811199,1531160811195,7996434,0.00274000,1.26000000,1
1531160812634,1531160812633,7996435,0.00274300,242.72000000,0
1531160822419,1531160822415,7996436,0.00274300,242.72000000,0
1531160838176,1531160838171,7996437,0.00274200,37.30000000,1
1531160838190,1531160838185,7996438,0.00274200,48.78000000,0
1531160838206,1531160838203,7996439,0.00274300,156.65000000,0
1531160844889,1531160844884,7996440,0.00274200,4.00000000,1
1531160848849,1531160848844,7996441,0.00274200,10.79000000,1
1531160851347,1531160851345,7996442,0.00274200,4.23000000,1
1531160853344,1531160853340,7996443,0.00274200,2.29000000,1
1531160863230,1531160863225,7996444,0.00274200,26.78000000,1
1531160863247,1531160863243,7996445,0.00274200,242.77000000,0
1531160872161,1531160872156,7996446,0.00274200,26.78000000,1
1531160872173,1531160872170,7996447,0.00274200,72.43000000,0
1531160872182,1531160872179,7996448,0.00274200,26.78000000,1
1531160884905,1531160884900,7996449,0.00274200,242.77000000,0
1531160891031,1531160891027,7996450,0.00274200,26.78000000,1
1531160891051,1531160891046,7996451,0.00274200,242.77000000,0
1531160891067,1531160891063,7996452,0.00274200,26.78000000,1
1531160906329,1531160906325,7996453,0.00274200,2.21000000,0
1531160906341,1531160906336,7996454,0.00274200,2.20000000,0
1531160911816,1531160911812,7996455,0.00274200,238.36000000,0
1531160917759,1531160917756,7996456,0.00274200,3.81000000,1
1531160919374,1531160919371,7996457,0.00274200,27.38000000,1
1531160920505,1531160920502,7996458,0.00274200,3.64000000,0
1531160921888,1531160921884,7996459,0.00274200,3.64000000,0
1531160924564,1531160924559,7996460,0.00274200,1.07000000,0
1531160931460,1531160931458,7996461,0.00274200,29.75000000,0
1531160934905,1531160934902,7996462,0.00274200,269.55000000,0
1531160950714,1531160950710,7996463,0.00274200,1.00000000,0
1531160958222,1531160958217,7996464,0.00274100,3.88000000,1
1531160958222,1531160958217,7996465,0.00274000,10.49000000,1
1531161001917,1531161001913,7996466,0.00274000,0.67000000,1
1531161003724,1531161003720,7996467,0.00274100,30.55000000,0
1531161003757,1531161003751,7996468,0.00274100,1.96000000,0
1531161015524,1531161015519,7996469,0.00274200,0.05000000,0
1531161032431,1531161032426,7996470,0.00274200,10.58000000,0
1531161043224,1531161043219,7996471,0.00274200,4.37000000,0
1531161044560,1531161044556,7996472,0.00274200,13.85000000,0
1531161051669,1531161051665,7996473,0.00274200,4.10000000,0
1531161078093,1531161078088,7996474,0.00274200,14.50000000,0
1531161087105,1531161087100,7996475,0.00274200,0.08000000,0
1531161097247,1531161097243,7996476,0.00274200,166.29000000,0
1531161109191,1531161109187,7996477,0.00274200,0.01000000,0
1531161118709,1531161118704,7996478,0.00274200,1.03000000,0
1531161123613,1531161123609,7996479,0.00274200,75.53000000,0
1531161172329,1531161172325,7996480,0.00274200,3.37000000,0
1531161206932,1531161206928,7996481,0.00274100,14.51000000,1
1531161213647,1531161213646,7996482,0.00274200,1.19000000,0
1531161224810,1531161224805,7996483,0.00274200,0.01000000,0
1531161242391,1531161242386,7996484,0.00274100,1.70000000,1
1531161277768,1531161277765,7996485,0.00274200,3.65000000,0
1531161282586,1531161282582,7996486,0.00274200,32.82000000,0
1531161282657,1531161282652,7996487,0.00274200,129.04000000,0
1531161283334,1531161283331,7996488,0.00274200,3.65000000,0
1531161283610,1531161283608,7996489,0.00274200,36.00000000,0
1531161283616,1531161283612,7996490,0.00274200,17.39000000,0
1531161293155,1531161293151,7996491,0.00274300,32.81000000,0
1531161298079,1531161298077,7996492,0.00274300,27.15000000,0
1531161313780,1531161313775,7996493,0.00274100,4.97000000,1
1531161314693,1531161314690,7996494,0.00274100,0.06000000,1
1531161315839,1531161315833,7996495,0.00274200,32.82000000,0
1531161319550,1531161319549,7996496,0.00274200,10.94000000,0
1531161319938,1531161319934,7996497,0.00274200,199.06000000,0
1531161332669,1531161332665,7996498,0.00274300,3.65000000,0
1531161334635,1531161334629,7996499,0.00274300,3.65000000,0
1531161335155,1531161335153,7996500,0.00274300,10.94000000,0
1531161336643,1531161336632,7996501,0.00274300,43.27000000,0
1531161337206,1531161337202,7996502,0.00274300,10.94000000,0
1531161339070,1531161339067,7996503,0.00274300,10.94000000,0
1531161339077,1531161339075,7996504,0.00274300,28.73000000,0
1531161339120,1531161339116,7996505,0.00274300,10.94000000,0
1531161339186,1531161339181,7996506,0.00274300,23.00000000,0
1531161339672,1531161339669,7996507,0.00274300,10.41000000,0
1531161339807,1531161339803,7996508,0.00274200,43.75000000,1
1531161340051,1531161340049,7996509,0.00274200,24.18000000,0
1531161340651,1531161340649,7996510,0.00274200,35.03000000,0
1531161340754,1531161340749,7996511,0.00274200,14.73000000,0
1531161341174,1531161341171,7996512,0.00274200,3.65000000,0
1531161341319,1531161341317,7996513,0.00274200,9.00000000,0
1531161341889,1531161341885,7996514,0.00274200,8.00000000,0
1531161342359,1531161342355,7996515,0.00274200,18.33000000,0
1531161343356,1531161343352,7996516,0.00274200,32.82000000,0
1531161344583,1531161344579,7996517,0.00274200,5.00000000,0
1531161344740,1531161344736,7996518,0.00274200,22.94000000,0
1531161345070,1531161345065,7996519,0.00274200,10.94000000,0
1531161345142,1531161345137,7996520,0.00274200,10.94000000,0
1531161346700,1531161346695,7996521,0.00274200,3.50000000,0
1531161347719,1531161347714,7996522,0.00274300,3.65000000,0
1531161348451,1531161348446,7996523,0.00274300,3.65000000,0
1531161349240,1531161349236,7996524,0.00274300,4.12000000,0
1531161352032,1531161352027,7996525,0.00274300,3.65000000,0
1531161352133,1531161352130,7996526,0.00274300,6.45000000,0
1531161353180,1531161353177,7996527,0.00274300,3.65000000,0
1531161354661,1531161354657,7996528,0.00274300,6.01000000,0
1531161356436,1531161356431,7996529,0.00274300,8.00000000,0
1531161364818,1531161364814,7996530,0.00274200,0.49000000,1
1531161382811,1531161382806,7996531,0.00274300,2.14000000,0
1531161386480,1531161386475,7996532,0.00274300,20.47000000,0
1531161386481,1531161386476,7996533,0.00274300,20.47000000,0
1531161386493,1531161386489,7996534,0.00274300,3.88000000,0
1531161387156,1531161387120,7996535,0.00274200,3.87000000,1
1531161389610,1531161389605,7996536,0.00274200,1.14000000,1
1531161389610,1531161389605,7996537,0.00274100,19.32000000,1
1531161389686,1531161389682,7996538,0.00274100,11.65000000,1
1531161389708,1531161389706,7996539,0.00274100,0.01000000,1
1531161389767,1531161389763,7996540,0.00274100,15.18000000,1
1531161393121,1531161393117,7996541,0.00274300,8.43000000,0
1531161394656,1531161394652,7996542,0.00274400,0.36000000,0
1531161395426,1531161395423,7996543,0.00274400,0.36000000,0
1531161453226,1531161453222,7996544,0.00274400,2.54000000,0
1531161453269,1531161453265,7996545,0.00274400,2.69000000,1
1531161454564,1531161454559,7996546,0.00274400,4.52000000,1
1531161455315,1531161455311,7996547,0.00274400,8.17000000,1
1531161460460,1531161460456,7996548,0.00274100,6.52000000,1
1531161473541,1531161473536,7996549,0.00274200,37.39000000,0
1531161473563,1531161473558,7996550,0.00274300,21.48000000,0
1531161491118,1531161491114,7996551,0.00274100,91.93000000,1
1531161498121,1531161498116,7996552,0.00274300,33.32000000,0
1531161513779,1531161513775,7996553,0.00274300,48.64000000,0
1531161513792,1531161513787,7996554,0.00274300,248.50000000,0
1531161523933,1531161523929,7996555,0.00274200,3.00000000,1
1531161529153,1531161529149,7996556,0.00274300,80.21000000,0
1531161532783,1531161532781,7996557,0.00274100,3.67000000,1
1531161533542,1531161533538,7996558,0.00274300,184.68000000,0
1531161533556,1531161533552,7996559,0.00274300,220.56000000,0
1531161550734,1531161550730,7996560,0.00274300,80.20000000,1
1531161553160,1531161553158,7996561,0.00274300,10.26000000,0
1531161564277,1531161564273,7996562,0.00274200,13.06000000,0
1531161564469,1531161564464,7996563,0.00274200,142.32000000,0
1531161564488,1531161564484,7996564,0.00274300,210.29000000,0
1531161585851,1531161585847,7996565,0.00274300,90.46000000,1
1531161589245,1531161589242,7996566,0.00274200,10.94000000,0
1531161593522,1531161593518,7996567,0.00274200,305.92000000,0
1531161593569,1531161593535,7996568,0.00274200,142.18000000,0
1531161593569,1531161593551,7996569,0.00274300,210.29000000,0
1531161595883,1531161595879,7996570,0.00274300,26.46000000,1
1531161597018,1531161597013,7996571,0.00274300,0.40000000,1
1531161612981,1531161612975,7996572,0.00274300,63.60000000,1
1531161614356,1531161614352,7996573,0.00274200,0.03000000,1
1531161617842,1531161617838,7996574,0.00274200,335.77000000,1
1531161619364,1531161619360,7996575,0.00274200,0.03000000,0
1531161642196,1531161642193,7996576,0.00274300,2.35000000,0
1531161646170,1531161646166,7996577,0.00274300,180.43000000,0
1531161646190,1531161646186,7996578,0.00274300,163.02000000,0
1531161662145,1531161662142,7996579,0.00274400,1.83000000,0
1531161662145,1531161662142,7996580,0.00274500,2.59000000,0
1531161664125,1531161664119,7996581,0.00274300,0.41000000,1
1531161668797,1531161668794,7996582,0.00274300,1.94000000,1
1531161668819,1531161668814,7996583,0.00274300,305.77000000,0
1531161668836,1531161668832,7996584,0.00274400,42.25000000,0
1531161668866,1531161668862,7996585,0.00274400,225.28000000,0
1531161668881,1531161668876,7996586,0.00274300,1.94000000,1
1531161676728,1531161676725,7996587,0.00274500,3.64000000,0
1531161678088,1531161678085,7996588,0.00274300,56.71000000,1
1531161678114,1531161678111,7996589,0.00274300,54.89000000,1
1531161687820,1531161687816,7996590,0.00274300,8.74000000,1
1531161692190,1531161692186,7996591,0.00274300,0.50000000,1
1531161696001,1531161695998,7996592,0.00274400,20.17000000,0
1531161707033,1531161707028,7996593,0.00274400,58.71000000,0
1531161707051,1531161707047,7996594,0.00274400,203.96000000,0
1531161712337,1531161712334,7996595,0.00274500,0.05000000,0
1531161719587,1531161719581,7996596,0.00274400,268.25000000,0
1531161723969,1531161723965,7996597,0.00274300,18.47000000,1
1531161753310,1531161753305,7996598,0.00274400,0.37000000,1
1531161759442,1531161759437,7996599,0.00274500,11.61000000,0
1531161759850,1531161759845,7996600,0.00274500,14.50000000,0
1531161760600,1531161760593,7996601,0.00274500,4.00000000,0
1531161764432,1531161764429,7996602,0.00274400,12.79000000,1
1531161767685,1531161767681,7996603,0.00274400,3.64000000,0
1531161781528,1531161781524,7996604,0.00274400,1.00000000,0
1531161805048,1531161805044,7996605,0.00274400,2.45000000,0
1531161839977,1531161839974,7996606,0.00274400,0.84000000,0
1531161846679,1531161846674,7996607,0.00274400,8.54000000,0
1531161846718,1531161846713,7996608,0.00274400,8.54000000,0
1531161857933,1531161857931,7996609,0.00274400,19.45000000,0
1531161859373,1531161859369,7996610,0.00274400,12.62000000,0
1531161859392,1531161859389,7996611,0.00274400,12.62000000,0
1531161859398,1531161859394,7996612,0.00274400,12.61000000,0
1531161859398,1531161859395,7996613,0.00274400,3.88000000,0
1531161859437,1531161859434,7996614,0.00274400,12.62000000,0
1531161862527,1531161862525,7996615,0.00274300,12.61000000,1
1531161864115,1531161864111,7996616,0.00274300,85.39000000,1
1531161864128,1531161864122,7996617,0.00274300,132.09000000,0
1531161864142,1531161864138,7996618,0.00274400,142.46000000,0
1531161864165,1531161864161,7996619,0.00274400,160.53000000,0
1531161867270,1531161867266,7996620,0.00274400,32.29000000,1
1531161887003,1531161886999,7996621,0.00274400,22.05000000,1
1531161907085,1531161907080,7996622,0.00274200,396.67000000,1
1531161907111,1531161907107,7996623,0.00274200,257.68000000,1
1531161907138,1531161907135,7996624,0.00274400,192.82000000,0
1531161908302,1531161908299,7996625,0.00274400,20.00000000,1
1531161910903,1531161910897,7996626,0.00274400,2.05000000,1
1531161918478,1531161918473,7996627,0.00274200,215.59000000,1
1531161918488,1531161918484,7996628,0.00274200,246.50000000,1
1531161932252,1531161932248,7996629,0.00274300,8.47000000,0
1531161932263,1531161932260,7996630,0.00274200,314.81000000,1
1531161932305,1531161932273,7996631,0.00274200,3.31000000,1
1531161945280,1531161945274,7996632,0.00274200,245.87000000,1
1531161948229,1531161948227,7996633,0.00274100,75.17000000,1
1531161948229,1531161948227,7996634,0.00274000,13.49000000,1
1531161948234,1531161948230,7996635,0.00274300,12.25000000,0
1531161948269,1531161948265,7996636,0.00274300,9.85000000,0
1531161950560,1531161950556,7996637,0.00274500,21.32000000,0
1531161955785,1531161955781,7996638,0.00274500,3.64000000,0
1531161956913,1531161956909,7996639,0.00274100,81.26000000,1
1531161975892,1531161975891,7996640,0.00274500,39.11000000,0
1531161976469,1531161976466,7996641,0.00274500,5.00000000,0
1531161977161,1531161977157,7996642,0.00274100,159.81000000,1
1531161977184,1531161977178,7996643,0.00274100,82.01000000,1
1531161978995,1531161978990,7996644,0.00274500,13.04000000,0
1531161981230,1531161981227,7996645,0.00274000,0.50000000,1
1531161982161,1531161982157,7996646,0.00274500,13.04000000,0
1531161985269,1531161985266,7996647,0.00274500,39.11000000,0
1531161995242,1531161995236,7996648,0.00274100,312.56000000,1
1531161995266,1531161995263,7996649,0.00274100,217.00000000,1
1531161995322,1531161995320,7996650,0.00274500,141.67000000,0
1531161996663,1531161996660,7996651,0.00274100,0.48000000,1
1531162012843,1531162012840,7996652,0.00274200,276.76000000,1
1531162014655,1531162014651,7996653,0.00274500,0.48000000,0
1531162014655,1531162014651,7996654,0.00274600,3.87000000,0
1531162014830,1531162014824,7996655,0.00274600,10.41000000,0
1531162016415,1531162016411,7996656,0.00274600,4.00000000,0
1531162017140,1531162017137,7996657,0.00274600,4.35000000,0
1531162020543,1531162020538,7996658,0.00274600,39.11000000,0
1531162031308,1531162031304,7996659,0.00274200,227.81000000,1
1531162031328,1531162031322,7996660,0.00274200,233.50000000,1
1531162039777,1531162039772,7996661,0.00274600,10.00000000,0
1531162042329,1531162042324,7996662,0.00274600,4.35000000,0
1531162042404,1531162042399,7996663,0.00274600,13.04000000,0
1531162044487,1531162044484,7996664,0.00274300,325.12000000,1
1531162044502,1531162044499,7996665,0.00274300,218.06000000,1
1531162044531,1531162044528,7996666,0.00274600,85.76000000,0
1531162045218,1531162045214,7996667,0.00274600,0.48000000,1
1531162046477,1531162046472,7996668,0.00274600,4.00000000,1
1531162047182,1531162047178,7996669,0.00274600,8.57000000,1
1531162047464,1531162047460,7996670,0.00274600,4.00000000,1
1531162047815,1531162047814,7996671,0.00274600,0.39000000,1
1531162048484,1531162048480,7996672,0.00274600,0.39000000,1
1531162049538,1531162049532,7996673,0.00274600,8.17000000,1
1531162066500,1531162066496,7996674,0.00274700,0.37000000,0
1531162104226,1531162104222,7996675,0.00274700,71.55000000,0
1531162107630,1531162107625,7996676,0.00274600,1.27000000,1
1531162108609,1531162108605,7996677,0.00274600,1.27000000,1
1531162111790,1531162111785,7996678,0.00274600,0.74000000,1
1531162112511,1531162112505,7996679,0.00274600,0.74000000,1
1531162114249,1531162114243,7996680,0.00274600,0.44000000,1
1531162131928,1531162131925,7996681,0.00274600,10.00000000,1
1531162132395,1531162132390,7996682,0.00274600,2.86000000,1
1531162132820,1531162132816,7996683,0.00274600,10.00000000,1
1531162134313,1531162134308,7996684,0.00274600,9.99000000,1
1531162136028,1531162136024,7996685,0.00274700,0.75000000,0
1531162181293,1531162181290,7996686,0.00274700,4.49000000,0
1531162186979,1531162186977,7996687,0.00274700,39.70000000,0
1531162187340,1531162187335,7996688,0.00274600,9.22000000,1
1531162187655,1531162187649,7996689,0.00274600,0.77000000,1
1531162195237,1531162195233,7996690,0.00274900,2.65000000,0
1531162197037,1531162197034,7996691,0.00275000,0.11000000,0
1531162197122,1531162197121,7996692,0.00275000,0.11000000,0
1531162197201,1531162197197,7996693,0.00274900,0.82000000,1
1531162198211,1531162198206,7996694,0.00275000,0.10000000,0
1531162201297,1531162201292,7996695,0.00274900,6.25000000,1
1531162208226,1531162208220,7996696,0.00274700,316.86000000,1
1531162214920,1531162214916,7996697,0.00274600,0.17000000,1
1531162224102,1531162224098,7996698,0.00274600,2.09000000,1
1531162238036,1531162238034,7996699,0.00274600,74.25000000,1
1531162238057,1531162238054,7996700,0.00274600,120.79000000,1
1531162244097,1531162244093,7996701,0.00274700,0.37000000,0
1531162259872,1531162259868,7996702,0.00274600,110.62000000,1
1531162262783,1531162262779,7996703,0.00274700,0.67000000,0
1531162304886,1531162304881,7996704,0.00274700,1.46000000,1
1531162319623,1531162319618,7996705,0.00274500,79.59000000,1
1531162319636,1531162319630,7996706,0.00274500,172.87000000,1
1531162326345,1531162326341,7996707,0.00274500,114.18000000,1
1531162326374,1531162326372,7996708,0.00274500,248.78000000,1
1531162336934,1531162336928,7996709,0.00274600,0.33000000,0
1531162339115,1531162339111,7996710,0.00274500,0.74000000,0
1531162353603,1531162353599,7996711,0.00274500,125.59000000,1
1531162372572,1531162372568,7996712,0.00274500,245.09000000,1
1531162374619,1531162374613,7996713,0.00274600,0.73000000,0
1531162374619,1531162374613,7996714,0.00274700,0.50000000,0
1531162374619,1531162374613,7996715,0.00275000,1.27000000,0
1531162384893,1531162384888,7996716,0.00274900,30.55000000,0
1531162387456,1531162387451,7996717,0.00274600,128.71000000,1
1531162387471,1531162387465,7996718,0.00274600,19.05000000,1
1531162406515,1531162406510,7996719,0.00274700,8.63000000,1
1531162406515,1531162406510,7996720,0.00274400,1.09000000,1
1531162406515,1531162406510,7996721,0.00274300,3.50000000,1
1531162406515,1531162406510,7996722,0.00274200,0.37000000,1
1531162406515,1531162406510,7996723,0.00274100,87.12000000,1
1531162408164,1531162408159,7996724,0.00274500,0.66000000,1
1531162411214,1531162411210,7996725,0.00274500,65.59000000,1
1531162411236,1531162411232,7996726,0.00274500,8.71000000,1
1531162411300,1531162411294,7996727,0.00274500,0.64000000,0
1531162423212,1531162423208,7996728,0.00274600,360.75000000,1
1531162423232,1531162423228,7996729,0.00274600,223.75000000,1
1531162433344,1531162433339,7996730,0.00274700,1.00000000,0
1531162440197,1531162440192,7996731,0.00274600,34.92000000,1
1531162442183,1531162442179,7996732,0.00274600,0.71000000,1
1531162445347,1531162445343,7996733,0.00274600,336.96000000,1
1531162446715,1531162446710,7996734,0.00274600,0.71000000,0
1531162446877,1531162446873,7996735,0.00274700,1.04000000,0
1531162472227,1531162472223,7996736,0.00274700,11.28000000,0
1531162474624,1531162474621,7996737,0.00274600,0.71000000,1
1531162477886,1531162477879,7996738,0.00274600,1.89000000,1
1531162480874,1531162480868,7996739,0.00274500,1.69000000,1
1531162493413,1531162493409,7996740,0.00274600,227.71000000,1
1531162493436,1531162493430,7996741,0.00274600,313.18000000,1
1531162512557,1531162512553,7996742,0.00274600,280.75000000,1
1531162515116,1531162515112,7996743,0.00274600,0.66000000,0
1531162515594,1531162515588,7996744,0.00274700,0.10000000,0
1531162542046,1531162542041,7996745,0.00274700,7.99000000,0
1531162563324,1531162563319,7996746,0.00274600,9.04000000,1
1531162565617,1531162565612,7996747,0.00274600,0.94000000,1
1531162598181,1531162598175,7996748,0.00274700,0.92000000,0
1531162604424,1531162604418,7996749,0.00274600,11.42000000,1
1531162608427,1531162608421,7996750,0.00274600,11.42000000,1
1531162612768,1531162612763,7996751,0.00274600,4.81000000,1
1531162617126,1531162617122,7996752,0.00274600,15.29000000,1
1531162624326,1531162624320,7996753,0.00274600,301.08000000,1
1531162624333,1531162624329,7996754,0.00274600,243.13000000,0
1531162624343,1531162624338,7996755,0.00274600,301.07000000,1
1531162629065,1531162629059,7996756,0.00274600,0.01000000,1
1531162630943,1531162630937,7996757,0.00274500,23.31000000,1
1531162663390,1531162663384,7996758,0.00274500,219.16000000,1
1531162673673,1531162673668,7996759,0.00274500,127.53000000,1
1531162686585,1531162686578,7996760,0.00274400,1.09000000,1
1531162686596,1531162686593,7996761,0.00274400,439.73000000,0
1531162686612,1531162686609,7996762,0.00274500,219.15000000,0
1531162711219,1531162711215,7996763,0.00274500,129.23000000,1
1531162713113,1531162713109,7996764,0.00274500,0.02000000,0
1531162714355,1531162714351,7996765,0.00274500,6.45000000,0
1531162719821,1531162719815,7996766,0.00274400,31.09000000,0
1531162719854,1531162719850,7996767,0.00274400,27.19000000,0
1531162719871,1531162719866,7996768,0.00274400,1.50000000,0
1531162720108,1531162720103,7996769,0.00274400,31.11000000,0
1531162720513,1531162720508,7996770,0.00274400,23.30000000,0
1531162723331,1531162723326,7996771,0.00274400,256.52000000,0
1531162723353,1531162723346,7996772,0.00274500,214.48000000,0
1531162724103,1531162724098,7996773,0.00274500,1.09000000,1
1531162730712,1531162730707,7996774,0.00274500,2.90000000,1
1531162740550,1531162740545,7996775,0.00274500,128.21000000,1
1531162744737,1531162744733,7996776,0.00274500,0.75000000,0
1531162753501,1531162753496,7996777,0.00274400,23.30000000,0
1531162754502,1531162754497,7996778,0.00274400,23.30000000,0
1531162757038,1531162757032,7996779,0.00274400,297.88000000,0
1531162757058,1531162757054,7996780,0.00274400,50.92000000,0
1531162757084,1531162757082,7996781,0.00274500,217.72000000,0
1531162761448,1531162761443,7996782,0.00274600,1.82000000,0
1531162762239,1531162762234,7996783,0.00274500,3.17000000,1
1531162764433,1531162764429,7996784,0.00274500,125.79000000,1
1531162764449,1531162764444,7996785,0.00274500,401.86000000,0
1531162764459,1531162764453,7996786,0.00274500,125.79000000,1
1531162773780,1531162773775,7996787,0.00274500,220.89000000,0
1531162778427,1531162778421,7996788,0.00274500,55.54000000,1
1531162778698,1531162778694,7996789,0.00274500,70.25000000,1
1531162787519,1531162787514,7996790,0.00274400,16.64000000,0
1531162787542,1531162787537,7996791,0.00274400,16.65000000,0
1531162787544,1531162787539,7996792,0.00274400,3.88000000,0
1531162788505,1531162788502,7996793,0.00274400,23.30000000,0
1531162789548,1531162789543,7996794,0.00274300,1.09000000,1
1531162789598,1531162789593,7996795,0.00274300,23.30000000,0
1531162789673,1531162789668,7996796,0.00274300,0.47000000,0
1531162790816,1531162790811,7996797,0.00274300,16.64000000,1
1531162790905,1531162790901,7996798,0.00274400,106.90000000,0
1531162790921,1531162790915,7996799,0.00274500,276.43000000,0
1531162791296,1531162791292,7996800,0.00274300,0.01000000,1
1531162801948,1531162801944,7996801,0.00274400,0.48000000,1
1531162802538,1531162802533,7996802,0.00274600,3.64000000,0
1531162812166,1531162812161,7996803,0.00274600,5.00000000,0
1531162818403,1531162818397,7996804,0.00274500,1.02000000,1
1531162819964,1531162819958,7996805,0.00274500,38.60000000,0
1531162822861,1531162822856,7996806,0.00274300,116.23000000,1
1531162835516,1531162835511,7996807,0.00274400,23.30000000,0
1531162838215,1531162838212,7996808,0.00274400,160.08000000,0
1531162847766,1531162847761,7996809,0.00274400,1.59000000,1
1531162859637,1531162859631,7996810,0.00274500,63.04000000,1
1531162860306,1531162860301,7996811,0.00274500,219.39000000,1
1531162860320,1531162860314,7996812,0.00274500,300.28000000,0
1531162860331,1531162860325,7996813,0.00274500,219.39000000,1
1531162860349,1531162860344,7996814,0.00274400,21.70000000,1
1531162861507,1531162861501,7996815,0.00274400,23.30000000,0
1531162865075,1531162865072,7996816,0.00274400,23.30000000,0
1531162866242,1531162866238,7996817,0.00274400,23.30000000,0
1531162867517,1531162867514,7996818,0.00274400,23.30000000,0
1531162868522,1531162868517,7996819,0.00274400,23.30000000,0
1531162870651,1531162870647,7996820,0.00274400,23.30000000,0
1531162871688,1531162871683,7996821,0.00274400,21.87000000,0
1531162877399,1531162877395,7996822,0.00274400,7.29000000,0
1531162877419,1531162877413,7996823,0.00274300,6.41000000,1
1531162893548,1531162893542,7996824,0.00274300,15.38000000,1
1531162899306,1531162899302,7996825,0.00274400,397.50000000,1
1531162901518,1531162901513,7996826,0.00274400,20.00000000,0
1531162912840,1531162912837,7996827,0.00274400,77.50000000,1
1531162912847,1531162912842,7996828,0.00274400,17.04000000,0
1531162912855,1531162912849,7996829,0.00274400,77.50000000,1
1531162921994,1531162921989,7996830,0.00274500,0.43000000,0
1531162921994,1531162921989,7996831,0.00274600,5.78000000,0
1531162922852,1531162922847,7996832,0.00274500,0.01000000,1
1531162925928,1531162925923,7996833,0.00274500,302.23000000,1
1531162944337,1531162944331,7996834,0.00274500,0.01000000,0
1531162946342,1531162946336,7996835,0.00274600,2.68000000,0
1531162953927,1531162953922,7996836,0.00274400,2.54000000,1
1531162963322,1531162963316,7996837,0.00274500,15.63000000,1
1531162964726,1531162964721,7996838,0.00274500,188.96000000,1
1531162964750,1531162964745,7996839,0.00274500,150.21000000,1
1531162964766,1531162964760,7996840,0.00274500,108.69000000,1
1531162972295,1531162972291,7996841,0.00274500,30.16000000,0
1531162986086,1531162986078,7996842,0.00274500,94.15000000,1
1531162986086,1531162986078,7996843,0.00274400,6.09000000,1
1531162986086,1531162986078,7996844,0.00274100,94.25000000,1
1531162986086,1531162986078,7996845,0.00274000,360.14000000,1
1531162986102,1531162986097,7996846,0.00274600,3.64000000,0
1531162993304,1531162993300,7996847,0.00274200,234.00000000,1
1531162993324,1531162993321,7996848,0.00274200,365.75000000,1
1531163004349,1531163004344,7996849,0.00274400,50.10000000,0
1531163004365,1531163004359,7996850,0.00274400,5.29000000,0
1531163071868,1531163071863,7996851,0.00274300,1.09000000,1
1531163071880,1531163071875,7996852,0.00274300,4.38000000,0
1531163071891,1531163071885,7996853,0.00274400,3.25000000,0
1531163076540,1531163076536,7996854,0.00274500,3.64000000,0
1531163080894,1531163080890,7996855,0.00274400,354.06000000,1
1531163080917,1531163080912,7996856,0.00274400,216.59000000,1
1531163080937,1531163080931,7996857,0.00274300,1.09000000,1
1531163080970,1531163080965,7996858,0.00274300,4.37000000,0
1531163087894,1531163087889,7996859,0.00274500,4.35000000,0
1531163089610,1531163089607,7996860,0.00274400,17.44000000,0
1531163091043,1531163091037,7996861,0.00274500,4.35000000,0
1531163094119,1531163094114,7996862,0.00274500,8.68000000,0
1531163107807,1531163107802,7996863,0.00274600,14.88000000,0
1531163110909,1531163110904,7996864,0.00274500,4.34000000,1
1531163176816,1531163176812,7996865,0.00274600,7.32000000,0
1531163178066,1531163178061,7996866,0.00274600,1.82000000,0
1531163189598,1531163189592,7996867,0.00274600,0.12000000,0
1531163208046,1531163208040,7996868,0.00274500,3.64000000,1
1531163208103,1531163208098,7996869,0.00274600,8.72000000,0
1531163216483,1531163216479,7996870,0.00274500,6.05000000,1
1531163216731,1531163216729,7996871,0.00274500,0.78000000,0
1531163223482,1531163223477,7996872,0.00274400,39.20000000,1
1531163224276,1531163224270,7996873,0.00274500,0.80000000,0
1531163226543,1531163226538,7996874,0.00274400,232.40000000,1
1531163226561,1531163226556,7996875,0.00274400,312.67000000,1
1531163227401,1531163227396,7996876,0.00274400,0.36000000,0
1531163232485,1531163232479,7996877,0.00274400,3.20000000,0
1531163235475,1531163235469,7996878,0.00274400,5.26000000,0
1531163238019,1531163238011,7996879,0.00274400,0.36000000,0
1531163246018,1531163246011,7996880,0.00274300,1.09000000,1
1531163246018,1531163246011,7996881,0.00274200,1.09000000,1
1531163246018,1531163246011,7996882,0.00274000,9.40000000,1
1531163246018,1531163246011,7996883,0.00273900,3.32000000,1
1531163246018,1531163246011,7996884,0.00273800,8.36000000,1
1531163248114,1531163248109,7996885,0.00274100,0.22000000,1
1531163248636,1531163248631,7996886,0.00274300,30.44000000,0
1531163252629,1531163252623,7996887,0.00274200,267.52000000,0
1531163252641,1531163252637,7996888,0.00274300,279.68000000,0
1531163252657,1531163252653,7996889,0.00274400,30.02000000,0
1531163260466,1531163260460,7996890,0.00274500,3.64000000,0
1531163270586,1531163270580,7996891,0.00274400,321.85000000,1
1531163270611,1531163270606,7996892,0.00274300,30.44000000,1
1531163270641,1531163270637,7996893,0.00274300,8.02000000,0
1531163274467,1531163274464,7996894,0.00274300,3.63000000,0
1531163277723,1531163277716,7996895,0.00274300,12.41000000,0
1531163280566,1531163280561,7996896,0.00274200,103.04000000,1
1531163280594,1531163280589,7996897,0.00274200,9.50000000,1
1531163280615,1531163280610,7996898,0.00274300,255.62000000,0
1531163287706,1531163287700,7996899,0.00274500,4.00000000,0
1531163287965,1531163287960,7996900,0.00274400,48.32000000,1
1531163287996,1531163287990,7996901,0.00274400,251.90000000,1
1531163288020,1531163288015,7996902,0.00274300,54.50000000,1
1531163288447,1531163288443,7996903,0.00274300,63.95000000,0
1531163299993,1531163299990,7996904,0.00274300,27.43000000,0
1531163300720,1531163300715,7996905,0.00274300,14.33000000,0
1531163304801,1531163304794,7996906,0.00274200,375.75000000,1
1531163304820,1531163304816,7996907,0.00274300,149.91000000,0
1531163317877,1531163317871,7996908,0.00274400,121.18000000,1
1531163317901,1531163317898,7996909,0.00274300,160.21000000,1
1531163321989,1531163321984,7996910,0.00274100,0.40000000,1
1531163329307,1531163329301,7996911,0.00274300,0.12000000,0
1531163333083,1531163333078,7996912,0.00274200,138.46000000,1
1531163333100,1531163333095,7996913,0.00274300,149.79000000,0
1531163339016,1531163339012,7996914,0.00274500,0.10000000,0
1531163344911,1531163344905,7996915,0.00274400,25.89000000,1
1531163344938,1531163344933,7996916,0.00274300,160.33000000,1
1531163351110,1531163351107,7996917,0.00274300,5.00000000,0
1531163354462,1531163354455,7996918,0.00274300,3.64000000,0
1531163355703,1531163355696,7996919,0.00274200,0.11000000,1
1531163357391,1531163357386,7996920,0.00274200,338.07000000,1
1531163359392,1531163359389,7996921,0.00274100,0.47000000,1
1531163359392,1531163359389,7996922,0.00273900,1.12000000,1
1531163359392,1531163359389,7996923,0.00273800,4.85000000,1
1531163363548,1531163363542,7996924,0.00274200,0.11000000,0
1531163370944,1531163370938,7996925,0.00274500,0.90000000,0
1531163372633,1531163372628,7996926,0.00274500,0.90000000,0
1531163378462,1531163378456,7996927,0.00274400,185.40000000,1
1531163378481,1531163378478,7996928,0.00274400,101.59000000,1
1531163386369,1531163386364,7996929,0.00274400,111.20000000,1
1531163386485,1531163386480,7996930,0.00274400,13.26000000,1
1531163386965,1531163386959,7996931,0.00274400,4.00000000,0
1531163393285,1531163393281,7996932,0.00274400,107.19000000,0
1531163400196,1531163400191,7996933,0.00274400,17.26000000,1
1531163409447,1531163409444,7996934,0.00274400,0.50000000,0
1531163415519,1531163415514,7996935,0.00274400,0.10000000,0
1531163419666,1531163419663,7996936,0.00274400,0.50000000,0
1531163421067,1531163421061,7996937,0.00274300,0.37000000,1
1531163425619,1531163425613,7996938,0.00274400,124.45000000,0
1531163438119,1531163438114,7996939,0.00274400,0.41000000,0
1531163439421,1531163439416,7996940,0.00274400,164.81000000,0
1531163451306,1531163451302,7996941,0.00274500,0.70000000,0
1531163451306,1531163451302,7996942,0.00274600,2.94000000,0
1531163453354,1531163453349,7996943,0.00274600,0.47000000,0
1531163461318,1531163461312,7996944,0.00274500,0.88000000,0
1531163463267,1531163463264,7996945,0.00274500,0.76000000,0
1531163464125,1531163464120,7996946,0.00274500,27.44000000,0
1531163464143,1531163464138,7996947,0.00274500,172.76000000,0
1531163471513,1531163471511,7996948,0.00274600,0.38000000,0
1531163474191,1531163474185,7996949,0.00274500,1.64000000,1
1531163482766,1531163482760,7996950,0.00274500,15.56000000,0
1531163499405,1531163499399,7996951,0.00274400,4.36000000,1
1531163499723,1531163499718,7996952,0.00274400,172.83000000,1
1531163499751,1531163499745,7996953,0.00274400,306.48000000,1
1531163499781,1531163499774,7996954,0.00274400,102.32000000,1
1531163500429,1531163500425,7996955,0.00274400,2.34000000,0
1531163504472,1531163504460,7996956,0.00274400,2.02000000,0
1531163504665,1531163504658,7996957,0.00274400,13.07000000,1
1531163504677,1531163504670,7996958,0.00274400,13.07000000,1
1531163509806,1531163509800,7996959,0.00274400,13.07000000,1
1531163510570,1531163510565,7996960,0.00274400,6.87000000,1
1531163514159,1531163514156,7996961,0.00274400,13.07000000,1
1531163518541,1531163518534,7996962,0.00274400,13.07000000,1
1531163520192,1531163520186,7996963,0.00274400,32.44000000,1
1531163564881,1531163564875,7996964,0.00274300,0.03000000,1
1531163602973,1531163602969,7996965,0.00274400,0.50000000,0
1531163638417,1531163638413,7996966,0.00274500,3.64000000,0
1531163660884,1531163660877,7996967,0.00274500,8.12000000,0
1531163679504,1531163679496,7996968,0.00274400,16.65000000,1
1531163679504,1531163679496,7996969,0.00274300,31.17000000,1
1531163679504,1531163679496,7996970,0.00274000,40.70000000,1
1531163679504,1531163679496,7996971,0.00273900,1.12000000,1
1531163679504,1531163679496,7996972,0.00273800,27.93000000,1
1531163679504,1531163679496,7996973,0.00273700,30.01000000,1
1531163679504,1531163679496,7996974,0.00273600,12.42000000,1
1531163693575,1531163693569,7996975,0.00274300,74.68000000,0
1531163695673,1531163695668,7996976,0.00273900,1.20000000,1
1531163702710,1531163702704,7996977,0.00273900,0.53000000,1
1531163702733,1531163702727,7996978,0.00274300,303.06000000,0
1531163716116,1531163716114,7996979,0.00274300,0.07000000,0
1531163718022,1531163718017,7996980,0.00274300,35.58000000,0
1531163725100,1531163725093,7996981,0.00274400,3.19000000,0
1531163725100,1531163725093,7996982,0.00274500,0.45000000,0
1531163727165,1531163727160,7996983,0.00274300,0.06000000,1
1531163742177,1531163742172,7996984,0.00274200,143.51000000,0
1531163745994,1531163745989,7996985,0.00274200,92.61000000,0
1531163746009,1531163746004,7996986,0.00274300,35.58000000,0
1531163754875,1531163754870,7996987,0.00274400,86.62000000,1
1531163754892,1531163754887,7996988,0.00274300,0.06000000,1
1531163754915,1531163754909,7996989,0.00274200,143.51000000,1
1531163755076,1531163755071,7996990,0.00274200,3.61000000,0
1531163764257,1531163764251,7996991,0.00274100,383.44000000,0
1531163764270,1531163764263,7996992,0.00274200,89.00000000,0
1531163772656,1531163772653,7996993,0.00274300,346.93000000,1
1531163784367,1531163784362,7996994,0.00274000,390.06000000,1
1531163784384,1531163784379,7996995,0.00274000,32.42000000,1
1531163787913,1531163787885,7996996,0.00274000,3.41000000,0
1531163787913,1531163787898,7996997,0.00274000,3.40000000,0
1531163787929,1531163787925,7996998,0.00274000,34.93000000,0
1531163797274,1531163797269,7996999,0.00274500,62.24000000,0
1531163801022,1531163801017,7997000,0.00274000,373.87000000,1
1531163801889,1531163801886,7997001,0.00273900,2.98000000,1
1531163801938,1531163801933,7997002,0.00273900,0.62000000,0
1531163818722,1531163818717,7997003,0.00274400,0.39000000,0
1531163818759,1531163818753,7997004,0.00274100,4.55000000,1
1531163824059,1531163824052,7997005,0.00274100,208.31000000,1
1531163824081,1531163824076,7997006,0.00274100,145.46000000,1
1531163835167,1531163835161,7997007,0.00274200,1.83000000,1
1531163835167,1531163835161,7997008,0.00274000,2.78000000,1
1531163845682,1531163845675,7997009,0.00274200,267.38000000,1
1531163845699,1531163845694,7997010,0.00274200,239.53000000,1
1531163866509,1531163866503,7997011,0.00274200,236.50000000,1
1531163866530,1531163866525,7997012,0.00274200,326.37000000,1
1531163872915,1531163872908,7997013,0.00274200,106.93000000,1
1531163876344,1531163876339,7997014,0.00274200,4.00000000,0
1531163881680,1531163881675,7997015,0.00274200,65.74000000,0
1531163884816,1531163884810,7997016,0.00274200,4.52000000,0
1531163894117,1531163894113,7997017,0.00274200,0.45000000,0
1531163909927,1531163909920,7997018,0.00274100,328.94000000,1
1531163909941,1531163909935,7997019,0.00274100,77.95000000,1
1531163918939,1531163918935,7997020,0.00274100,329.49000000,1
1531163918952,1531163918945,7997021,0.00274100,65.65000000,1
1531163924690,1531163924687,7997022,0.00274100,394.12000000,1
1531163924707,1531163924701,7997023,0.00274100,200.00000000,1
1531163924711,1531163924704,7997024,0.00274100,36.78000000,1
1531163924768,1531163924763,7997025,0.00274100,28.86000000,0
1531163927201,1531163927196,7997026,0.00274100,55.50000000,0
1531163930187,1531163930181,7997027,0.00274100,3.19000000,0
1531163931157,1531163931152,7997028,0.00274000,6.93000000,1
1531163935425,1531163935418,7997029,0.00274100,2.65000000,0
1531163935515,1531163935509,7997030,0.00274000,55.54000000,1
1531163935578,1531163935573,7997031,0.00274000,7.88000000,0
1531163935694,1531163935690,7997032,0.00274000,11.66000000,0
1531163935702,1531163935697,7997033,0.00274000,29.20000000,0
1531163935768,1531163935766,7997034,0.00274000,21.01000000,0
1531163947153,1531163947149,7997035,0.00274000,6.92000000,0
1531163947174,1531163947168,7997036,0.00274000,34.97000000,0
1531163947538,1531163947534,7997037,0.00274000,101.95000000,0
1531163951891,1531163951885,7997038,0.00274100,109.80000000,0
1531163957669,1531163957663,7997039,0.00274200,91.68000000,1
1531163957688,1531163957682,7997040,0.00274100,126.98000000,1
1531163963071,1531163963066,7997041,0.00274100,0.80000000,0
1531163967293,1531163967290,7997042,0.00274100,2.24000000,0
1531163972390,1531163972384,7997043,0.00274100,7.73000000,0
1531163976191,1531163976185,7997044,0.00274100,35.00000000,0
1531163976299,1531163976295,7997045,0.00274100,36.00000000,0
1531163976727,1531163976723,7997046,0.00274100,28.03000000,0
1531163988907,1531163988902,7997047,0.00274200,210.96000000,1
1531163988920,1531163988915,7997048,0.00274200,74.23000000,1
1531163997116,1531163997110,7997049,0.00274100,2.35000000,0
1531164007122,1531164007116,7997050,0.00274300,7.71000000,1
1531164010485,1531164010482,7997051,0.00274300,85.86000000,1
1531164027168,1531164027163,7997052,0.00274300,7.70000000,0
1531164034519,1531164034512,7997053,0.00274300,44.77000000,1
1531164052120,1531164052115,7997054,0.00274300,93.56000000,1
1531164072829,1531164072823,7997055,0.00274300,20.21000000,1
1531164072829,1531164072823,7997056,0.00274200,29.79000000,1
1531164076708,1531164076702,7997057,0.00274300,1.55000000,1
1531164077399,1531164077393,7997058,0.00274300,114.18000000,1
1531164077422,1531164077416,7997059,0.00274300,156.60000000,1
1531164090118,1531164090112,7997060,0.00274400,2.59000000,0
1531164090118,1531164090112,7997061,0.00274500,1.05000000,0
1531164090119,1531164090112,7997062,0.00274200,3.14000000,1
1531164093585,1531164093577,7997063,0.00274300,10.00000000,1
1531164096711,1531164096705,7997064,0.00274300,375.06000000,1
1531164119787,1531164119782,7997065,0.00274300,10.00000000,0
1531164129727,1531164129723,7997066,0.00274300,267.56000000,1
1531164129748,1531164129741,7997067,0.00274300,261.18000000,1
1531164144503,1531164144500,7997068,0.00274400,399.50000000,0
1531164144513,1531164144508,7997069,0.00274300,278.68000000,1
1531164145514,1531164145511,7997070,0.00274200,141.75000000,1
1531164151383,1531164151378,7997071,0.00274000,327.68000000,1
1531164151400,1531164151394,7997072,0.00274000,132.78000000,1
1531164157285,1531164157280,7997073,0.00274300,3.14000000,0
1531164173213,1531164173206,7997074,0.00274000,110.59000000,1
1531164173231,1531164173226,7997075,0.00274000,189.28000000,1
1531164194121,1531164194115,7997076,0.00274100,226.18000000,1
1531164194143,1531164194138,7997077,0.00274100,114.31000000,1
1531164212318,1531164212313,7997078,0.00274300,17.51000000,1
1531164212341,1531164212336,7997079,0.00274300,307.51000000,1
1531164216764,1531164216758,7997080,0.00274400,0.42000000,0
1531164217147,1531164217140,7997081,0.00274400,1.17000000,1
1531164223678,1531164223672,7997082,0.00274500,3.76000000,0
1531164228597,1531164228591,7997083,0.00274300,21.69000000,1
1531164251236,1531164251230,7997084,0.00274300,89.54000000,1
1531164262926,1531164262920,7997085,0.00274300,265.81000000,1
1531164287073,1531164287069,7997086,0.00274300,1.26000000,0
1531164289146,1531164289140,7997087,0.00274300,0.95000000,0
1531164290188,1531164290186,7997088,0.00274300,0.75000000,0
1531164296613,1531164296607,7997089,0.00274300,3.00000000,0
1531164301537,1531164301533,7997090,0.00274200,2.80000000,1
1531164307113,1531164307107,7997091,0.00274200,1.21000000,1
1531164323712,1531164323705,7997092,0.00274200,0.06000000,0
1531164325369,1531164325363,7997093,0.00274100,157.50000000,1
1531164325379,1531164325375,7997094,0.00274100,292.94000000,0
1531164325394,1531164325389,7997095,0.00274100,157.50000000,1
1531164326929,1531164326923,7997096,0.00274200,0.36000000,0
1531164327956,1531164327952,7997097,0.00274200,0.05000000,0
1531164338571,1531164338564,7997098,0.00274100,49.96000000,1
1531164338581,1531164338575,7997099,0.00274100,96.92000000,0
1531164338595,1531164338590,7997100,0.00274100,49.96000000,1
1531164340674,1531164340668,7997101,0.00274200,3.93000000,0
1531164347981,1531164347978,7997102,0.00274100,12.62000000,1
1531164359803,1531164359796,7997103,0.00274200,3.63000000,0
1531164361211,1531164361207,7997104,0.00274100,34.04000000,1
1531164373692,1531164373689,7997105,0.00274100,5.20000000,1
1531164380167,1531164380163,7997106,0.00274200,55.34000000,0
1531164389601,1531164389595,7997107,0.00274200,1.17000000,0
1531164398827,1531164398824,7997108,0.00274100,311.77000000,1
1531164398849,1531164398843,7997109,0.00274100,54.64000000,0
1531164398871,1531164398867,7997110,0.00274100,311.76000000,1
1531164401193,1531164401188,7997111,0.00274200,25.86000000,0
1531164424837,1531164424831,7997112,0.00274200,0.53000000,1
1531164462284,1531164462278,7997113,0.00274200,3.15000000,1
1531164467150,1531164467146,7997114,0.00274300,0.53000000,0
1531164467150,1531164467146,7997115,0.00274500,1.01000000,0
1531164481776,1531164481773,7997116,0.00274400,185.36000000,0
1531164481793,1531164481788,7997117,0.00274300,33.39000000,1
1531164481809,1531164481803,7997118,0.00274300,159.81000000,1
1531164498022,1531164498015,7997119,0.00274300,273.25000000,1
1531164498041,1531164498036,7997120,0.00274300,158.62000000,1
1531164516028,1531164516021,7997121,0.00274300,226.34000000,1
1531164526093,1531164526089,7997122,0.00274400,391.22000000,0
1531164526107,1531164526104,7997123,0.00274300,29.69000000,1
1531164526127,1531164526121,7997124,0.00274300,257.25000000,1
1531164545543,1531164545538,7997125,0.00274300,0.80000000,0
1531164547462,1531164547457,7997126,0.00274300,1.00000000,1
1531164555175,1531164555169,7997127,0.00274400,1.94000000,1
1531164555596,1531164555590,7997128,0.00274400,2.09000000,1
1531164558030,1531164558026,7997129,0.00274400,46.36000000,1
1531164561248,1531164561244,7997130,0.00274400,4.03000000,0
1531164562190,1531164562184,7997131,0.00274400,0.53000000,1
1531164567291,1531164567286,7997132,0.00274400,0.98000000,1
1531164580270,1531164580263,7997133,0.00274500,0.74000000,0
1531164602429,1531164602423,7997134,0.00274400,0.60000000,0
1531164603709,1531164603704,7997135,0.00274400,0.73000000,0
1531164619788,1531164619763,7997136,0.00274300,93.00000000,1
1531164619888,1531164619882,7997137,0.00274300,53.32000000,0
1531164619974,1531164619968,7997138,0.00274300,10.94000000,0
1531164626244,1531164626238,7997139,0.00274300,3.65000000,0
1531164633779,1531164633774,7997140,0.00274200,4.10000000,1
1531164634489,1531164634483,7997141,0.00274200,0.04000000,1
1531164635049,1531164635045,7997142,0.00274300,32.81000000,0
1531164650119,1531164650118,7997143,0.00274300,10.94000000,0
1531164650279,1531164650276,7997144,0.00274300,13.05000000,0
1531164651100,1531164651096,7997145,0.00274300,155.91000000,0
1531164652215,1531164652210,7997146,0.00274300,10.94000000,0
1531164652241,1531164652236,7997147,0.00274300,30.66000000,0
1531164655449,1531164655444,7997148,0.00274500,3.64000000,0
1531164656955,1531164656948,7997149,0.00274500,3.64000000,0
1531164663969,1531164663964,7997150,0.00274300,290.49000000,1
1531164682344,1531164682342,7997151,0.00274300,269.46000000,1
1531164682359,1531164682353,7997152,0.00274300,53.92000000,0
1531164682366,1531164682362,7997153,0.00274300,158.71000000,1
1531164682383,1531164682377,7997154,0.00274300,110.75000000,1
1531164693030,1531164693024,7997155,0.00274300,7.97000000,1
1531164693134,1531164693129,7997156,0.00274300,43.45000000,0
1531164693196,1531164693190,7997157,0.00274300,39.09000000,0
1531164693265,1531164693259,7997158,0.00274300,1.27000000,0
1531164693392,1531164693387,7997159,0.00274300,43.45000000,0
1531164693948,1531164693941,7997160,0.00274300,139.74000000,0
1531164697133,1531164697126,7997161,0.00274300,13.03000000,0
1531164709094,1531164709088,7997162,0.00274300,13.03000000,0
1531164709545,1531164709539,7997163,0.00274300,3.65000000,0
1531164709896,1531164709890,7997164,0.00274300,36.11000000,0
1531164711550,1531164711547,7997165,0.00274300,3.65000000,0
1531164719495,1531164719490,7997166,0.00274300,1.27000000,0
1531164721751,1531164721745,7997167,0.00274200,3.75000000,1
1531164757089,1531164757083,7997168,0.00274200,3.31000000,1
1531164775392,1531164775385,7997169,0.00274200,27.17000000,1
1531164780368,1531164780364,7997170,0.00274200,11.95000000,1
1531164780381,1531164780376,7997171,0.00274400,0.36000000,0
1531164793431,1531164793430,7997172,0.00274300,14.17000000,1
1531164793459,1531164793454,7997173,0.00274300,109.56000000,1
1531164793475,1531164793468,7997174,0.00274300,11.25000000,1
1531164804414,1531164804414,7997175,0.00274400,2.74000000,0
1531164805084,1531164805079,7997176,0.00274300,353.00000000,1
1531164805101,1531164805096,7997177,0.00274300,80.73000000,1
1531164808804,1531164808798,7997178,0.00274400,50.69000000,0
1531164808804,1531164808798,7997179,0.00274500,93.98000000,0
1531164815703,1531164815698,7997180,0.00274300,0.10000000,1
1531164817296,1531164817290,7997181,0.00274400,467.40000000,0
1531164817308,1531164817306,7997182,0.00274300,210.68000000,1
1531164818742,1531164818737,7997183,0.00274300,0.10000000,0
1531164832700,1531164832699,7997184,0.00274300,2.23000000,1
1531164833218,1531164833213,7997185,0.00274300,65.02000000,1
1531164845344,1531164845339,7997186,0.00274300,6.19000000,0
1531164850398,1531164850392,7997187,0.00274400,29.67000000,1
1531164850418,1531164850413,7997188,0.00274400,10.76000000,1
1531164853846,1531164853840,7997189,0.00274500,56.48000000,0
1531164863449,1531164863443,7997190,0.00274500,0.36000000,0
1531164866369,1531164866363,7997191,0.00274400,206.40000000,1
1531164877286,1531164877280,7997192,0.00274400,4.27000000,0
1531164878226,1531164878221,7997193,0.00274300,31.07000000,1
1531164878246,1531164878239,7997194,0.00274300,142.31000000,1
1531164888973,1531164888967,7997195,0.00274400,383.86000000,0
1531164888985,1531164888979,7997196,0.00274300,300.50000000,1
1531164906563,1531164906557,7997197,0.00274300,5.00000000,1
1531164911678,1531164911673,7997198,0.00274400,191.93000000,1
1531164913748,1531164913747,7997199,0.00274400,0.02000000,1
1531164917375,1531164917370,7997200,0.00274400,273.94000000,1
1531164917392,1531164917386,7997201,0.00274400,83.75000000,1
1531164920597,1531164920592,7997202,0.00274300,5.48000000,1
1531164931220,1531164931215,7997203,0.00274400,201.04000000,1
1531164931250,1531164931247,7997204,0.00274400,399.68000000,1
1531164931263,1531164931258,7997205,0.00274400,83.65000000,1
1531164946532,1531164946526,7997206,0.00274500,48.21000000,0
1531164946539,1531164946536,7997207,0.00274500,26.79000000,0
1531164946547,1531164946543,7997208,0.00274600,77.09000000,0
1531164946596,1531164946591,7997209,0.00274600,7.65000000,0
1531164951031,1531164951025,7997210,0.00274600,112.00000000,0
1531164955879,1531164955873,7997211,0.00274600,46.04000000,0
1531164961556,1531164961550,7997212,0.00274500,21.42000000,1
1531164971478,1531164971474,7997213,0.00274500,13.90000000,0
1531164973222,1531164973217,7997214,0.00274400,362.55000000,1
1531164988229,1531164988226,7997215,0.00274400,7.29000000,1
1531164989218,1531164989213,7997216,0.00274500,2.66000000,0
1531164989235,1531164989230,7997217,0.00274500,2.67000000,0
1531164989252,1531164989249,7997218,0.00274500,2.67000000,0
1531164992248,1531164992243,7997219,0.00274400,211.83000000,1
1531164992325,1531164992324,7997220,0.00274400,4.34000000,0
1531164992352,1531164992350,7997221,0.00274400,2.95000000,0
1531164994874,1531164994869,7997222,0.00274400,0.69000000,1
1531164997138,1531164997133,7997223,0.00274400,1.98000000,0
1531165009749,1531165009743,7997224,0.00274400,103.81000000,1
1531165009768,1531165009762,7997225,0.00274400,196.18000000,1
1531165012032,1531165012028,7997226,0.00274500,3.64000000,0
1531165015297,1531165015293,7997227,0.00274500,3.64000000,0
1531165019515,1531165019509,7997228,0.00274400,102.43000000,1
1531165019526,1531165019520,7997229,0.00274400,355.18000000,1
1531165026754,1531165026748,7997230,0.00274500,5.00000000,0
1531165030282,1531165030275,7997231,0.00274400,136.87000000,1
1531165030289,1531165030284,7997232,0.00274400,139.62000000,0
1531165030299,1531165030294,7997233,0.00274400,136.87000000,1
1531165040334,1531165040332,7997234,0.00274500,5.90000000,0
1531165044911,1531165044906,7997235,0.00274400,329.31000000,1
1531165044932,1531165044927,7997236,0.00274400,27.07000000,1
1531165051738,1531165051732,7997237,0.00274400,110.98000000,1
1531165051756,1531165051750,7997238,0.00274400,262.81000000,1
1531165052444,1531165052439,7997239,0.00274500,0.90000000,0
1531165058603,1531165058599,7997240,0.00274400,297.37000000,1
1531165062381,1531165062377,7997241,0.00274500,4.00000000,0
1531165062895,1531165062890,7997242,0.00274500,4.00000000,0
1531165082142,1531165082136,7997243,0.00274400,315.83000000,1
1531165082158,1531165082155,7997244,0.00274400,52.73000000,0
1531165082177,1531165082174,7997245,0.00274400,315.82000000,1
1531165082898,1531165082892,7997246,0.00274500,6.79000000,0
1531165084391,1531165084385,7997247,0.00274500,36.42000000,0
1531165088042,1531165088035,7997248,0.00274500,2.94000000,0
1531165088042,1531165088035,7997249,0.00274600,5.84000000,0
1531165090984,1531165090980,7997250,0.00274400,0.01000000,1
1531165092012,1531165092006,7997251,0.00274400,14.25000000,0
1531165098166,1531165098162,7997252,0.00274400,31.00000000,0
1531165100653,1531165100648,7997253,0.00274400,323.30000000,0
1531165113269,1531165113264,7997254,0.00274400,4.92000000,1
1531165125958,1531165125951,7997255,0.00274500,378.31000000,1
1531165125986,1531165125979,7997256,0.00274500,117.68000000,1
1531165126008,1531165126004,7997257,0.00274400,229.67000000,1
1531165126034,1531165126030,7997258,0.00274400,99.95000000,0
1531165126102,1531165126098,7997259,0.00274400,13.03000000,0
1531165126117,1531165126112,7997260,0.00274400,10.08000000,0
1531165126257,1531165126251,7997261,0.00274400,7.37000000,0
1531165127045,1531165127040,7997262,0.00274400,8.46000000,0
1531165146519,1531165146514,7997263,0.00274400,315.85000000,1
1531165164395,1531165164392,7997264,0.00274400,151.96000000,1
1531165176516,1531165176513,7997265,0.00274400,227.46000000,1
1531165190382,1531165190376,7997266,0.00274400,0.53000000,1
1531165199418,1531165199411,7997267,0.00274500,315.85000000,1
1531165215178,1531165215174,7997268,0.00274500,10.12000000,0
1531165217070,1531165217065,7997269,0.00274500,14.18000000,1
1531165229014,1531165229008,7997270,0.00274500,38.61000000,1
1531165242121,1531165242117,7997271,0.00274500,9.96000000,0
1531165249011,1531165249006,7997272,0.00274400,0.56000000,1
1531165252203,1531165252202,7997273,0.00274400,30.36000000,0
1531165278474,1531165278468,7997274,0.00274300,1.57000000,1
1531165285041,1531165285035,7997275,0.00274400,0.72000000,0
1531165288981,1531165288974,7997276,0.00274500,3.64000000,0
1531165294792,1531165294785,7997277,0.00274400,0.61000000,1
1531165295376,1531165295372,7997278,0.00274400,105.68000000,1
1531165295391,1531165295385,7997279,0.00274400,88.57000000,1
1531165313118,1531165313112,7997280,0.00274400,0.61000000,0
1531165325762,1531165325756,7997281,0.00274400,88.57000000,1
1531165345137,1531165345130,7997282,0.00274400,1.25000000,1
1531165345605,1531165345580,7997283,0.00274400,51.14000000,1
1531165350843,1531165350837,7997284,0.00274400,1.30000000,0
1531165371153,1531165371145,7997285,0.00274400,13.00000000,0
1531165371993,1531165371987,7997286,0.00274400,12.00000000,0
1531165375207,1531165375202,7997287,0.00274400,12.94000000,0
1531165392943,1531165392939,7997288,0.00274400,0.76000000,0
1531165410247,1531165410241,7997289,0.00274400,108.48000000,1
1531165410270,1531165410265,7997290,0.00274400,247.83000000,1
1531165471456,1531165471451,7997291,0.00274400,2.57000000,1
1531165487976,1531165487970,7997292,0.00274500,20.23000000,0
1531165498097,1531165498091,7997293,0.00274400,2.39000000,1
1531165513016,1531165513010,7997294,0.00274500,9.46000000,0
1531165543954,1531165543948,7997295,0.00274500,1.00000000,0
1531165552096,1531165552093,7997296,0.00274500,4.00000000,0
1531165557187,1531165557180,7997297,0.00274400,5.43000000,1
1531165569398,1531165569392,7997298,0.00274400,18.57000000,1
1531165570187,1531165570181,7997299,0.00274400,1.00000000,0
1531165572828,1531165572821,7997300,0.00274400,1.00000000,0
1531165575871,1531165575867,7997301,0.00274400,1.00000000,0
1531165576038,1531165576032,7997302,0.00274400,14.35000000,0
1531165576917,1531165576911,7997303,0.00274400,16.10000000,0
1531165580872,1531165580866,7997304,0.00274500,1.00000000,0
1531165583932,1531165583926,7997305,0.00274300,3.17000000,1
1531165593185,1531165593180,7997306,0.00274400,75.56000000,1
1531165593212,1531165593207,7997307,0.00274400,90.01000000,1
1531165593232,1531165593227,7997308,0.00274400,51.07000000,1
1531165612462,1531165612456,7997309,0.00274400,26.17000000,1
1531165632654,1531165632648,7997310,0.00274500,4.00000000,0
1531165635012,1531165635006,7997311,0.00274400,150.15000000,1
1531165644739,1531165644734,7997312,0.00274400,46.50000000,1
1531165652101,1531165652095,7997313,0.00274400,2.09000000,1
1531165654559,1531165654554,7997314,0.00274400,256.33000000,1
1531165671757,1531165671751,7997315,0.00274300,11.54000000,1
1531165672838,1531165672832,7997316,0.00274400,2.09000000,0
1531165682712,1531165682706,7997317,0.00274400,256.33000000,1
1531165683739,1531165683732,7997318,0.00274300,0.93000000,1
1531165699611,1531165699605,7997319,0.00274400,2.09000000,0
1531165699611,1531165699605,7997320,0.00274500,62.30000000,0
1531165701737,1531165701732,7997321,0.00274500,3.76000000,0
1531165704923,1531165704917,7997322,0.00274500,0.27000000,0
1531165709382,1531165709378,7997323,0.00274500,0.30000000,0
1531165712610,1531165712605,7997324,0.00274400,331.50000000,1
1531165712628,1531165712622,7997325,0.00274400,24.80000000,1
1531165714200,1531165714193,7997326,0.00274500,7.43000000,0
1531165718823,1531165718817,7997327,0.00274500,8.91000000,0
1531165718910,1531165718905,7997328,0.00274500,4.34000000,0
1531165718951,1531165718944,7997329,0.00274500,6.28000000,0
1531165720133,1531165720129,7997330,0.00274500,7.00000000,0
1531165720599,1531165720593,7997331,0.00274500,64.71000000,0
1531165738773,1531165738767,7997332,0.00274600,47.79000000,0
1531165739141,1531165739133,7997333,0.00274600,79.99000000,1
1531165741739,1531165741734,7997334,0.00274600,63.46000000,1
1531165750267,1531165750261,7997335,0.00274700,3.11000000,0
1531165750330,1531165750325,7997336,0.00274800,72.38000000,0
1531165750359,1531165750354,7997337,0.00274800,9.91000000,0
1531165751184,1531165751178,7997338,0.00274800,0.11000000,0
1531165752240,1531165752234,7997339,0.00274600,64.71000000,1
1531165771344,1531165771338,7997340,0.00274700,2.17000000,1
1531165775639,1531165775632,7997341,0.00274700,0.70000000,1
1531165776197,1531165776193,7997342,0.00274800,129.14000000,0
1531165776197,1531165776193,7997343,0.00274900,228.50000000,0
1531165776219,1531165776212,7997344,0.00275000,22.26000000,0
1531165776219,1531165776212,7997345,0.00275100,197.90000000,0
1531165776221,1531165776217,7997346,0.00275200,29.74000000,0
1531165776286,1531165776281,7997347,0.00275300,1.88000000,0
1531165776536,1531165776533,7997348,0.00275300,30.85000000,1
1531165776951,1531165776942,7997349,0.00275300,23.61000000,0
1531165777124,1531165777120,7997350,0.00275000,4.00000000,0
1531165777350,1531165777345,7997351,0.00275000,1.54000000,0
1531165777428,1531165777421,7997352,0.00275000,0.46000000,0
1531165777580,1531165777575,7997353,0.00275300,58.13000000,0
1531165777705,1531165777699,7997354,0.00275300,96.90000000,0
1531165778470,1531165778463,7997355,0.00275000,0.90000000,0
1531165781100,1531165781096,7997356,0.00275400,0.11000000,0
1531165781172,1531165781167,7997357,0.00275400,0.09000000,0
1531165781189,1531165781184,7997358,0.00275400,0.11000000,0
1531165781325,1531165781323,7997359,0.00275400,0.11000000,0
1531165781363,1531165781358,7997360,0.00275400,0.10000000,0
1531165781434,1531165781429,7997361,0.00275400,0.11000000,0
1531165783880,1531165783879,7997362,0.00275400,0.11000000,0
1531165789866,1531165789860,7997363,0.00275400,0.37000000,0
1531165791884,1531165791877,7997364,0.00275400,10.00000000,0
1531165792951,1531165792945,7997365,0.00275200,4.16000000,1
1531165797052,1531165797046,7997366,0.00275000,0.90000000,1
1531165797080,1531165797074,7997367,0.00274900,0.49000000,0
1531165804867,1531165804862,7997368,0.00275000,139.71000000,1
1531165804882,1531165804877,7997369,0.00275000,116.87000000,1
1531165810301,1531165810297,7997370,0.00275400,0.74000000,0
1531165810395,1531165810391,7997371,0.00275400,0.37000000,0
1531165810414,1531165810408,7997372,0.00275400,107.94000000,0
1531165810607,1531165810601,7997373,0.00275400,0.37000000,0
1531165810640,1531165810635,7997374,0.00275400,12.90000000,0
1531165810895,1531165810892,7997375,0.00275500,4.40000000,0
1531165810981,1531165810976,7997376,0.00275500,0.37000000,0
1531165811047,1531165811041,7997377,0.00275500,0.37000000,0
1531165811317,1531165811312,7997378,0.00275200,4.17000000,0
1531165811858,1531165811852,7997379,0.00275500,0.11000000,0
1531165812721,1531165812716,7997380,0.00275000,0.36000000,1
1531165814039,1531165814035,7997381,0.00275000,0.10000000,1
1531165816832,1531165816829,7997382,0.00275500,39.71000000,0
1531165819671,1531165819653,7997383,0.00275000,1.50000000,1
1531165823692,1531165823686,7997384,0.00275400,11.99000000,0
1531165828053,1531165828048,7997385,0.00275500,3.62000000,0
1531165830918,1531165830912,7997386,0.00275500,0.37000000,0
1531165831853,1531165831847,7997387,0.00275200,193.18000000,1
1531165831877,1531165831871,7997388,0.00275200,163.12000000,1
1531165838379,1531165838373,7997389,0.00275100,0.80000000,1
1531165839696,1531165839691,7997390,0.00275500,52.71000000,0
1531165842420,1531165842413,7997391,0.00275100,5.00000000,1
1531165842902,1531165842898,7997392,0.00275500,48.05000000,0
1531165844576,1531165844570,7997393,0.00275500,4.76000000,0
1531165849565,1531165849558,7997394,0.00275200,33.28000000,1
1531165849588,1531165849581,7997395,0.00275200,323.00000000,1
1531165852606,1531165852600,7997396,0.00275500,0.01000000,0
1531165852606,1531165852600,7997397,0.00275600,3.66000000,0
1531165854172,1531165854166,7997398,0.00275100,5.00000000,1
1531165855126,1531165855121,7997399,0.00275600,0.10000000,0
1531165855178,1531165855172,7997400,0.00275600,0.11000000,0
1531165855225,1531165855223,7997401,0.00275500,0.11000000,0
1531165859070,1531165859065,7997402,0.00275500,0.50000000,0
1531165864224,1531165864219,7997403,0.00275500,15.45000000,0
1531165864874,1531165864867,7997404,0.00275100,5.00000000,1
1531165867489,1531165867483,7997405,0.00275100,15.45000000,1
1531165869014,1531165869008,7997406,0.00275100,3.00000000,1
1531165871178,1531165871173,7997407,0.00275500,2.20000000,0
1531165871341,1531165871336,7997408,0.00275500,0.37000000,0
1531165877078,1531165877072,7997409,0.00275500,1.02000000,0
1531165877132,1531165877126,7997410,0.00275500,1.09000000,1
1531165877304,1531165877297,7997411,0.00275500,13.01000000,1
1531165877347,1531165877341,7997412,0.00275500,13.01000000,1
1531165878139,1531165878135,7997413,0.00275500,37.44000000,1
1531165878344,1531165878339,7997414,0.00275300,126.09000000,1
1531165878360,1531165878358,7997415,0.00275300,230.21000000,1
1531165878724,1531165878718,7997416,0.00275200,5.00000000,1
1531165879021,1531165879013,7997417,0.00275200,6.31000000,1
1531165882453,1531165882448,7997418,0.00275300,86.62000000,1
1531165882507,1531165882502,7997419,0.00275300,39.04000000,1
1531165882514,1531165882509,7997420,0.00275300,38.98000000,1
1531165883467,1531165883460,7997421,0.00275300,20.37000000,1
1531165883561,1531165883554,7997422,0.00275300,31.74000000,1
1531165887175,1531165887169,7997423,0.00275300,139.56000000,1
1531165896760,1531165896756,7997424,0.00275200,1.87000000,1
1531165906064,1531165906058,7997425,0.00275400,149.47000000,0
1531165906076,1531165906071,7997426,0.00275300,271.50000000,1
1531165906100,1531165906096,7997427,0.00275300,152.09000000,1
1531165911290,1531165911284,7997428,0.00275600,229.29000000,0
1531165913617,1531165913613,7997429,0.00275300,254.94000000,1
1531165913648,1531165913643,7997430,0.00275300,2.69000000,1
1531165915611,1531165915605,7997431,0.00275300,315.42000000,1
1531165926745,1531165926739,7997432,0.00275300,70.70000000,0
1531165931168,1531165931163,7997433,0.00275400,197.81000000,1
1531165932545,1531165932538,7997434,0.00275300,2.13000000,1
1531165936788,1531165936782,7997435,0.00275300,2.53000000,1
1531165941426,1531165941419,7997436,0.00275400,244.56000000,1
1531165942326,1531165942319,7997437,0.00275300,0.91000000,1
1531165953487,1531165953481,7997438,0.00275500,1.08000000,0
1531165953518,1531165953513,7997439,0.00275600,2.59000000,1
1531165953635,1531165953630,7997440,0.00275600,1.10000000,1
1531165966394,1531165966389,7997441,0.00275500,262.00000000,1
1531165972825,1531165972817,7997442,0.00275600,5.73000000,0
1531165972825,1531165972817,7997443,0.00275700,2.87000000,0
1531165976332,1531165976326,7997444,0.00275400,0.41000000,1
1531165977896,1531165977891,7997445,0.00275400,9.10000000,1
1531165978985,1531165978980,7997446,0.00275700,12.23000000,0
1531165979175,1531165979156,7997447,0.00275500,10.23000000,1
1531165982211,1531165982205,7997448,0.00275500,5.09000000,1
1531165982425,1531165982418,7997449,0.00275500,146.31000000,1
1531165982444,1531165982438,7997450,0.00275500,248.74000000,1
1531165984022,1531165984016,7997451,0.00275500,20.43000000,0
1531165984022,1531165984016,7997452,0.00275700,30.92000000,0
1531165986643,1531165986637,7997453,0.00275700,17.08000000,0
1531165987110,1531165987105,7997454,0.00275400,0.86000000,1
1531165991346,1531165991340,7997455,0.00275500,274.25000000,1
1531165996114,1531165996107,7997456,0.00275400,5.00000000,1
1531165996703,1531165996697,7997457,0.00275500,1.00000000,0
1531165996936,1531165996932,7997458,0.00275500,0.07000000,1
1531166003913,1531166003907,7997459,0.00275500,4.72000000,1
1531166003913,1531166003907,7997460,0.00275400,0.28000000,1
1531166011127,1531166011120,7997461,0.00275500,79.84000000,1
1531166011145,1531166011140,7997462,0.00275500,351.43000000,1
1531166027469,1531166027463,7997463,0.00275400,4.33000000,1
1531166029070,1531166029065,7997464,0.00275500,22.91000000,1
1531166031657,1531166031653,7997465,0.00275500,0.51000000,1
1531166032885,1531166032879,7997466,0.00275500,165.92000000,1
1531166034966,1531166034962,7997467,0.00275500,1.10000000,0
1531166035231,1531166035226,7997468,0.00275500,4.92000000,0
1531166035643,1531166035635,7997469,0.00275500,17.40000000,0
1531166035643,1531166035635,7997470,0.00275600,1.08000000,0
1531166035643,1531166035635,7997471,0.00275700,57.29000000,0
1531166035643,1531166035635,7997472,0.00275800,49.72000000,0
1531166037682,1531166037674,7997473,0.00275800,0.11000000,0
1531166040764,1531166040758,7997474,0.00275500,5.00000000,1
1531166041006,1531166041001,7997475,0.00275500,2.33000000,1
1531166042841,1531166042836,7997476,0.00275500,1.07000000,1
1531166050822,1531166050816,7997477,0.00275600,3.19000000,1
1531166050895,1531166050894,7997478,0.00275600,43.27000000,1
1531166050982,1531166050978,7997479,0.00275600,38.94000000,1
1531166051022,1531166051016,7997480,0.00275600,43.27000000,1
1531166051118,1531166051114,7997481,0.00275600,98.11000000,1
1531166051146,1531166051144,7997482,0.00275600,43.27000000,1
1531166051171,1531166051165,7997483,0.00275600,4.88000000,1
1531166051790,1531166051785,7997484,0.00275600,3.31000000,1
1531166052138,1531166052129,7997485,0.00275600,98.08000000,1
1531166052167,1531166052161,7997486,0.00275600,2.29000000,1
1531166052183,1531166052176,7997487,0.00275600,28.51000000,1
1531166053318,1531166053311,7997488,0.00275500,4.88000000,1
1531166054636,1531166054631,7997489,0.00275700,0.44000000,0
1531166056360,1531166056354,7997490,0.00275700,0.76000000,0
1531166064992,1531166064989,7997491,0.00275600,135.28000000,0
1531166069912,1531166069907,7997492,0.00275400,3.63000000,1
1531166080276,1531166080270,7997493,0.00275500,161.06000000,0
1531166080293,1531166080287,7997494,0.00275500,172.25000000,0
1531166098446,1531166098442,7997495,0.00275400,0.82000000,1
1531166102451,1531166102447,7997496,0.00275400,7.24000000,1
1531166113854,1531166113853,7997497,0.00275400,0.06000000,1
1531166125801,1531166125795,7997498,0.00275400,2.00000000,1
1531166133317,1531166133310,7997499,0.00275500,36.00000000,0
1531166158366,1531166158360,7997500,0.00275400,3.96000000,1
1531166168891,1531166168887,7997501,0.00275400,38.94000000,1
1531166168930,1531166168925,7997502,0.00275400,33.08000000,1
1531166169255,1531166169250,7997503,0.00275400,43.27000000,1
1531166170013,1531166170007,7997504,0.00275400,15.60000000,1
1531166174369,1531166174363,7997505,0.00275400,5.23000000,1
1531166174467,1531166174462,7997506,0.00275300,9.43000000,1
1531166182163,1531166182158,7997507,0.00275400,137.81000000,0
1531166182187,1531166182181,7997508,0.00275400,195.62000000,0
1531166191473,1531166191470,7997509,0.00275300,333.56000000,0
1531166200104,1531166200099,7997510,0.00275300,49.92000000,0
1531166200130,1531166200125,7997511,0.00275300,110.29000000,0
1531166211449,1531166211441,7997512,0.00275400,42.50000000,0
1531166211506,1531166211503,7997513,0.00275400,12.97000000,0
1531166211564,1531166211558,7997514,0.00275400,29.53000000,0
1531166211652,1531166211647,7997515,0.00275400,42.52000000,0
1531166211724,1531166211717,7997516,0.00275400,17.48000000,0
1531166218068,1531166218066,7997517,0.00275400,13.00000000,0
1531166249290,1531166249284,7997518,0.00275400,0.54000000,0
1531166251052,1531166251045,7997519,0.00275400,34.00000000,0
1531166251059,1531166251054,7997520,0.00275400,22.00000000,0
1531166251079,1531166251072,7997521,0.00275400,11.65000000,0
1531166251092,1531166251085,7997522,0.00275400,1.30000000,1
1531166251706,1531166251699,7997523,0.00275400,1.30000000,1
1531166252335,1531166252328,7997524,0.00275400,1.30000000,1
1531166252353,1531166252347,7997525,0.00275400,8.82000000,1
1531166252528,1531166252495,7997526,0.00275500,12.00000000,0
1531166252722,1531166252719,7997527,0.00275400,1.30000000,1
1531166253135,1531166253128,7997528,0.00275400,28.33000000,1
1531166253238,1531166253231,7997529,0.00275300,1.68000000,0
1531166253256,1531166253251,7997530,0.00275300,4.33000000,0
1531166253260,1531166253253,7997531,0.00275200,0.53000000,1
1531166253936,1531166253930,7997532,0.00275300,6.04000000,0
1531166277670,1531166277664,7997533,0.00275400,333.43000000,0
1531166284408,1531166284370,7997534,0.00275300,0.71000000,1
1531166284422,1531166284417,7997535,0.00275400,333.43000000,0
1531166289222,1531166289216,7997536,0.00275400,1.00000000,1
1531166296802,1531166296799,7997537,0.00275400,38.94000000,0
1531166297408,1531166297403,7997538,0.00275400,27.54000000,0
1531166298917,1531166298912,7997539,0.00275500,38.27000000,0
1531166301309,1531166301303,7997540,0.00275400,38.94000000,0
1531166301423,1531166301418,7997541,0.00275400,81.34000000,0
1531166302075,1531166302071,7997542,0.00275400,3.62000000,0
1531166302728,1531166302721,7997543,0.00275400,93.18000000,0
1531166304686,1531166304680,7997544,0.00275400,4.33000000,0
1531166304962,1531166304955,7997545,0.00275400,34.50000000,0
1531166306568,1531166306562,7997546,0.00275500,3.63000000,0
1531166317313,1531166317308,7997547,0.00275400,124.18000000,1
1531166317336,1531166317331,7997548,0.00275400,180.59000000,1
1531166317425,1531166317419,7997549,0.00275400,4.33000000,0
1531166322411,1531166322407,7997550,0.00275400,12.98000000,0
1531166323070,1531166323062,7997551,0.00275400,11.00000000,0
1531166325065,1531166325058,7997552,0.00275400,6.19000000,0
1531166344161,1531166344154,7997553,0.00275400,153.84000000,1
1531166361803,1531166361792,7997554,0.00275400,180.93000000,1
1531166375992,1531166375986,7997555,0.00275300,6.13000000,1
1531166377411,1531166377405,7997556,0.00275400,6.76000000,0
1531166381600,1531166381593,7997557,0.00275400,1.89000000,0
1531166381600,1531166381593,7997558,0.00275500,14.28000000,0
1531166393257,1531166393252,7997559,0.00275400,278.75000000,1
1531166393275,1531166393273,7997560,0.00275400,232.87000000,1
1531166398057,1531166398051,7997561,0.00275500,0.74000000,0
1531166399775,1531166399770,7997562,0.00275500,4.33000000,0
1531166402731,1531166402727,7997563,0.00275500,100.00000000,0
1531166404230,1531166404225,7997564,0.00275400,52.67000000,1
1531166404245,1531166404239,7997565,0.00275400,113.95000000,1
1531166411145,1531166411140,7997566,0.00275500,6.50000000,0
1531166413577,1531166413571,7997567,0.00275500,7.15000000,0
1531166416891,1531166416889,7997568,0.00275500,0.03000000,0
1531166419342,1531166419339,7997569,0.00275500,0.37000000,0
1531166419516,1531166419511,7997570,0.00275500,0.37000000,0
1531166419544,1531166419538,7997571,0.00275500,0.37000000,0
1531166427977,1531166427970,7997572,0.00275400,181.71000000,1
1531166440598,1531166440592,7997573,0.00275200,5.00000000,1
1531166452808,1531166452805,7997574,0.00275400,1.00000000,1
1531166453540,1531166453535,7997575,0.00275400,361.62000000,1
1531166455724,1531166455723,7997576,0.00275400,1.00000000,0
1531166461852,1531166461846,7997577,0.00275400,12.00000000,1
1531166461852,1531166461846,7997578,0.00275300,1.08000000,1
1531166461852,1531166461846,7997579,0.00275200,40.93000000,1
1531166471311,1531166471304,7997580,0.00275300,3.44000000,1
1531166480828,1531166480825,7997581,0.00275500,0.74000000,0
1531166485445,1531166485444,7997582,0.00275400,216.18000000,1
1531166485459,1531166485455,7997583,0.00275400,204.96000000,1
1531166495169,1531166495162,7997584,0.00275300,5.00000000,1
1531166499616,1531166499610,7997585,0.00275400,345.69000000,1
1531166499639,1531166499636,7997586,0.00275400,31.82000000,1
1531166501868,1531166501862,7997587,0.00275300,5.00000000,1
1531166506095,1531166506089,7997588,0.00275300,2.15000000,1
1531166513088,1531166513082,7997589,0.00275300,71.09000000,1
1531166522923,1531166522918,7997590,0.00275300,194.03000000,1
1531166522945,1531166522940,7997591,0.00275300,378.31000000,1
1531166531897,1531166531892,7997592,0.00275300,336.18000000,1
1531166535726,1531166535720,7997593,0.00275300,3.50000000,1
1531166537783,1531166537776,7997594,0.00275300,376.56000000,1
1531166537898,1531166537892,7997595,0.00275300,3.50000000,0
1531166549696,1531166549691,7997596,0.00275300,2.20000000,1
1531166552826,1531166552820,7997597,0.00275300,32.98000000,1
1531166557872,1531166557865,7997598,0.00275300,2.19000000,0
1531166560959,1531166560954,7997599,0.00275200,23.71000000,1
1531166560959,1531166560954,7997600,0.00275100,36.85000000,1
1531166560959,1531166560954,7997601,0.00275000,6.82000000,1
1531166569032,1531166569025,7997602,0.00275200,187.03000000,1
1531166583452,1531166583447,7997603,0.00275200,358.18000000,1
1531166600498,1531166600491,7997604,0.00275300,50.60000000,1
1531166611849,1531166611843,7997605,0.00275500,8.09000000,0
1531166611849,1531166611843,7997606,0.00275600,6.69000000,0
1531166612481,1531166612476,7997607,0.00275400,83.93000000,1
1531166612504,1531166612499,7997608,0.00275400,139.21000000,1
1531166622149,1531166622144,7997609,0.00275600,0.37000000,0
1531166622802,1531166622798,7997610,0.00275300,0.40000000,1
1531166628993,1531166628987,7997611,0.00275400,291.06000000,1
1531166629009,1531166629003,7997612,0.00275400,242.50000000,1
1531166638191,1531166638184,7997613,0.00275600,10.89000000,0
1531166639986,1531166639981,7997614,0.00275500,362.01000000,0
1531166640001,1531166639995,7997615,0.00275400,31.50000000,1
1531166640026,1531166640019,7997616,0.00275400,130.21000000,1
1531166656387,1531166656382,7997617,0.00275400,362.19000000,1
1531166658707,1531166658701,7997618,0.00275300,201.89000000,1
1531166658884,1531166658878,7997619,0.00275300,38.95000000,0
1531166659750,1531166659745,7997620,0.00275300,43.30000000,0
1531166659893,1531166659888,7997621,0.00275300,43.30000000,0
1531166660416,1531166660413,7997622,0.00275300,33.09000000,0
1531166661423,1531166661421,7997623,0.00275300,93.20000000,0
1531166662416,1531166662409,7997624,0.00275300,49.39000000,0
1531166663054,1531166663051,7997625,0.00275300,38.95000000,0
1531166665188,1531166665183,7997626,0.00275300,12.98000000,0
1531166666724,1531166666720,7997627,0.00275300,42.97000000,0
1531166668941,1531166668937,7997628,0.00275300,4.33000000,0
1531166669178,1531166669172,7997629,0.00275300,4.43000000,0
1531166669300,1531166669297,7997630,0.00275300,4.70000000,0
1531166669422,1531166669418,7997631,0.00275300,43.31000000,0
1531166672485,1531166672479,7997632,0.00275300,43.31000000,0
1531166672619,1531166672614,7997633,0.00275300,43.31000000,0
1531166672743,1531166672737,7997634,0.00275300,9.72000000,0
1531166678622,1531166678616,7997635,0.00275300,72.68000000,1
1531166678637,1531166678633,7997636,0.00275300,360.55000000,1
1531166686615,1531166686608,7997637,0.00275300,10.89000000,1
1531166686795,1531166686788,7997638,0.00275300,43.20000000,0
1531166700745,1531166700740,7997639,0.00275400,356.06000000,1
1531166700765,1531166700760,7997640,0.00275400,241.09000000,1
1531166712960,1531166712953,7997641,0.00275600,0.02000000,0
1531166715267,1531166715262,7997642,0.00275400,8.09000000,1
1531166717360,1531166717355,7997643,0.00275400,94.84000000,1
1531166726049,1531166726044,7997644,0.00275300,3.45000000,1
1531166727997,1531166727991,7997645,0.00275300,2.15000000,1
1531166728775,1531166728771,7997646,0.00275300,7.38000000,1
1531166728789,1531166728782,7997647,0.00275300,86.54000000,0
1531166728805,1531166728800,7997648,0.00275400,6.72000000,0
1531166733291,1531166733285,7997649,0.00275400,1.60000000,1
1531166734676,1531166734675,7997650,0.00275600,10.33000000,0
1531166738357,1531166738352,7997651,0.00275500,0.67000000,1
1531166738657,1531166738651,7997652,0.00275500,393.14000000,1
1531166738681,1531166738675,7997653,0.00275400,93.24000000,1
1531166744073,1531166744068,7997654,0.00275200,3.10000000,1
1531166745797,1531166745791,7997655,0.00275200,311.25000000,1
1531166745819,1531166745818,7997656,0.00275200,109.61000000,1
1531166759028,1531166759025,7997657,0.00275100,0.57000000,1
1531166759852,1531166759847,7997658,0.00275200,3.09000000,0
1531166779777,1531166779775,7997659,0.00275200,248.00000000,1
1531166799453,1531166799446,7997660,0.00275200,275.37000000,1
1531166799470,1531166799467,7997661,0.00275200,318.98000000,1
1531166802848,1531166802821,7997662,0.00275400,1.06000000,0
1531166804841,1531166804837,7997663,0.00275200,16.15000000,1
1531166806291,1531166806285,7997664,0.00275300,177.08000000,0
1531166806303,1531166806297,7997665,0.00275200,114.06000000,1
1531166806860,1531166806853,7997666,0.00275200,16.15000000,0
1531166809106,1531166809099,7997667,0.00275300,2.94000000,1
1531166812511,1531166812505,7997668,0.00275300,193.43000000,1
1531166816522,1531166816517,7997669,0.00275100,3.82000000,1
1531166816877,1531166816870,7997670,0.00275100,2.10000000,0
1531166823033,1531166823031,7997671,0.00275200,17.12000000,1
1531166823044,1531166823039,7997672,0.00275200,93.76000000,1
1531166823069,1531166823066,7997673,0.00275300,2.94000000,0
1531166831002,1531166831000,7997674,0.00275300,193.43000000,1
1531166841418,1531166841411,7997675,0.00275100,14.42000000,1
1531166852878,1531166852873,7997676,0.00275200,340.43000000,1
1531166852891,1531166852884,7997677,0.00275200,172.90000000,0
1531166852903,1531166852896,7997678,0.00275200,340.43000000,1
1531166852913,1531166852909,7997679,0.00275300,2.94000000,0
1531166860664,1531166860658,7997680,0.00275300,18.39000000,1
1531166865897,1531166865893,7997681,0.00275400,0.02000000,0
1531166865897,1531166865893,7997682,0.00275600,44.98000000,0
1531166865982,1531166865976,7997683,0.00275300,175.04000000,1
1531166882603,1531166882599,7997684,0.00275200,32.42000000,1
1531166884444,1531166884437,7997685,0.00275500,0.37000000,0
1531166886103,1531166886096,7997686,0.00275200,1.77000000,0
1531166887918,1531166887913,7997687,0.00275200,0.60000000,0
1531166891629,1531166891623,7997688,0.00275200,5.10000000,0
1531166898303,1531166898299,7997689,0.00275200,21.23000000,0
1531166904025,1531166904020,7997690,0.00275200,1.37000000,0
1531166920736,1531166920731,7997691,0.00275200,4.45000000,0
1531166920764,1531166920759,7997692,0.00275200,4.71000000,0
1531166920872,1531166920872,7997693,0.00275200,5.67000000,0
1531166921998,1531166921992,7997694,0.00275200,19.38000000,0
1531166941175,1531166941173,7997695,0.00275200,13.00000000,0
1531166941322,1531166941316,7997696,0.00275200,12.00000000,0
1531166941329,1531166941323,7997697,0.00275200,27.49000000,0
1531166942738,1531166942731,7997698,0.00275600,2.52000000,0
1531166942738,1531166942731,7997699,0.00275700,1.11000000,0
1531166945931,1531166945925,7997700,0.00275700,1.90000000,0
1531166945931,1531166945925,7997701,0.00275800,1.73000000,0
1531166951595,1531166951589,7997702,0.00275200,300.18000000,1
1531166956835,1531166956831,7997703,0.00275400,1.01000000,0
1531166962146,1531166962141,7997704,0.00275300,205.15000000,0
1531166962159,1531166962152,7997705,0.00275300,132.81000000,0
1531167010956,1531167010955,7997706,0.00275100,38.66000000,1
1531167011137,1531167011131,7997707,0.00275100,0.42000000,1
1531167011776,1531167011770,7997708,0.00275100,0.42000000,1
1531167011982,1531167011980,7997709,0.00275100,0.42000000,1
1531167016164,1531167016153,7997710,0.00275200,0.13000000,0
1531167017024,1531167017018,7997711,0.00275100,4.66000000,1
1531167025073,1531167025068,7997712,0.00275200,0.95000000,0
1531167027019,1531167027013,7997713,0.00275400,0.07000000,0
1531167027287,1531167027280,7997714,0.00275400,4.00000000,1
1531167027418,1531167027411,7997715,0.00275400,1.17000000,1
1531167029708,1531167029702,7997716,0.00275400,0.64000000,1
1531167029915,1531167029908,7997717,0.00275400,8.16000000,1
1531167029915,1531167029908,7997718,0.00275300,0.37000000,1
1531167029915,1531167029908,7997719,0.00275100,16.23000000,1
1531167029979,1531167029976,7997720,0.00275100,8.80000000,1
1531167030111,1531167030105,7997721,0.00275100,0.64000000,1
1531167030511,1531167030508,7997722,0.00275100,0.64000000,1
1531167032855,1531167032852,7997723,0.00275600,330.18000000,0
1531167046702,1531167046700,7997724,0.00275200,52.07000000,1
1531167051920,1531167051919,7997725,0.00275600,2.24000000,1
1531167051931,1531167051928,7997726,0.00275200,2.24000000,1
1531167055561,1531167055557,7997727,0.00275200,0.43000000,1
1531167059880,1531167059874,7997728,0.00275300,60.46000000,1
1531167065431,1531167065426,7997729,0.00275300,232.59000000,1
1531167065759,1531167065757,7997730,0.00275600,0.37000000,0
1531167075417,1531167075410,7997731,0.00275300,1.60000000,1
1531167078382,1531167078377,7997732,0.00275300,251.31000000,1
1531167078407,1531167078401,7997733,0.00275300,294.48000000,1
1531167091557,1531167091551,7997734,0.00275200,1.87000000,1
1531167096329,1531167096323,7997735,0.00275300,296.06000000,0
1531167111511,1531167111506,7997736,0.00275500,40.46000000,0
1531167112794,1531167112788,7997737,0.00275500,120.26000000,0
1531167112855,1531167112850,7997738,0.00275500,40.45000000,1
1531167116865,1531167116859,7997739,0.00275600,4.54000000,0
1531167116865,1531167116859,7997740,0.00275700,5.55000000,0
1531167118954,1531167118950,7997741,0.00275600,3.35000000,0
1531167122008,1531167122003,7997742,0.00275600,277.02000000,0
1531167122049,1531167122043,7997743,0.00275600,3.35000000,1
1531167125464,1531167125457,7997744,0.00275300,1.00000000,1
1531167125530,1531167125526,7997745,0.00275300,4.65000000,0
1531167142244,1531167142237,7997746,0.00275300,4.23000000,0
1531167151687,1531167151684,7997747,0.00275600,10.85000000,0
1531167156853,1531167156848,7997748,0.00275400,6.36000000,1
1531167165616,1531167165612,7997749,0.00275600,259.07000000,0
1531167170101,1531167170096,7997750,0.00275400,6.36000000,1
1531167176477,1531167176470,7997751,0.00275600,332.23000000,0
1531167186971,1531167186969,7997752,0.00275400,3.00000000,1
1531167197246,1531167197241,7997753,0.00275600,262.18000000,0
1531167197262,1531167197256,7997754,0.00275600,70.04000000,0
1531167214122,1531167214116,7997755,0.00275500,241.28000000,0
1531167214140,1531167214136,7997756,0.00275600,90.04000000,0
1531167232505,1531167232499,7997757,0.00275600,7.63000000,0
1531167232726,1531167232719,7997758,0.00275600,192.74000000,0
1531167233907,1531167233899,7997759,0.00275700,9.69000000,0
1531167235276,1531167235270,7997760,0.00275600,7.63000000,1
1531167237006,1531167237003,7997761,0.00275600,15.25000000,1
1531167242871,1531167242869,7997762,0.00275500,0.38000000,1
1531167249036,1531167249031,7997763,0.00275600,265.62000000,0
1531167249049,1531167249042,7997764,0.00275600,66.59000000,0
1531167266366,1531167266360,7997765,0.00275500,0.20000000,1
1531167266452,1531167266447,7997766,0.00275600,2.50000000,0
1531167266452,1531167266447,7997767,0.00275700,17.50000000,0
1531167267791,1531167267786,7997768,0.00275500,9.34000000,1
1531167267827,1531167267824,7997769,0.00275400,9.34000000,1
1531167271177,1531167271171,7997770,0.00275600,293.06000000,0
1531167293340,1531167293327,7997771,0.00275500,101.34000000,0
1531167293347,1531167293342,7997772,0.00275600,230.90000000,0
1531167293508,1531167293502,7997773,0.00275500,38.00000000,1
1531167298460,1531167298455,7997774,0.00275500,12.00000000,1
1531167298805,1531167298802,7997775,0.00275600,100.83000000,1
1531167298857,1531167298851,7997776,0.00275600,54.02000000,1
1531167298860,1531167298855,7997777,0.00275600,7.13000000,1
1531167299097,1531167299092,7997778,0.00275600,122.75000000,1
1531167309752,1531167309746,7997779,0.00275700,4.83000000,0
1531167313329,1531167313328,7997780,0.00275600,0.15000000,1
1531167313803,1531167313797,7997781,0.00275600,50.00000000,1
1531167316363,1531167316363,7997782,0.00275700,4.23000000,0
1531167317020,1531167317015,7997783,0.00275600,1.94000000,1
1531167319140,1531167319135,7997784,0.00275600,1.00000000,1
1531167332602,1531167332596,7997785,0.00275600,9.47000000,1
1531167346415,1531167346407,7997786,0.00275700,0.37000000,0
1531167353250,1531167353245,7997787,0.00275600,1.60000000,1
1531167357691,1531167357687,7997788,0.00275600,2.62000000,1
1531167371976,1531167371970,7997789,0.00275700,8.08000000,0
1531167375491,1531167375485,7997790,0.00275600,1.24000000,1
1531167376665,1531167376661,7997791,0.00275600,0.90000000,1
1531167401323,1531167401317,7997792,0.00275600,0.80000000,1
1531167404120,1531167404116,7997793,0.00275700,3.62000000,0
1531167410339,1531167410332,7997794,0.00275600,3.34000000,1
1531167431276,1531167431272,7997795,0.00275600,14.50000000,1
1531167431725,1531167431723,7997796,0.00275600,0.80000000,1
1531167432023,1531167432017,7997797,0.00275600,0.41000000,1
1531167432294,1531167432289,7997798,0.00275600,1.08000000,1
1531167433017,1531167433012,7997799,0.00275600,0.80000000,1
1531167449581,1531167449579,7997800,0.00275600,11.41000000,1
1531167460631,1531167460625,7997801,0.00275600,0.80000000,1
1531167472086,1531167472079,7997802,0.00275600,4.23000000,1
1531167504467,1531167504462,7997803,0.00275700,8.62000000,0
1531167507972,1531167507965,7997804,0.00275600,0.01000000,1
1531167514389,1531167514387,7997805,0.00275600,1.94000000,1
1531167515017,1531167515015,7997806,0.00275600,2.60000000,1
1531167515040,1531167515034,7997807,0.00275600,1.54000000,1
1531167517066,1531167517061,7997808,0.00275600,3.72000000,1
1531167517973,1531167517967,7997809,0.00275700,42.89000000,0
1531167524007,1531167524001,7997810,0.00275700,2.50000000,0
1531167534983,1531167534976,7997811,0.00275600,86.67000000,1
1531167534983,1531167534976,7997812,0.00275400,74.94000000,1
1531167534983,1531167534976,7997813,0.00275200,38.39000000,1
1531167565151,1531167565145,7997814,0.00275500,280.93000000,0
1531167565170,1531167565164,7997815,0.00275500,51.40000000,0
1531167580069,1531167580063,7997816,0.00275500,228.18000000,0
1531167593580,1531167593574,7997817,0.00275400,305.18000000,0
1531167593596,1531167593591,7997818,0.00275400,27.28000000,0
1531167600430,1531167600425,7997819,0.00275400,170.12000000,0
1531167600447,1531167600442,7997820,0.00275400,30.30000000,0
1531167613869,1531167613863,7997821,0.00275500,0.04000000,0
1531167618308,1531167618304,7997822,0.00275400,118.12000000,0
1531167624224,1531167624219,7997823,0.00275400,114.15000000,0
1531167631661,1531167631654,7997824,0.00275400,207.62000000,0
1531167631685,1531167631679,7997825,0.00275400,22.89000000,0
1531167651842,1531167651837,7997826,0.00275400,263.56000000,0
1531167651855,1531167651849,7997827,0.00275400,68.90000000,0
1531167671376,1531167671370,7997828,0.00275400,185.31000000,0
1531167671401,1531167671397,7997829,0.00275400,67.15000000,0
1531167673665,1531167673661,7997830,0.00275300,2.96000000,1
1531167677440,1531167677435,7997831,0.00275400,56.35000000,0
1531167682684,1531167682679,7997832,0.00275400,20.00000000,0
1531167684460,1531167684455,7997833,0.00275300,111.04000000,0
1531167684475,1531167684469,7997834,0.00275400,201.46000000,0
1531167692046,1531167692041,7997835,0.00275400,20.00000000,1
1531167711286,1531167711278,7997836,0.00275200,26.37000000,1
1531167711286,1531167711278,7997837,0.00275100,37.56000000,1
1531167711286,1531167711278,7997838,0.00275000,76.27000000,1
1531167713475,1531167713468,7997839,0.00275400,119.76000000,0
1531167724813,1531167724807,7997840,0.00275300,96.40000000,0
1531167724832,1531167724829,7997841,0.00275300,5.79000000,0
1531167772520,1531167772514,7997842,0.00275300,277.67000000,0
1531167772545,1531167772539,7997843,0.00275300,74.93000000,0
1531167786380,1531167786374,7997844,0.00275300,20.85000000,0
1531167786393,1531167786388,7997845,0.00275300,66.06000000,0
1531167786400,1531167786395,7997846,0.00275300,0.01000000,0
1531167813554,1531167813550,7997847,0.00275300,1.69000000,1
1531167819818,1531167819814,7997848,0.00275400,5.08000000,0
1531167820180,1531167820178,7997849,0.00275500,2.59000000,0
1531167825235,1531167825229,7997850,0.00275500,128.75000000,0
1531167825858,1531167825851,7997851,0.00275500,10.92000000,1
1531167826100,1531167826096,7997852,0.00275500,10.01000000,1
1531167827348,1531167827347,7997853,0.00275500,3.24000000,1
1531167831907,1531167831902,7997854,0.00275500,13.01000000,1
1531167833899,1531167833893,7997855,0.00275500,10.21000000,1
1531167861376,1531167861368,7997856,0.00275500,66.82000000,1
1531167873330,1531167873324,7997857,0.00275500,45.77000000,1
1531167873330,1531167873324,7997858,0.00275100,1.95000000,1
1531167873846,1531167873838,7997859,0.00275500,0.37000000,0
1531167886703,1531167886697,7997860,0.00275500,253.06000000,0
1531167896212,1531167896207,7997861,0.00275400,186.43000000,0
1531167909671,1531167909665,7997862,0.00275400,3.51000000,0
1531167911009,1531167911003,7997863,0.00275400,64.89000000,0
1531167911704,1531167911703,7997864,0.00275400,124.65000000,0
1531167911719,1531167911719,7997865,0.00275400,98.01000000,0
1531167914201,1531167914196,7997866,0.00275500,0.09000000,0
1531167914286,1531167914280,7997867,0.00275400,68.39000000,1
1531167914286,1531167914280,7997868,0.00275200,1.09000000,1
1531167914286,1531167914280,7997869,0.00275100,54.19000000,1
1531167916028,1531167916023,7997870,0.00275500,0.02000000,0
1531167918134,1531167918128,7997871,0.00275200,24.00000000,1
1531167927329,1531167927325,7997872,0.00275400,352.49000000,0
1531167930084,1531167930082,7997873,0.00275500,2.23000000,0
1531167934070,1531167934070,7997874,0.00275500,8.45000000,0
1531167935076,1531167935069,7997875,0.00275400,13.59000000,0
1531167935093,1531167935089,7997876,0.00275400,13.60000000,0
1531167935110,1531167935105,7997877,0.00275400,13.59000000,0
1531167939507,1531167939501,7997878,0.00275300,29.95000000,0
1531167939524,1531167939517,7997879,0.00275400,66.54000000,0
1531167939540,1531167939535,7997880,0.00275400,215.22000000,0
1531167942891,1531167942886,7997881,0.00275400,15.19000000,1
1531167944893,1531167944887,7997882,0.00275400,0.07000000,1
1531167945374,1531167945371,7997883,0.00275400,25.52000000,1
1531167949881,1531167949876,7997884,0.00275300,19.03000000,0
1531167950407,1531167950403,7997885,0.00275300,4.33000000,0
1531167950408,1531167950403,7997886,0.00275300,18.30000000,0
1531167950665,1531167950659,7997887,0.00275300,6.90000000,0
1531167952249,1531167952244,7997888,0.00275300,41.48000000,0
1531167952265,1531167952258,7997889,0.00275400,241.87000000,0
1531167967492,1531167967487,7997890,0.00275400,41.83000000,1
1531167967505,1531167967501,7997891,0.00275300,48.56000000,1
1531167967548,1531167967548,7997892,0.00275300,13.00000000,0
1531167968454,1531167968448,7997893,0.00275300,2.59000000,0
1531167970729,1531167970723,7997894,0.00275300,13.00000000,0
1531167973840,1531167973841,7997895,0.00275300,4.33000000,0
1531167977016,1531167977014,7997896,0.00275300,4.33000000,0
1531167978462,1531167978458,7997897,0.00275300,4.23000000,0
1531167978490,1531167978487,7997898,0.00275400,256.00000000,0
1531167982196,1531167982190,7997899,0.00275300,39.00000000,0
1531167985811,1531167985804,7997900,0.00275300,39.00000000,0
1531167985998,1531167985993,7997901,0.00275300,142.34000000,0
1531167986020,1531167986015,7997902,0.00275300,218.08000000,0
1531167994896,1531167994891,7997903,0.00275400,0.37000000,0
1531167999216,1531167999210,7997904,0.00275300,77.99000000,1
1531167999326,1531167999320,7997905,0.00275300,39.00000000,0
1531168002486,1531168002481,7997906,0.00275300,39.00000000,0
1531168005615,1531168005616,7997907,0.00275300,39.00000000,0
1531168008719,1531168008713,7997908,0.00275300,13.00000000,0
1531168011826,1531168011822,7997909,0.00275300,13.00000000,0
1531168011898,1531168011892,7997910,0.00275200,10.03000000,1
1531168014977,1531168014977,7997911,0.00275300,13.00000000,0
1531168015872,1531168015866,7997912,0.00275300,62.07000000,0
1531168024052,1531168024047,7997913,0.00275300,105.88000000,1
1531168024082,1531168024076,7997914,0.00275300,233.99000000,1
1531168024132,1531168024127,7997915,0.00275300,10.90000000,0
1531168024547,1531168024541,7997916,0.00275300,10.39000000,0
1531168025282,1531168025275,7997917,0.00275300,46.10000000,0
1531168026383,1531168026379,7997918,0.00275300,43.36000000,0
1531168026519,1531168026513,7997919,0.00275300,43.36000000,0
1531168026654,1531168026654,7997920,0.00275300,43.36000000,0
1531168030193,1531168030187,7997921,0.00275300,228.96000000,0
1531168030388,1531168030382,7997922,0.00275300,4.33000000,0
1531168033875,1531168033870,7997923,0.00275300,4.33000000,0
1531168036991,1531168036985,7997924,0.00275300,4.33000000,0
1531168040155,1531168040149,7997925,0.00275300,4.33000000,0
1531168046693,1531168046690,7997926,0.00275300,3.25000000,0
1531168051897,1531168051890,7997927,0.00275300,194.59000000,1
1531168051917,1531168051912,7997928,0.00275300,236.65000000,1
1531168055304,1531168055298,7997929,0.00275400,1.11000000,0
1531168061023,1531168061018,7997930,0.00275300,377.62000000,1
1531168061050,1531168061050,7997931,0.00275300,263.81000000,1
1531168092596,1531168092595,7997932,0.00275300,0.94000000,1
1531168104850,1531168104843,7997933,0.00275300,515.67000000,1
1531168104850,1531168104843,7997934,0.00275200,192.79000000,1
1531168104850,1531168104843,7997935,0.00275100,30.33000000,1
1531168130839,1531168130833,7997936,0.00275300,0.01000000,1
1531168150227,1531168150226,7997937,0.00275300,4.00000000,1
1531168152354,1531168152348,7997938,0.00275300,0.81000000,1
1531168152354,1531168152348,7997939,0.00275100,3.19000000,1
1531168157756,1531168157754,7997940,0.00275100,19.01000000,1
1531168172349,1531168172343,7997941,0.00275200,1.91000000,1
1531168172741,1531168172737,7997942,0.00275200,169.12000000,1
1531168172780,1531168172775,7997943,0.00275200,1.90000000,0
1531168178469,1531168178462,7997944,0.00275200,0.01000000,0
1531168178469,1531168178462,7997945,0.00275400,11.56000000,0
1531168187721,1531168187715,7997946,0.00275200,84.43000000,1
1531168192326,1531168192321,7997947,0.00275400,3.07000000,0
1531168201950,1531168201945,7997948,0.00275300,2.12000000,0
1531168206240,1531168206233,7997949,0.00275100,4.00000000,1
1531168210756,1531168210752,7997950,0.00275200,61.92000000,1
1531168211068,1531168211062,7997951,0.00275400,1.48000000,0
1531168223568,1531168223562,7997952,0.00275200,82.00000000,1
1531168231990,1531168231984,7997953,0.00275100,0.03000000,1
1531168246761,1531168246755,7997954,0.00275200,9.91000000,1
1531168246781,1531168246777,7997955,0.00275200,29.19000000,1
1531168259111,1531168259107,7997956,0.00275200,46.82000000,1
1531168259125,1531168259118,7997957,0.00275200,144.87000000,1
1531168277092,1531168277085,7997958,0.00275200,4.50000000,0
1531168277215,1531168277208,7997959,0.00275300,14.45000000,1
1531168290856,1531168290849,7997960,0.00275200,362.57000000,1
1531168290874,1531168290872,7997961,0.00275200,245.21000000,1
1531168292780,1531168292775,7997962,0.00275200,0.74000000,0
1531168292899,1531168292892,7997963,0.00275100,1.04000000,1
1531168304269,1531168304264,7997964,0.00275100,0.78000000,1
1531168307443,1531168307442,7997965,0.00275100,0.93000000,1
1531168310564,1531168310558,7997966,0.00275100,0.70000000,1
1531168333779,1531168333775,7997967,0.00275200,231.43000000,1
1531168343831,1531168343825,7997968,0.00275200,1.00000000,1
1531168345569,1531168345565,7997969,0.00275200,213.78000000,1
1531168345612,1531168345579,7997970,0.00275200,48.25000000,0
1531168345612,1531168345590,7997971,0.00275200,213.78000000,1
1531168354752,1531168354748,7997972,0.00275200,0.64000000,0
1531168357982,1531168357975,7997973,0.00275100,2.16000000,1
1531168357982,1531168357975,7997974,0.00275000,1.66000000,1
1531168363003,1531168362999,7997975,0.00275100,234.00000000,1
1531168363032,1531168363026,7997976,0.00275200,0.36000000,0
1531168370777,1531168370772,7997977,0.00275200,49.60000000,1
