event_time,trade_time,trade_id,price,quantity,maker
1531160349691,1531160349686,2171117,0.00001255,730.00000000,1
1531160349774,1531160349772,2171118,0.00001255,829.00000000,0
1531160349778,1531160349775,2171119,0.00001255,451.00000000,0
1531160355709,1531160355705,2171120,0.00001254,808.00000000,1
1531160356048,1531160356048,2171121,0.00001254,2502.00000000,0
1531160361691,1531160361688,2171122,0.00001254,134.00000000,0
1531160363433,1531160363429,2171123,0.00001253,99.00000000,1
1531160412844,1531160412841,2171124,0.00001254,387.00000000,0
1531160434008,1531160434007,2171125,0.00001253,3932.00000000,1
1531160449090,1531160449090,2171126,0.00001253,344.00000000,1
1531160450102,1531160450098,2171127,0.00001253,170.00000000,1
1531160452103,1531160452100,2171128,0.00001253,86.00000000,1
1531160479319,1531160479316,2171129,0.00001252,722.00000000,1
1531160479684,1531160479680,2171130,0.00001254,80.00000000,0
1531160501696,1531160501694,2171131,0.00001253,163.00000000,1
1531160509357,1531160509353,2171132,0.00001253,39.00000000,0
1531160509357,1531160509353,2171133,0.00001254,644.00000000,0
1531160565028,1531160565025,2171134,0.00001253,364.00000000,1
1531160605107,1531160605105,2171135,0.00001253,880.00000000,0
1531160620505,1531160620501,2171136,0.00001253,685.00000000,0
1531160620668,1531160620664,2171137,0.00001253,435.00000000,0
1531160632603,1531160632599,2171138,0.00001253,157.00000000,0
1531160638788,1531160638785,2171139,0.00001253,315.00000000,0
1531160640343,1531160640340,2171140,0.00001253,157.00000000,0
1531160650423,1531160650419,2171141,0.00001253,2533.00000000,0
1531160652624,1531160652620,2171142,0.00001252,685.00000000,1
1531160666690,1531160666686,2171143,0.00001253,685.00000000,0
1531160667007,1531160667003,2171144,0.00001253,4017.00000000,0
1531160670013,1531160670009,2171145,0.00001254,8867.00000000,0
1531160672004,1531160672002,2171146,0.00001254,2268.00000000,0
1531160673995,1531160673991,2171147,0.00001254,5465.00000000,0
1531160674701,1531160674698,2171148,0.00001254,157.00000000,0
1531160675164,1531160675161,2171149,0.00001254,410.00000000,0
1531160677004,1531160677000,2171150,0.00001254,283.00000000,0
1531160677631,1531160677627,2171151,0.00001253,685.00000000,1
1531160678850,1531160678846,2171152,0.00001254,142.00000000,0
1531160682148,1531160682144,2171153,0.00001254,630.00000000,0
1531160685211,1531160685208,2171154,0.00001255,303.00000000,0
1531160778728,1531160778725,2171155,0.00001253,859.00000000,1
1531160779874,1531160779873,2171156,0.00001254,1544.00000000,0
1531160800026,1531160800022,2171157,0.00001255,4331.00000000,0
1531160801070,1531160801066,2171158,0.00001255,684.00000000,1
1531160801070,1531160801066,2171159,0.00001254,1303.00000000,1
1531160802171,1531160802169,2171160,0.00001255,451.00000000,0
1531160804010,1531160804008,2171161,0.00001255,4331.00000000,0
1531160817992,1531160817989,2171162,0.00001255,684.00000000,1
1531160824330,1531160824326,2171163,0.00001256,120.00000000,0
1531160839801,1531160839798,2171164,0.00001256,6047.00000000,0
1531160841078,1531160841074,2171165,0.00001257,4331.00000000,1
1531160844997,1531160844994,2171166,0.00001257,546.00000000,1
1531160844997,1531160844994,2171167,0.00001256,3785.00000000,1
1531160847890,1531160847886,2171168,0.00001257,4331.00000000,1
1531160851209,1531160851205,2171169,0.00001257,4331.00000000,1
1531160853875,1531160853871,2171170,0.00001257,2514.00000000,1
1531160855160,1531160855156,2171171,0.00001256,3263.00000000,1
1531160855191,1531160855187,2171172,0.00001255,4331.00000000,1
1531160856881,1531160856879,2171173,0.00001256,4331.00000000,1
1531160858171,1531160858168,2171174,0.00001256,618.00000000,1
1531160860439,1531160860436,2171175,0.00001256,462.00000000,1
1531160860751,1531160860748,2171176,0.00001256,682.00000000,0
1531160862175,1531160862172,2171177,0.00001255,4331.00000000,1
1531160862203,1531160862200,2171178,0.00001255,696.00000000,1
1531160868893,1531160868889,2171179,0.00001255,4506.00000000,1
1531160873026,1531160873022,2171180,0.00001255,4461.00000000,1
1531160875871,1531160875867,2171181,0.00001255,4429.00000000,1
1531160878806,1531160878804,2171182,0.00001254,4331.00000000,0
1531160882184,1531160882179,2171183,0.00001254,978.00000000,0
1531160901422,1531160901419,2171184,0.00001254,7715.00000000,1
1531160904414,1531160904410,2171185,0.00001253,2389.00000000,0
1531160904414,1531160904410,2171186,0.00001254,1084.00000000,0
1531160907166,1531160907161,2171187,0.00001253,4702.00000000,0
1531160921032,1531160921027,2171188,0.00001253,369.00000000,0
1531160944997,1531160944994,2171189,0.00001252,682.00000000,1
1531160952911,1531160952909,2171190,0.00001253,500.00000000,0
1531160955087,1531160955083,2171191,0.00001253,682.00000000,0
1531160959161,1531160959156,2171192,0.00001253,127.00000000,0
1531160966375,1531160966371,2171193,0.00001253,119.00000000,0
1531160982941,1531160982938,2171194,0.00001253,95.00000000,0
1531161102916,1531161102914,2171195,0.00001252,682.00000000,1
1531161110823,1531161110819,2171196,0.00001253,1061.00000000,0
1531161130728,1531161130725,2171197,0.00001253,451.00000000,0
1531161273986,1531161273982,2171198,0.00001253,500.00000000,0
1531161278638,1531161278633,2171199,0.00001253,91.00000000,0
1531161278888,1531161278884,2171200,0.00001253,5404.00000000,0
1531161279897,1531161279892,2171201,0.00001253,588.00000000,0
1531161281044,1531161281040,2171202,0.00001253,294.00000000,0
1531161281884,1531161281880,2171203,0.00001254,4331.00000000,0
1531161282885,1531161282884,2171204,0.00001255,809.00000000,0
1531161283046,1531161283042,2171205,0.00001260,64.00000000,0
1531161284880,1531161284875,2171206,0.00001257,661.00000000,0
1531161285394,1531161285393,2171207,0.00001256,4331.00000000,1
1531161286201,1531161286197,2171208,0.00001256,1055.00000000,1
1531161329029,1531161329024,2171209,0.00001256,4296.00000000,1
1531161336196,1531161336194,2171210,0.00001257,5978.00000000,0
1531161339484,1531161339481,2171211,0.00001258,512.00000000,1
1531161340067,1531161340065,2171212,0.00001258,2705.00000000,1
1531161340067,1531161340065,2171213,0.00001257,498.00000000,1
1531161340189,1531161340186,2171214,0.00001257,1128.00000000,0
1531161347202,1531161347197,2171215,0.00001258,7985.00000000,0
1531161349203,1531161349201,2171216,0.00001258,4331.00000000,0
1531161353039,1531161353036,2171217,0.00001258,6267.00000000,0
1531161356903,1531161356900,2171218,0.00001259,7235.00000000,0
1531161358208,1531161358203,2171219,0.00001259,1452.00000000,0
1531161360049,1531161360045,2171220,0.00001259,726.00000000,0
1531161361039,1531161361035,2171221,0.00001260,1001.00000000,0
1531161361192,1531161361188,2171222,0.00001259,363.00000000,0
1531161361566,1531161361561,2171223,0.00001259,3471.00000000,1
1531161363035,1531161363030,2171224,0.00001259,4513.00000000,0
1531161364033,1531161364029,2171225,0.00001260,3471.00000000,0
1531161365888,1531161365885,2171226,0.00001259,3765.00000000,0
1531161366890,1531161366887,2171227,0.00001260,4331.00000000,0
1531161367550,1531161367547,2171228,0.00001260,91.00000000,0
1531161367973,1531161367970,2171229,0.00001260,4331.00000000,1
1531161367989,1531161367987,2171230,0.00001260,1176.00000000,1
1531161367993,1531161367988,2171231,0.00001259,2076.00000000,1
1531161368054,1531161368049,2171232,0.00001260,900.00000000,0
1531161368054,1531161368049,2171233,0.00001261,23952.00000000,0
1531161368202,1531161368198,2171234,0.00001260,900.00000000,0
1531161368229,1531161368226,2171235,0.00001260,900.00000000,0
1531161368261,1531161368258,2171236,0.00001260,276.00000000,0
1531161368261,1531161368258,2171237,0.00001261,624.00000000,0
1531161368285,1531161368283,2171238,0.00001261,276.00000000,0
1531161368398,1531161368395,2171239,0.00001259,380.00000000,1
1531161369156,1531161369151,2171240,0.00001260,451.00000000,0
1531161369204,1531161369200,2171241,0.00001261,896.00000000,0
1531161369233,1531161369229,2171242,0.00001261,896.00000000,0
1531161369241,1531161369237,2171243,0.00001261,896.00000000,0
1531161369254,1531161369249,2171244,0.00001261,156.00000000,0
1531161369254,1531161369249,2171245,0.00001262,740.00000000,0
1531161369277,1531161369274,2171246,0.00001262,156.00000000,0
1531161370900,1531161370896,2171247,0.00001263,1648.00000000,0
1531161371494,1531161371491,2171248,0.00001263,499.00000000,1
1531161372153,1531161372151,2171249,0.00001263,3765.00000000,1
1531161372194,1531161372189,2171250,0.00001261,566.00000000,0
1531161372248,1531161372245,2171251,0.00001264,1156.00000000,0
1531161373604,1531161373601,2171252,0.00001263,1577.00000000,0
1531161373699,1531161373695,2171253,0.00001263,1129.00000000,0
1531161375043,1531161375039,2171254,0.00001263,1353.00000000,0
1531161375898,1531161375894,2171255,0.00001263,5008.00000000,0
1531161377900,1531161377896,2171256,0.00001263,2794.00000000,0
1531161380028,1531161380022,2171257,0.00001264,4500.00000000,0
1531161380824,1531161380820,2171258,0.00001263,3774.00000000,1
1531161380900,1531161380896,2171259,0.00001264,85.00000000,0
1531161381892,1531161381887,2171260,0.00001265,1056.00000000,0
1531161383884,1531161383880,2171261,0.00001264,5032.00000000,0
1531161385093,1531161385088,2171262,0.00001266,198.00000000,0
1531161385093,1531161385088,2171263,0.00001267,183.00000000,0
1531161387044,1531161387040,2171264,0.00001265,351.00000000,0
1531161388015,1531161388010,2171265,0.00001265,588.00000000,1
1531161389132,1531161389128,2171266,0.00001267,337.00000000,0
1531161390164,1531161390159,2171267,0.00001268,661.00000000,0
1531161390203,1531161390199,2171268,0.00001268,12296.00000000,1
1531161395185,1531161395182,2171269,0.00001267,88.00000000,0
1531161395296,1531161395291,2171270,0.00001267,473.00000000,1
1531161396204,1531161396199,2171271,0.00001268,5111.00000000,1
1531161396239,1531161396239,2171272,0.00001267,740.00000000,1
1531161424485,1531161424482,2171273,0.00001268,119.00000000,0
1531161426733,1531161426728,2171274,0.00001268,5210.00000000,0
1531161448210,1531161448206,2171275,0.00001268,2327.00000000,0
1531161448233,1531161448228,2171276,0.00001269,302.00000000,0
1531161450202,1531161450198,2171277,0.00001269,650.00000000,0
1531161451286,1531161451283,2171278,0.00001267,12957.00000000,1
1531161452206,1531161452206,2171279,0.00001269,325.00000000,0
1531161455928,1531161455919,2171280,0.00001269,4331.00000000,1
1531161482306,1531161482302,2171281,0.00001269,285.00000000,1
1531161484515,1531161484511,2171282,0.00001270,2850.00000000,0
1531161512395,1531161512389,2171283,0.00001270,6242.00000000,0
1531161512501,1531161512498,2171284,0.00001270,382.00000000,1
1531161512695,1531161512690,2171285,0.00001271,1808.00000000,1
1531161513446,1531161513441,2171286,0.00001271,382.00000000,1
1531161514674,1531161514669,2171287,0.00001271,824.00000000,1
1531161541206,1531161541200,2171288,0.00001272,2795.00000000,0
1531161542205,1531161542204,2171289,0.00001272,1412.00000000,0
1531161544204,1531161544200,2171290,0.00001272,706.00000000,0
1531161545211,1531161545208,2171291,0.00001272,353.00000000,0
1531161547206,1531161547200,2171292,0.00001272,176.00000000,0
1531161548206,1531161548201,2171293,0.00001272,88.00000000,0
1531161573805,1531161573801,2171294,0.00001273,1692.00000000,0
1531161573857,1531161573851,2171295,0.00001273,187.00000000,1
1531161580895,1531161580893,2171296,0.00001274,285.00000000,0
1531161581470,1531161581465,2171297,0.00001275,3487.00000000,0
1531161581568,1531161581563,2171298,0.00001275,203.00000000,1
1531161581568,1531161581563,2171299,0.00001274,178.00000000,1
1531161583568,1531161583564,2171300,0.00001274,262.00000000,1
1531161595968,1531161595963,2171301,0.00001274,250.00000000,1
1531161598457,1531161598453,2171302,0.00001274,51.00000000,1
1531161602218,1531161602213,2171303,0.00001275,80.00000000,0
1531161611364,1531161611361,2171304,0.00001275,1181.00000000,0
1531161612270,1531161612266,2171305,0.00001275,325.00000000,0
1531161612270,1531161612266,2171306,0.00001276,69.00000000,0
1531161613883,1531161613878,2171307,0.00001275,1026.00000000,1
1531161614215,1531161614213,2171308,0.00001275,1026.00000000,1
1531161614569,1531161614566,2171309,0.00001275,193.00000000,1
1531161614658,1531161614653,2171310,0.00001275,1026.00000000,1
1531161614977,1531161614975,2171311,0.00001275,1133.00000000,1
1531161615108,1531161615102,2171312,0.00001275,1133.00000000,1
1531161615906,1531161615902,2171313,0.00001275,960.00000000,1
1531161617056,1531161617054,2171314,0.00001275,1026.00000000,0
1531161617056,1531161617054,2171315,0.00001276,107.00000000,0
1531161619905,1531161619900,2171316,0.00001275,1026.00000000,1
1531161620010,1531161620006,2171317,0.00001274,1877.00000000,1
1531161621910,1531161621906,2171318,0.00001275,2347.00000000,1
1531161622554,1531161622550,2171319,0.00001275,2903.00000000,1
1531161623992,1531161623987,2171320,0.00001275,620.00000000,1
1531161625901,1531161625897,2171321,0.00001274,11414.00000000,1
1531161625923,1531161625918,2171322,0.00001275,4566.00000000,0
1531161626984,1531161626978,2171323,0.00001275,46258.00000000,1
1531161627243,1531161627240,2171324,0.00001275,3007.00000000,1
1531161628743,1531161628738,2171325,0.00001275,1504.00000000,0
1531161628906,1531161628903,2171326,0.00001274,4331.00000000,1
1531161629394,1531161629390,2171327,0.00001273,471.00000000,1
1531161630910,1531161630907,2171328,0.00001274,754.00000000,1
1531161630910,1531161630907,2171329,0.00001273,4185.00000000,1
1531161631733,1531161631728,2171330,0.00001273,471.00000000,1
1531161632240,1531161632235,2171331,0.00001274,375.00000000,1
1531161632905,1531161632900,2171332,0.00001273,6491.00000000,1
1531161633452,1531161633448,2171333,0.00001272,945.00000000,1
1531161634144,1531161634139,2171334,0.00001273,189.00000000,1
1531161634144,1531161634139,2171335,0.00001272,125.00000000,1
1531161635892,1531161635888,2171336,0.00001273,1811.00000000,1
1531161637190,1531161637188,2171337,0.00001273,390.00000000,0
1531161637288,1531161637287,2171338,0.00001272,4331.00000000,1
1531161637745,1531161637740,2171339,0.00001271,303.00000000,1
1531161638999,1531161638993,2171340,0.00001272,243.00000000,1
1531161639896,1531161639891,2171341,0.00001272,120.00000000,1
1531161641234,1531161641232,2171342,0.00001272,5105.00000000,0
1531161642568,1531161642565,2171343,0.00001272,2459.00000000,0
1531161643244,1531161643239,2171344,0.00001272,437.00000000,0
1531161643246,1531161643241,2171345,0.00001272,2124.00000000,0
1531161643613,1531161643609,2171346,0.00001273,51.00000000,0
1531161644293,1531161644290,2171347,0.00001272,3737.00000000,0
1531161645231,1531161645225,2171348,0.00001272,2.00000000,0
1531161645920,1531161645916,2171349,0.00001272,3738.00000000,1
1531161647240,1531161647238,2171350,0.00001272,3751.00000000,0
1531161647544,1531161647539,2171351,0.00001272,3738.00000000,0
1531161663631,1531161663626,2171352,0.00001273,118.00000000,0
1531161682235,1531161682230,2171353,0.00001273,786.00000000,0
1531161754914,1531161754912,2171354,0.00001273,1889.00000000,0
1531161757889,1531161757885,2171355,0.00001272,1574.00000000,1
1531161933274,1531161933269,2171356,0.00001273,7067.00000000,0
1531161937292,1531161937288,2171357,0.00001273,680.00000000,1
1531161940038,1531161940032,2171358,0.00001273,3960.00000000,1
1531161941282,1531161941277,2171359,0.00001273,4066.00000000,0
1531161942268,1531161942264,2171360,0.00001273,2702.00000000,0
1531162002152,1531162002147,2171361,0.00001274,7255.00000000,0
1531162003001,1531162002998,2171362,0.00001274,676.00000000,1
1531162004107,1531162004104,2171363,0.00001275,5423.00000000,1
1531162005298,1531162005290,2171364,0.00001274,4970.00000000,1
1531162006272,1531162006268,2171365,0.00001274,4417.00000000,1
1531162006294,1531162006291,2171366,0.00001273,4983.00000000,1
1531162008957,1531162008952,2171367,0.00001273,4331.00000000,1
1531162009278,1531162009275,2171368,0.00001274,1104.00000000,1
1531162010955,1531162010951,2171369,0.00001274,1658.00000000,1
1531162012101,1531162012096,2171370,0.00001273,8082.00000000,1
1531162013281,1531162013276,2171371,0.00001273,5114.00000000,0
1531162013374,1531162013369,2171372,0.00001272,436.00000000,1
1531162014273,1531162014269,2171373,0.00001273,4300.00000000,0
1531162016271,1531162016269,2171374,0.00001273,2150.00000000,0
1531162018283,1531162018279,2171375,0.00001273,1075.00000000,0
1531162019282,1531162019278,2171376,0.00001273,537.00000000,0
1531162021274,1531162021271,2171377,0.00001273,269.00000000,0
1531162023275,1531162023269,2171378,0.00001273,3885.00000000,0
1531162036904,1531162036901,2171379,0.00001273,1983.00000000,1
1531162063771,1531162063766,2171380,0.00001273,12454.00000000,1
1531162064402,1531162064400,2171381,0.00001273,447.00000000,0
1531162071290,1531162071285,2171382,0.00001273,3353.00000000,1
1531162071290,1531162071285,2171383,0.00001272,4331.00000000,1
1531162073278,1531162073274,2171384,0.00001272,1901.00000000,1
1531162074288,1531162074282,2171385,0.00001272,949.00000000,1
1531162076279,1531162076275,2171386,0.00001273,476.00000000,1
1531162077274,1531162077271,2171387,0.00001273,236.00000000,1
1531162078910,1531162078906,2171388,0.00001273,120.00000000,0
1531162079278,1531162079274,2171389,0.00001272,4331.00000000,1
1531162088817,1531162088812,2171390,0.00001273,200.00000000,0
1531162124905,1531162124903,2171391,0.00001273,12901.00000000,0
1531162182293,1531162182289,2171392,0.00001272,5162.00000000,1
1531162182315,1531162182310,2171393,0.00001271,20885.00000000,1
1531162182346,1531162182341,2171394,0.00001271,12149.00000000,1
1531162182368,1531162182365,2171395,0.00001270,4402.00000000,1
1531162184291,1531162184285,2171396,0.00001270,418.00000000,1
1531162185294,1531162185289,2171397,0.00001271,208.00000000,1
1531162186027,1531162186022,2171398,0.00001270,1168.00000000,1
1531162186027,1531162186022,2171399,0.00001269,654.00000000,1
1531162186377,1531162186373,2171400,0.00001269,4331.00000000,0
1531162190414,1531162190411,2171401,0.00001269,4331.00000000,0
1531162192561,1531162192556,2171402,0.00001269,4331.00000000,0
1531162193619,1531162193613,2171403,0.00001268,506.00000000,1
1531162194295,1531162194289,2171404,0.00001267,4728.00000000,0
1531162194834,1531162194830,2171405,0.00001267,3374.00000000,1
1531162195290,1531162195287,2171406,0.00001267,724.00000000,0
1531162196172,1531162196169,2171407,0.00001268,3245.00000000,0
1531162202573,1531162202569,2171408,0.00001269,21.00000000,0
1531162221820,1531162221815,2171409,0.00001268,1716.00000000,1
1531162247637,1531162247633,2171410,0.00001269,8046.00000000,0
1531162248299,1531162248294,2171411,0.00001270,1874.00000000,1
1531162248470,1531162248466,2171412,0.00001269,4331.00000000,1
1531162250306,1531162250303,2171413,0.00001270,3799.00000000,1
1531162272358,1531162272356,2171414,0.00001270,336.00000000,0
1531162285715,1531162285710,2171415,0.00001269,1206.00000000,1
1531162290536,1531162290530,2171416,0.00001269,1223.00000000,1
1531162304197,1531162304193,2171417,0.00001269,2528.00000000,1
1531162309223,1531162309217,2171418,0.00001269,2169.00000000,1
1531162318402,1531162318398,2171419,0.00001269,1371.00000000,0
1531162343332,1531162343329,2171420,0.00001268,4807.00000000,1
1531162345345,1531162345342,2171421,0.00001268,4570.00000000,1
1531162349322,1531162349318,2171422,0.00001268,4331.00000000,1
1531162352334,1531162352330,2171423,0.00001268,4331.00000000,1
1531162379055,1531162379050,2171424,0.00001268,3482.00000000,1
1531162379339,1531162379336,2171425,0.00001268,967.00000000,1
1531162381663,1531162381659,2171426,0.00001267,1590.00000000,0
1531162392249,1531162392245,2171427,0.00001267,5525.00000000,0
1531162393339,1531162393335,2171428,0.00001267,1773.00000000,0
1531162397338,1531162397335,2171429,0.00001268,4836.00000000,0
1531162399347,1531162399343,2171430,0.00001268,2418.00000000,0
1531162401339,1531162401334,2171431,0.00001268,1209.00000000,0
1531162401668,1531162401663,2171432,0.00001269,922.00000000,0
1531162402340,1531162402335,2171433,0.00001268,604.00000000,0
1531162423095,1531162423090,2171434,0.00001269,5465.00000000,0
1531162425636,1531162425631,2171435,0.00001269,4169.00000000,0
1531162427416,1531162427413,2171436,0.00001268,5465.00000000,1
1531162433685,1531162433680,2171437,0.00001269,6606.00000000,0
1531162434332,1531162434331,2171438,0.00001269,1897.00000000,1
1531162470376,1531162470370,2171439,0.00001270,6211.00000000,0
1531162470376,1531162470370,2171440,0.00001271,8097.00000000,0
1531162472354,1531162472349,2171441,0.00001271,474.00000000,0
1531162473341,1531162473336,2171442,0.00001271,237.00000000,0
1531162474224,1531162474219,2171443,0.00001271,3660.00000000,0
1531162474345,1531162474341,2171444,0.00001271,671.00000000,0
1531162475148,1531162475144,2171445,0.00001270,119.00000000,0
1531162482861,1531162482857,2171446,0.00001271,199.00000000,1
1531162483700,1531162483695,2171447,0.00001271,8029.00000000,1
1531162597397,1531162597392,2171448,0.00001272,1220.00000000,0
1531162614348,1531162614343,2171449,0.00001272,4345.00000000,0
1531162614378,1531162614374,2171450,0.00001272,9602.00000000,0
1531162615355,1531162615350,2171451,0.00001272,1324.00000000,0
1531162615383,1531162615378,2171452,0.00001273,652.00000000,0
1531162617435,1531162617430,2171453,0.00001275,662.00000000,0
1531162617435,1531162617430,2171454,0.00001276,124.00000000,0
1531162617674,1531162617669,2171455,0.00001273,3719.00000000,1
1531162618361,1531162618356,2171456,0.00001273,612.00000000,0
1531162621358,1531162621353,2171457,0.00001273,1095.00000000,0
1531162622358,1531162622354,2171458,0.00001273,1643.00000000,0
1531162623764,1531162623759,2171459,0.00001273,686.00000000,0
1531162624134,1531162624130,2171460,0.00001273,135.00000000,0
1531162630756,1531162630751,2171461,0.00001274,411.00000000,0
1531162631351,1531162631346,2171462,0.00001274,7662.00000000,1
1531162642019,1531162642015,2171463,0.00001274,1217.00000000,0
1531162711110,1531162711106,2171464,0.00001274,784.00000000,0
1531162797843,1531162797837,2171465,0.00001274,83.00000000,0
1531162818370,1531162818366,2171466,0.00001273,11038.00000000,1
1531162822025,1531162822019,2171467,0.00001273,119.00000000,1
1531162822372,1531162822368,2171468,0.00001273,5607.00000000,1
1531162826002,1531162825995,2171469,0.00001272,3771.00000000,0
1531162826002,1531162825995,2171470,0.00001273,560.00000000,0
1531162827739,1531162827736,2171471,0.00001272,3457.00000000,0
1531162828360,1531162828355,2171472,0.00001273,2932.00000000,1
1531162830359,1531162830354,2171473,0.00001273,4241.00000000,1
1531162860768,1531162860764,2171474,0.00001272,6453.00000000,1
1531162862790,1531162862785,2171475,0.00001271,744.00000000,0
1531162863370,1531162863365,2171476,0.00001271,3374.00000000,0
1531162863393,1531162863388,2171477,0.00001271,399.00000000,0
1531163074860,1531163074855,2171478,0.00001271,2533.00000000,1
1531163263464,1531163263459,2171479,0.00001271,932.00000000,1
1531163289233,1531163289230,2171480,0.00001271,2050.00000000,1
1531163350373,1531163350367,2171481,0.00001272,12181.00000000,0
1531163352821,1531163352818,2171482,0.00001272,4331.00000000,1
1531163355392,1531163355385,2171483,0.00001272,4331.00000000,1
1531163358570,1531163358565,2171484,0.00001272,4331.00000000,1
1531163411515,1531163411511,2171485,0.00001272,4213.00000000,1
1531163448670,1531163448665,2171486,0.00001272,786.00000000,0
1531163464441,1531163464434,2171487,0.00001271,7834.00000000,1
1531163464441,1531163464434,2171488,0.00001270,1467.00000000,1
1531163464499,1531163464496,2171489,0.00001269,654.00000000,1
1531163465434,1531163465427,2171490,0.00001269,2150.00000000,1
1531163467438,1531163467432,2171491,0.00001270,4331.00000000,1
1531163470435,1531163470430,2171492,0.00001271,538.00000000,1
1531163470435,1531163470430,2171493,0.00001270,4331.00000000,1
1531163472446,1531163472442,2171494,0.00001269,804.00000000,1
1531163473437,1531163473434,2171495,0.00001269,4734.00000000,1
1531163475431,1531163475426,2171496,0.00001269,201.00000000,1
1531163477440,1531163477433,2171497,0.00001269,854.00000000,1
1531163487202,1531163487196,2171498,0.00001269,8161.00000000,0
1531163487754,1531163487752,2171499,0.00001269,2264.00000000,1
1531163491639,1531163491633,2171500,0.00001269,2914.00000000,0
1531163496406,1531163496402,2171501,0.00001269,3721.00000000,0
1531163500201,1531163500195,2171502,0.00001269,4921.00000000,0
1531163514948,1531163514945,2171503,0.00001269,930.00000000,0
1531163518387,1531163518381,2171504,0.00001269,465.00000000,0
1531163518387,1531163518381,2171505,0.00001270,4474.00000000,0
1531163520448,1531163520444,2171506,0.00001269,233.00000000,0
1531163525559,1531163525553,2171507,0.00001269,2238.00000000,0
1531163525559,1531163525553,2171508,0.00001270,4331.00000000,0
1531163530606,1531163530600,2171509,0.00001270,4331.00000000,0
1531163535430,1531163535426,2171510,0.00001270,4331.00000000,0
1531163555282,1531163555276,2171511,0.00001271,4331.00000000,0
1531163558518,1531163558513,2171512,0.00001271,4331.00000000,0
1531163558518,1531163558513,2171513,0.00001272,16398.00000000,0
1531163564399,1531163564393,2171514,0.00001271,4331.00000000,0
1531163567766,1531163567761,2171515,0.00001272,4331.00000000,0
1531163570832,1531163570827,2171516,0.00001272,4331.00000000,0
1531163576648,1531163576642,2171517,0.00001272,4331.00000000,0
1531163576648,1531163576642,2171518,0.00001273,751.00000000,0
1531163576648,1531163576642,2171519,0.00001274,166.00000000,0
1531163576648,1531163576642,2171520,0.00001275,5041.00000000,0
1531163580735,1531163580730,2171521,0.00001274,133.00000000,0
1531163583437,1531163583432,2171522,0.00001273,4244.00000000,1
1531163584153,1531163584147,2171523,0.00001273,2180.00000000,0
1531163590580,1531163590575,2171524,0.00001274,7316.00000000,0
1531163608267,1531163608261,2171525,0.00001273,1314.00000000,1
1531163616416,1531163616411,2171526,0.00001274,1090.00000000,0
1531163619608,1531163619602,2171527,0.00001274,1202.00000000,0
1531163624909,1531163624903,2171528,0.00001274,601.00000000,0
1531163624909,1531163624903,2171529,0.00001275,4955.00000000,0
1531163624909,1531163624903,2171530,0.00001276,47961.00000000,0
1531163637662,1531163637658,2171531,0.00001275,784.00000000,0
1531163640449,1531163640443,2171532,0.00001274,150.00000000,0
1531163680014,1531163680008,2171533,0.00001275,4331.00000000,0
1531163684466,1531163684460,2171534,0.00001275,21955.00000000,1
1531163684494,1531163684490,2171535,0.00001274,4331.00000000,1
1531163684521,1531163684515,2171536,0.00001273,652.00000000,1
1531163685439,1531163685435,2171537,0.00001274,3308.00000000,1
1531163685444,1531163685439,2171538,0.00001274,1023.00000000,1
1531163687450,1531163687446,2171539,0.00001273,3709.00000000,1
1531163711460,1531163711453,2171540,0.00001274,1654.00000000,0
1531163713469,1531163713466,2171541,0.00001274,2681.00000000,0
1531163714467,1531163714463,2171542,0.00001274,1341.00000000,0
1531163716477,1531163716471,2171543,0.00001274,670.00000000,0
1531163718457,1531163718451,2171544,0.00001274,335.00000000,0
1531163719460,1531163719456,2171545,0.00001274,168.00000000,0
1531163721037,1531163721030,2171546,0.00001274,84.00000000,0
1531163729815,1531163729808,2171547,0.00001274,794.00000000,1
1531163741560,1531163741556,2171548,0.00001274,9159.00000000,1
1531163756626,1531163756621,2171549,0.00001273,1887.00000000,1
1531163802352,1531163802347,2171550,0.00001273,6000.00000000,1
1531163847536,1531163847533,2171551,0.00001274,306.00000000,0
1531163905243,1531163905238,2171552,0.00001273,80.00000000,1
1531163911025,1531163911019,2171553,0.00001273,6595.00000000,1
1531163915045,1531163915040,2171554,0.00001273,3916.00000000,0
1531163915491,1531163915485,2171555,0.00001273,1001.00000000,1
1531163917047,1531163917042,2171556,0.00001272,4331.00000000,0
1531163919028,1531163919022,2171557,0.00001271,80.00000000,1
1531163920060,1531163920054,2171558,0.00001272,4051.00000000,0
1531163922386,1531163922379,2171559,0.00001273,2373.00000000,0
1531163922386,1531163922379,2171560,0.00001274,10356.00000000,0
1531163922387,1531163922379,2171561,0.00001275,3707.00000000,0
1531163922387,1531163922379,2171562,0.00001276,2295.00000000,0
1531163922387,1531163922379,2171563,0.00001277,44136.00000000,0
1531163922428,1531163922424,2171564,0.00001277,140.00000000,1
1531163922436,1531163922434,2171565,0.00001277,308.00000000,1
1531163922486,1531163922481,2171566,0.00001277,3350.00000000,1
1531163922493,1531163922487,2171567,0.00001278,2779.00000000,0
1531163922670,1531163922665,2171568,0.00001278,3260.00000000,1
1531163922670,1531163922665,2171569,0.00001277,1071.00000000,1
1531163922675,1531163922669,2171570,0.00001277,2001.00000000,1
1531163922699,1531163922691,2171571,0.00001277,2001.00000000,1
1531163922798,1531163922791,2171572,0.00001277,2825.00000000,1
1531163923301,1531163923295,2171573,0.00001278,2816.00000000,0
1531163923461,1531163923458,2171574,0.00001279,5670.00000000,0
1531163923492,1531163923485,2171575,0.00001279,7121.00000000,0
1531163923517,1531163923512,2171576,0.00001280,8604.00000000,0
1531163923548,1531163923544,2171577,0.00001281,13908.00000000,0
1531163923579,1531163923573,2171578,0.00001282,13743.00000000,0
1531163923610,1531163923603,2171579,0.00001283,10262.00000000,0
1531163923632,1531163923626,2171580,0.00001284,130.00000000,0
1531163925492,1531163925487,2171581,0.00001282,4331.00000000,0
1531163925706,1531163925704,2171582,0.00001284,2816.00000000,0
1531163925706,1531163925704,2171583,0.00001285,8565.00000000,0
1531163925746,1531163925740,2171584,0.00001285,141.00000000,1
1531163925768,1531163925764,2171585,0.00001285,306.00000000,1
1531163925796,1531163925792,2171586,0.00001285,4068.00000000,1
1531163925919,1531163925914,2171587,0.00001285,3755.00000000,1
1531163926255,1531163926247,2171588,0.00001285,218.00000000,0
1531163926508,1531163926505,2171589,0.00001283,1168.00000000,0
1531163926566,1531163926559,2171590,0.00001285,1408.00000000,0
1531163926566,1531163926559,2171591,0.00001286,1442.00000000,0
1531163926566,1531163926559,2171592,0.00001287,502.00000000,0
1531163926566,1531163926559,2171593,0.00001288,314.00000000,0
1531163926566,1531163926559,2171594,0.00001289,2364.00000000,0
1531163926566,1531163926559,2171595,0.00001290,1671.00000000,0
1531163926933,1531163926926,2171596,0.00001290,92.00000000,0
1531163930010,1531163930006,2171597,0.00001287,352.00000000,1
1531163931497,1531163931495,2171598,0.00001287,4003.00000000,1
1531163931567,1531163931564,2171599,0.00001287,704.00000000,1
1531163933169,1531163933164,2171600,0.00001288,2354.00000000,1
1531163933225,1531163933219,2171601,0.00001289,511.00000000,0
1531163933495,1531163933488,2171602,0.00001288,2644.00000000,1
1531163934501,1531163934496,2171603,0.00001288,3576.00000000,1
1531163934536,1531163934532,2171604,0.00001287,3627.00000000,1
1531163934769,1531163934762,2171605,0.00001289,3674.00000000,0
1531163935009,1531163935003,2171606,0.00001287,390.00000000,1
1531163935500,1531163935495,2171607,0.00001287,3941.00000000,1
1531163937614,1531163937609,2171608,0.00001287,2362.00000000,1
1531163938493,1531163938488,2171609,0.00001287,1969.00000000,1
1531163938516,1531163938509,2171610,0.00001286,2995.00000000,1
1531163939756,1531163939749,2171611,0.00001285,181.00000000,1
1531163940557,1531163940552,2171612,0.00001286,80.00000000,1
1531163941493,1531163941486,2171613,0.00001286,840.00000000,1
1531163942502,1531163942497,2171614,0.00001286,459.00000000,1
1531163942815,1531163942809,2171615,0.00001285,227.00000000,1
1531163943907,1531163943901,2171616,0.00001287,229.00000000,1
1531163944003,1531163943998,2171617,0.00001286,4331.00000000,1
1531163944003,1531163943998,2171618,0.00001285,68.00000000,1
1531163944490,1531163944482,2171619,0.00001285,170.00000000,1
1531163944490,1531163944482,2171620,0.00001280,1.00000000,1
1531163945693,1531163945686,2171621,0.00001285,4331.00000000,0
1531163947497,1531163947489,2171622,0.00001283,4940.00000000,0
1531163947709,1531163947703,2171623,0.00001281,116.00000000,1
1531163948493,1531163948488,2171624,0.00001284,1153.00000000,0
1531163949427,1531163949421,2171625,0.00001284,402.00000000,1
1531163950291,1531163950285,2171626,0.00001284,318.00000000,1
1531163953056,1531163953050,2171627,0.00001284,2347.00000000,1
1531163953495,1531163953491,2171628,0.00001283,1330.00000000,0
1531163953994,1531163953989,2171629,0.00001282,106.00000000,1
1531163955504,1531163955500,2171630,0.00001283,3169.00000000,0
1531163955535,1531163955532,2171631,0.00001284,1984.00000000,0
1531163955657,1531163955653,2171632,0.00001286,158.00000000,0
1531163955665,1531163955658,2171633,0.00001286,158.00000000,0
1531163956504,1531163956500,2171634,0.00001284,4331.00000000,0
1531163957494,1531163957487,2171635,0.00001284,1584.00000000,0
1531163958049,1531163958042,2171636,0.00001283,51.00000000,1
1531163958494,1531163958489,2171637,0.00001284,3576.00000000,0
1531163964707,1531163964702,2171638,0.00001284,338.00000000,1
1531163968332,1531163968327,2171639,0.00001284,4109.00000000,1
1531163975783,1531163975779,2171640,0.00001285,79.00000000,0
1531163976899,1531163976896,2171641,0.00001285,79.00000000,0
1531163987244,1531163987238,2171642,0.00001284,5375.00000000,1
1531163987866,1531163987860,2171643,0.00001284,899.00000000,0
1531163992484,1531163992478,2171644,0.00001283,511.00000000,1
1531163994958,1531163994955,2171645,0.00001284,464.00000000,0
1531163995328,1531163995322,2171646,0.00001284,396.00000000,0
1531164003402,1531164003398,2171647,0.00001284,117.00000000,0
1531164003415,1531164003410,2171648,0.00001284,78.00000000,0
1531164023514,1531164023507,2171649,0.00001283,8300.00000000,1
1531164024528,1531164024526,2171650,0.00001282,79.00000000,1
1531164025525,1531164025520,2171651,0.00001283,3343.00000000,1
1531164025545,1531164025540,2171652,0.00001283,988.00000000,1
1531164037348,1531164037342,2171653,0.00001282,3686.00000000,1
1531164040524,1531164040518,2171654,0.00001283,990.00000000,1
1531164063026,1531164063020,2171655,0.00001283,497.00000000,1
1531164063322,1531164063316,2171656,0.00001283,3893.00000000,0
1531164063370,1531164063365,2171657,0.00001283,2214.00000000,0
1531164065081,1531164065076,2171658,0.00001283,1679.00000000,0
1531164067595,1531164067589,2171659,0.00001282,2454.00000000,1
1531164072422,1531164072417,2171660,0.00001282,4579.00000000,1
1531164072866,1531164072861,2171661,0.00001281,1996.00000000,1
1531164072866,1531164072861,2171662,0.00001277,2200.00000000,1
1531164076527,1531164076521,2171663,0.00001279,1108.00000000,1
1531164076527,1531164076521,2171664,0.00001278,2758.00000000,1
1531164078524,1531164078516,2171665,0.00001282,1516.00000000,1
1531164081891,1531164081885,2171666,0.00001281,51.00000000,0
1531164086675,1531164086669,2171667,0.00001280,863.00000000,1
1531164091790,1531164091784,2171668,0.00001279,830.00000000,1
1531164098350,1531164098345,2171669,0.00001279,5413.00000000,1
1531164124023,1531164124021,2171670,0.00001280,1862.00000000,0
1531164130978,1531164130972,2171671,0.00001279,6330.00000000,1
1531164187552,1531164187546,2171672,0.00001278,1427.00000000,1
1531164188227,1531164188221,2171673,0.00001279,7818.00000000,0
1531164188382,1531164188377,2171674,0.00001278,713.00000000,1
1531164190544,1531164190537,2171675,0.00001278,2958.00000000,0
1531164225365,1531164225359,2171676,0.00001278,5650.00000000,1
1531164227259,1531164227254,2171677,0.00001277,3578.00000000,1
1531164233901,1531164233895,2171678,0.00001278,1727.00000000,0
1531164233901,1531164233895,2171679,0.00001279,2321.00000000,0
1531164242605,1531164242599,2171680,0.00001277,81.00000000,1
1531164246242,1531164246237,2171681,0.00001277,464.00000000,1
1531164319679,1531164319672,2171682,0.00001277,1116.00000000,1
1531164366826,1531164366820,2171683,0.00001278,820.00000000,0
1531164371205,1531164371200,2171684,0.00001278,2835.00000000,0
1531164387646,1531164387641,2171685,0.00001278,711.00000000,0
1531164403233,1531164403228,2171686,0.00001278,932.00000000,0
1531164405495,1531164405488,2171687,0.00001278,235.00000000,0
1531164406328,1531164406322,2171688,0.00001278,2236.00000000,0
1531164408797,1531164408793,2171689,0.00001278,881.00000000,0
1531164411708,1531164411707,2171690,0.00001278,91.00000000,0
1531164416277,1531164416271,2171691,0.00001277,6603.00000000,1
1531164418575,1531164418567,2171692,0.00001277,7012.00000000,0
1531164447069,1531164447064,2171693,0.00001277,974.00000000,0
1531164458832,1531164458830,2171694,0.00001277,1212.00000000,0
1531164460598,1531164460592,2171695,0.00001277,2285.00000000,0
1531164470035,1531164470029,2171696,0.00001276,2269.00000000,1
1531164477350,1531164477347,2171697,0.00001277,1340.00000000,0
1531164477589,1531164477582,2171698,0.00001278,4279.00000000,0
1531164480609,1531164480604,2171699,0.00001279,1710.00000000,0
1531164481222,1531164481216,2171700,0.00001278,4279.00000000,1
1531164482575,1531164482569,2171701,0.00001279,855.00000000,0
1531164483928,1531164483922,2171702,0.00001279,428.00000000,0
1531164484865,1531164484859,2171703,0.00001279,4279.00000000,1
1531164488811,1531164488806,2171704,0.00001279,3867.00000000,1
1531164489959,1531164489953,2171705,0.00001278,391.00000000,0
1531164567808,1531164567802,2171706,0.00001279,228.00000000,0
1531164632082,1531164632076,2171707,0.00001278,7188.00000000,1
1531164663717,1531164663711,2171708,0.00001279,5539.00000000,0
1531164664604,1531164664597,2171709,0.00001278,13376.00000000,1
1531164664638,1531164664631,2171710,0.00001277,19163.00000000,1
1531164664667,1531164664662,2171711,0.00001276,626.00000000,1
1531164664690,1531164664686,2171712,0.00001275,500.00000000,1
1531164665594,1531164665587,2171713,0.00001278,3054.00000000,1
1531164667921,1531164667915,2171714,0.00001277,3065.00000000,0
1531164668591,1531164668587,2171715,0.00001277,2496.00000000,1
1531164669569,1531164669562,2171716,0.00001277,3919.00000000,0
1531164669569,1531164669562,2171717,0.00001278,1159.00000000,0
1531164669569,1531164669562,2171718,0.00001279,1832.00000000,0
1531164671062,1531164671057,2171719,0.00001277,1959.00000000,0
1531164671270,1531164671264,2171720,0.00001278,2297.00000000,0
1531164672591,1531164672585,2171721,0.00001277,1730.00000000,1
1531164673729,1531164673723,2171722,0.00001278,1.00000000,0
1531164674620,1531164674596,2171723,0.00001277,8829.00000000,1
1531164677601,1531164677599,2171724,0.00001277,3610.00000000,1
1531164702602,1531164702598,2171725,0.00001277,1998.00000000,1
1531164702631,1531164702626,2171726,0.00001277,464.00000000,1
1531164721369,1531164721364,2171727,0.00001276,1281.00000000,1
1531164721604,1531164721598,2171728,0.00001275,651.00000000,1
1531164728157,1531164728150,2171729,0.00001275,642.00000000,1
1531164735603,1531164735599,2171730,0.00001275,7898.00000000,0
1531164735635,1531164735633,2171731,0.00001276,18412.00000000,0
1531164735661,1531164735657,2171732,0.00001278,4929.00000000,0
1531164737603,1531164737602,2171733,0.00001278,4279.00000000,0
1531164738601,1531164738595,2171734,0.00001277,2287.00000000,0
1531164738635,1531164738630,2171735,0.00001280,649.00000000,0
1531164739609,1531164739604,2171736,0.00001277,4279.00000000,0
1531164742392,1531164742387,2171737,0.00001278,2622.00000000,1
1531164742598,1531164742592,2171738,0.00001278,3372.00000000,0
1531164744335,1531164744335,2171739,0.00001280,2167.00000000,0
1531164745517,1531164745510,2171740,0.00001279,3563.00000000,1
1531164746640,1531164746638,2171741,0.00001277,7767.00000000,1
1531164746669,1531164746664,2171742,0.00001276,651.00000000,1
1531164749612,1531164749607,2171743,0.00001275,1748.00000000,1
1531164749905,1531164749900,2171744,0.00001276,4115.00000000,0
1531164749905,1531164749900,2171745,0.00001277,164.00000000,0
1531164751447,1531164751442,2171746,0.00001276,4279.00000000,0
1531164754629,1531164754625,2171747,0.00001276,165.00000000,0
1531164762787,1531164762783,2171748,0.00001277,2635.00000000,0
1531164766058,1531164766053,2171749,0.00001276,2635.00000000,1
1531164771583,1531164771578,2171750,0.00001277,2633.00000000,0
1531164774555,1531164774548,2171751,0.00001276,2633.00000000,1
1531164782921,1531164782916,2171752,0.00001277,6295.00000000,0
1531164783599,1531164783594,2171753,0.00001278,10036.00000000,0
1531164783616,1531164783615,2171754,0.00001278,23868.00000000,0
1531164783644,1531164783638,2171755,0.00001279,649.00000000,0
1531164784615,1531164784609,2171756,0.00001278,4279.00000000,0
1531164786611,1531164786606,2171757,0.00001280,2913.00000000,0
1531164788161,1531164788154,2171758,0.00001279,3383.00000000,1
1531164788537,1531164788529,2171759,0.00001279,896.00000000,0
1531164791295,1531164791290,2171760,0.00001279,2663.00000000,1
1531164801903,1531164801897,2171761,0.00001279,3575.00000000,0
1531164814015,1531164814009,2171762,0.00001279,402.00000000,0
1531164819323,1531164819317,2171763,0.00001279,306.00000000,0
1531164863724,1531164863718,2171764,0.00001279,1500.00000000,0
1531164945829,1531164945824,2171765,0.00001279,765.00000000,0
1531164983982,1531164983977,2171766,0.00001278,14794.00000000,1
1531164985266,1531164985262,2171767,0.00001278,3562.00000000,0
1531164985285,1531164985280,2171768,0.00001278,717.00000000,1
1531164986035,1531164986029,2171769,0.00001278,252.00000000,0
1531164986035,1531164986029,2171770,0.00001279,48.00000000,0
1531164993466,1531164993460,2171771,0.00001278,9728.00000000,1
1531164994690,1531164994684,2171772,0.00001278,2779.00000000,0
1531164994877,1531164994873,2171773,0.00001278,783.00000000,0
1531164995073,1531164995068,2171774,0.00001278,1174.00000000,0
1531164997383,1531164997378,2171775,0.00001278,66.00000000,0
1531165002945,1531165002939,2171776,0.00001278,4964.00000000,1
1531165003529,1531165003524,2171777,0.00001278,2233.00000000,1
1531165007583,1531165007577,2171778,0.00001277,18780.00000000,1
1531165007624,1531165007620,2171779,0.00001277,2235.00000000,1
1531165011455,1531165011453,2171780,0.00001277,2498.00000000,0
1531165033956,1531165033950,2171781,0.00001276,2794.00000000,1
1531165033975,1531165033971,2171782,0.00001276,250.00000000,0
1531165058250,1531165058244,2171783,0.00001275,1000.00000000,1
1531165087710,1531165087704,2171784,0.00001275,1500.00000000,1
1531165107202,1531165107196,2171785,0.00001275,380.00000000,1
1531165178612,1531165178605,2171786,0.00001275,5928.00000000,1
1531165179373,1531165179367,2171787,0.00001276,2783.00000000,0
1531165179374,1531165179368,2171788,0.00001276,20250.00000000,0
1531165204991,1531165204985,2171789,0.00001276,619.00000000,0
1531165219736,1531165219731,2171790,0.00001276,3773.00000000,0
1531165224922,1531165224917,2171791,0.00001277,2638.00000000,0
1531165224933,1531165224928,2171792,0.00001277,2636.00000000,0
1531165225627,1531165225623,2171793,0.00001277,1003.00000000,0
1531165226737,1531165226730,2171794,0.00001277,999.00000000,1
1531165228065,1531165228061,2171795,0.00001277,2636.00000000,1
1531165252122,1531165252118,2171796,0.00001277,2236.00000000,1
1531165327813,1531165327811,2171797,0.00001277,2783.00000000,1
1531165380679,1531165380674,2171798,0.00001278,2628.00000000,0
1531165444802,1531165444797,2171799,0.00001277,3367.00000000,1
1531165580163,1531165580155,2171800,0.00001277,8188.00000000,1
1531165580704,1531165580697,2171801,0.00001276,20184.00000000,1
1531165580733,1531165580729,2171802,0.00001275,1789.00000000,1
1531165580733,1531165580729,2171803,0.00001274,10079.00000000,1
1531165582516,1531165582512,2171804,0.00001274,1573.00000000,1
1531165582516,1531165582512,2171805,0.00001273,1164.00000000,1
1531165582516,1531165582512,2171806,0.00001272,1744.00000000,1
1531165582706,1531165582699,2171807,0.00001275,6133.00000000,1
1531165584704,1531165584700,2171808,0.00001273,786.00000000,1
1531165585706,1531165585702,2171809,0.00001272,394.00000000,1
1531165585706,1531165585702,2171810,0.00001271,148.00000000,1
1531165585707,1531165585702,2171811,0.00001270,2290.00000000,1
1531165585750,1531165585745,2171812,0.00001270,200.00000000,0
1531165585766,1531165585759,2171813,0.00001270,447.00000000,0
1531165587251,1531165587218,2171814,0.00001269,12535.00000000,1
1531165587705,1531165587702,2171815,0.00001268,479.00000000,1
1531165588762,1531165588757,2171816,0.00001268,99.00000000,1
1531165588864,1531165588857,2171817,0.00001268,486.00000000,0
1531165588868,1531165588865,2171818,0.00001268,382.00000000,0
1531165589073,1531165589070,2171819,0.00001268,366.00000000,0
1531165589106,1531165589100,2171820,0.00001268,2450.00000000,0
1531165589694,1531165589689,2171821,0.00001268,3830.00000000,1
1531165590354,1531165590349,2171822,0.00001268,1941.00000000,1
1531165591695,1531165591688,2171823,0.00001266,110.00000000,1
1531165592055,1531165592050,2171824,0.00001266,1944.00000000,1
1531165593387,1531165593386,2171825,0.00001265,418.00000000,1
1531165594009,1531165594002,2171826,0.00001266,123.00000000,0
1531165600706,1531165600702,2171827,0.00001266,821.00000000,0
1531165604708,1531165604701,2171828,0.00001266,3363.00000000,0
1531165622755,1531165622748,2171829,0.00001265,2232.00000000,1
1531165622780,1531165622775,2171830,0.00001265,395.00000000,0
1531165639946,1531165639940,2171831,0.00001264,9199.00000000,1
1531165641978,1531165641972,2171832,0.00001264,1566.00000000,1
1531165641978,1531165641972,2171833,0.00001263,1077.00000000,1
1531165641978,1531165641972,2171834,0.00001262,724.00000000,1
1531165645571,1531165645566,2171835,0.00001264,605.00000000,0
1531165647694,1531165647689,2171836,0.00001263,241.00000000,1
1531165648703,1531165648696,2171837,0.00001264,3977.00000000,0
1531165649398,1531165649394,2171838,0.00001264,100.00000000,0
1531165649699,1531165649695,2171839,0.00001264,2611.00000000,0
1531165653140,1531165653137,2171840,0.00001264,812.00000000,0
1531165681522,1531165681516,2171841,0.00001263,940.00000000,1
1531165701859,1531165701853,2171842,0.00001264,2630.00000000,0
1531165703805,1531165703799,2171843,0.00001263,2631.00000000,1
1531165715027,1531165715021,2171844,0.00001264,2606.00000000,0
1531165716709,1531165716702,2171845,0.00001264,22.00000000,1
1531165722829,1531165722823,2171846,0.00001264,2628.00000000,1
1531165731682,1531165731676,2171847,0.00001265,2626.00000000,0
1531165739321,1531165739315,2171848,0.00001264,2626.00000000,1
1531165786053,1531165786048,2171849,0.00001264,200.00000000,1
1531165794606,1531165794603,2171850,0.00001264,382.00000000,1
1531165804715,1531165804709,2171851,0.00001264,3222.00000000,1
1531165807725,1531165807720,2171852,0.00001264,1219.00000000,1
1531165808724,1531165808717,2171853,0.00001264,609.00000000,1
1531165811732,1531165811723,2171854,0.00001264,304.00000000,1
1531165814719,1531165814714,2171855,0.00001264,153.00000000,1
1531165918746,1531165918739,2171856,0.00001263,2626.00000000,1
1531165923638,1531165923636,2171857,0.00001262,119.00000000,0
1531165925729,1531165925728,2171858,0.00001261,135.00000000,1
1531166015568,1531166015562,2171859,0.00001260,2227.00000000,1
1531166016745,1531166016740,2171860,0.00001259,596.00000000,1
1531166022749,1531166022742,2171861,0.00001258,1157.00000000,1
1531166074278,1531166074272,2171862,0.00001256,202.00000000,1
1531166102446,1531166102442,2171863,0.00001256,611.00000000,1
1531166102469,1531166102467,2171864,0.00001256,499.00000000,0
1531166102480,1531166102474,2171865,0.00001256,339.00000000,0
1531166111740,1531166111734,2171866,0.00001257,3781.00000000,0
1531166113752,1531166113745,2171867,0.00001258,8106.00000000,0
1531166114363,1531166114359,2171868,0.00001258,3428.00000000,1
1531166114550,1531166114544,2171869,0.00001259,1914.00000000,0
1531166114740,1531166114733,2171870,0.00001259,338.00000000,1
1531166117165,1531166117158,2171871,0.00001260,4916.00000000,0
1531166117175,1531166117168,2171872,0.00001259,638.00000000,1
1531166117175,1531166117168,2171873,0.00001258,399.00000000,1
1531166117260,1531166117256,2171874,0.00001258,3242.00000000,0
1531166117260,1531166117256,2171875,0.00001260,2083.00000000,0
1531166121438,1531166121433,2171876,0.00001260,4959.00000000,0
1531166123759,1531166123753,2171877,0.00001261,3651.00000000,1
1531166124086,1531166124082,2171878,0.00001259,2336.00000000,1
1531166124423,1531166124418,2171879,0.00001260,628.00000000,0
1531166125739,1531166125733,2171880,0.00001263,2628.00000000,1
1531166125768,1531166125762,2171881,0.00001262,3552.00000000,1
1531166127361,1531166127355,2171882,0.00001259,1616.00000000,1
1531166129565,1531166129559,2171883,0.00001259,1000.00000000,0
1531166130889,1531166130887,2171884,0.00001259,3673.00000000,0
1531166138578,1531166138571,2171885,0.00001261,6079.00000000,0
1531166141218,1531166141214,2171886,0.00001262,1519.00000000,1
1531166141218,1531166141214,2171887,0.00001261,2760.00000000,1
1531166142746,1531166142740,2171888,0.00001263,2699.00000000,0
1531166143745,1531166143742,2171889,0.00001263,2109.00000000,0
1531166144222,1531166144218,2171890,0.00001262,4279.00000000,1
1531166145223,1531166145217,2171891,0.00001263,2210.00000000,1
1531166147716,1531166147710,2171892,0.00001263,1350.00000000,1
1531166147743,1531166147738,2171893,0.00001262,1574.00000000,1
1531166148499,1531166148494,2171894,0.00001262,1780.00000000,1
1531166152691,1531166152685,2171895,0.00001263,1514.00000000,0
1531166152747,1531166152741,2171896,0.00001263,5650.00000000,0
1531166153152,1531166153148,2171897,0.00001263,2496.00000000,1
1531166153427,1531166153420,2171898,0.00001262,1442.00000000,0
1531166157861,1531166157858,2171899,0.00001263,2934.00000000,0
1531166158665,1531166158659,2171900,0.00001263,944.00000000,0
1531166159435,1531166159429,2171901,0.00001264,4700.00000000,0
1531166160572,1531166160566,2171902,0.00001264,472.00000000,0
1531166161576,1531166161571,2171903,0.00001264,236.00000000,0
1531166161576,1531166161571,2171904,0.00001265,164.00000000,0
1531166163434,1531166163427,2171905,0.00001264,4397.00000000,0
1531166167433,1531166167427,2171906,0.00001265,4515.00000000,0
1531166170585,1531166170579,2171907,0.00001265,4279.00000000,0
1531166171279,1531166171273,2171908,0.00001264,399.00000000,1
1531166174875,1531166174871,2171909,0.00001266,3567.00000000,1
1531166174875,1531166174871,2171910,0.00001265,712.00000000,1
1531166175531,1531166175527,2171911,0.00001266,1842.00000000,0
1531166178671,1531166178668,2171912,0.00001266,2070.00000000,1
1531166179574,1531166179569,2171913,0.00001265,921.00000000,0
1531166185749,1531166185744,2171914,0.00001266,1680.00000000,0
1531166185840,1531166185836,2171915,0.00001266,5016.00000000,0
1531166187435,1531166187428,2171916,0.00001266,2319.00000000,0
1531166189724,1531166189723,2171917,0.00001265,2624.00000000,1
1531166196289,1531166196285,2171918,0.00001266,4593.00000000,1
1531166196289,1531166196285,2171919,0.00001265,1173.00000000,1
1531166199614,1531166199607,2171920,0.00001267,1000.00000000,0
1531166201521,1531166201515,2171921,0.00001267,2620.00000000,0
1531166204286,1531166204279,2171922,0.00001266,2620.00000000,1
1531166209346,1531166209340,2171923,0.00001267,2618.00000000,0
1531166209644,1531166209638,2171924,0.00001266,1000.00000000,1
1531166212902,1531166212896,2171925,0.00001266,2618.00000000,1
1531166214293,1531166214285,2171926,0.00001266,499.00000000,1
1531166218226,1531166218220,2171927,0.00001266,1631.00000000,1
1531166218265,1531166218259,2171928,0.00001266,2262.00000000,1
1531166219648,1531166219642,2171929,0.00001267,1000.00000000,0
1531166223881,1531166223875,2171930,0.00001266,448.00000000,1
1531166229652,1531166229646,2171931,0.00001267,1000.00000000,0
1531166239674,1531166239668,2171932,0.00001266,1000.00000000,1
1531166246238,1531166246231,2171933,0.00001267,2616.00000000,0
1531166248578,1531166248573,2171934,0.00001266,2616.00000000,1
1531166249323,1531166249319,2171935,0.00001267,1.00000000,0
1531166249677,1531166249670,2171936,0.00001266,304.00000000,1
1531166249677,1531166249670,2171937,0.00001262,696.00000000,1
1531166259689,1531166259684,2171938,0.00001266,1000.00000000,0
1531166262940,1531166262936,2171939,0.00001266,101.00000000,0
1531166269709,1531166269703,2171940,0.00001266,1000.00000000,0
1531166279691,1531166279685,2171941,0.00001266,1000.00000000,0
1531166284119,1531166284113,2171942,0.00001266,2480.00000000,0
1531166284750,1531166284746,2171943,0.00001267,2660.00000000,0
1531166285747,1531166285743,2171944,0.00001267,2522.00000000,0
1531166286760,1531166286754,2171945,0.00001267,1261.00000000,0
1531166288580,1531166288574,2171946,0.00001267,631.00000000,0
1531166291844,1531166291838,2171947,0.00001267,315.00000000,0
1531166293585,1531166293579,2171948,0.00001268,558.00000000,0
1531166294756,1531166294750,2171949,0.00001268,79.00000000,0
1531166318861,1531166318856,2171950,0.00001267,119.00000000,1
1531166339773,1531166339766,2171951,0.00001269,308.00000000,0
1531166339773,1531166339766,2171952,0.00001270,692.00000000,0
1531166341899,1531166341897,2171953,0.00001269,3095.00000000,1
1531166341899,1531166341897,2171954,0.00001268,1.00000000,1
1531166345049,1531166345047,2171955,0.00001268,1395.00000000,1
1531166345249,1531166345243,2171956,0.00001268,850.00000000,1
1531166349757,1531166349752,2171957,0.00001268,1000.00000000,1
1531166360805,1531166360799,2171958,0.00001268,1000.00000000,1
1531166369791,1531166369788,2171959,0.00001268,1000.00000000,1
1531166379815,1531166379809,2171960,0.00001269,1000.00000000,0
1531166389820,1531166389814,2171961,0.00001268,1000.00000000,1
1531166389956,1531166389950,2171962,0.00001269,250.00000000,0
1531166399825,1531166399818,2171963,0.00001268,1000.00000000,1
1531166409829,1531166409824,2171964,0.00001269,1000.00000000,0
1531166419863,1531166419855,2171965,0.00001268,1000.00000000,1
1531166429874,1531166429867,2171966,0.00001269,1000.00000000,0
1531166433819,1531166433812,2171967,0.00001269,799.00000000,0
1531166439858,1531166439853,2171968,0.00001269,1000.00000000,1
1531166449886,1531166449879,2171969,0.00001269,1000.00000000,1
1531166469428,1531166469423,2171970,0.00001270,6159.00000000,0
1531166474406,1531166474401,2171971,0.00001270,1831.00000000,0
1531166475604,1531166475603,2171972,0.00001270,916.00000000,0
1531166477602,1531166477595,2171973,0.00001270,458.00000000,0
1531166478793,1531166478789,2171974,0.00001270,229.00000000,0
1531166480553,1531166480547,2171975,0.00001270,114.00000000,0
1531166568275,1531166568269,2171976,0.00001270,79.00000000,1
1531166573854,1531166573847,2171977,0.00001269,2828.00000000,1
1531166573896,1531166573870,2171978,0.00001269,5587.00000000,1
1531166573896,1531166573870,2171979,0.00001267,789.00000000,1
1531166573896,1531166573870,2171980,0.00001266,9249.00000000,1
1531166573896,1531166573870,2171981,0.00001265,400.00000000,1
1531166573896,1531166573870,2171982,0.00001262,6524.00000000,1
1531166573896,1531166573870,2171983,0.00001260,921.00000000,1
1531166573896,1531166573870,2171984,0.00001259,2084.00000000,1
1531166573896,1531166573870,2171985,0.00001258,1499.00000000,1
1531166573896,1531166573870,2171986,0.00001257,10702.00000000,1
1531166573896,1531166573870,2171987,0.00001256,16932.00000000,1
1531166573896,1531166573870,2171988,0.00001255,12691.00000000,1
1531166573896,1531166573870,2171989,0.00001255,62.00000000,1
1531166573896,1531166573870,2171990,0.00001254,8353.00000000,1
1531166573897,1531166573885,2171991,0.00001254,1793.00000000,1
1531166573898,1531166573886,2171992,0.00001254,1793.00000000,1
1531166573902,1531166573893,2171993,0.00001254,1793.00000000,1
1531166574280,1531166574274,2171994,0.00001265,174.00000000,1
1531166574318,1531166574312,2171995,0.00001265,81.00000000,1
1531166574331,1531166574323,2171996,0.00001260,317.00000000,1
1531166574331,1531166574323,2171997,0.00001255,1351.00000000,1
1531166574331,1531166574323,2171998,0.00001254,95.00000000,1
1531166574331,1531166574323,2171999,0.00001253,1044.00000000,1
1531166574350,1531166574346,2172000,0.00001260,337.00000000,0
1531166574460,1531166574459,2172001,0.00001260,433.00000000,0
1531166575980,1531166575972,2172002,0.00001258,1371.00000000,0
1531166576447,1531166576442,2172003,0.00001259,461.00000000,0
1531166576628,1531166576623,2172004,0.00001258,973.00000000,1
1531166576790,1531166576784,2172005,0.00001258,3306.00000000,1
1531166577517,1531166577514,2172006,0.00001257,2386.00000000,1
1531166579432,1531166579428,2172007,0.00001257,4279.00000000,0
1531166579990,1531166579982,2172008,0.00001257,1000.00000000,0
1531166580799,1531166580795,2172009,0.00001256,5726.00000000,1
1531166582731,1531166582727,2172010,0.00001255,2905.00000000,0
1531166582731,1531166582727,2172011,0.00001256,1164.00000000,0
1531166582731,1531166582727,2172012,0.00001257,210.00000000,0
1531166586771,1531166586766,2172013,0.00001255,4147.00000000,0
1531166586771,1531166586766,2172014,0.00001256,132.00000000,0
1531166587833,1531166587832,2172015,0.00001255,1089.00000000,0
1531166589851,1531166589845,2172016,0.00001256,108.00000000,0
1531166590006,1531166589999,2172017,0.00001256,1000.00000000,0
1531166596576,1531166596570,2172018,0.00001255,11674.00000000,1
1531166601955,1531166601948,2172019,0.00001255,1068.00000000,0
1531166602735,1531166602727,2172020,0.00001255,4279.00000000,0
1531166603790,1531166603789,2172021,0.00001255,363.00000000,0
1531166605079,1531166605073,2172022,0.00001254,1068.00000000,1
1531166610037,1531166610031,2172023,0.00001255,1000.00000000,0
1531166610717,1531166610711,2172024,0.00001255,147.00000000,0
1531166611308,1531166611301,2172025,0.00001254,306.00000000,1
1531166616973,1531166616967,2172026,0.00001255,1078.00000000,0
1531166620055,1531166620049,2172027,0.00001255,2.00000000,1
1531166620055,1531166620049,2172028,0.00001254,998.00000000,1
1531166622206,1531166622200,2172029,0.00001254,240.00000000,1
1531166623128,1531166623124,2172030,0.00001254,1080.00000000,1
1531166627916,1531166627910,2172031,0.00001255,1079.00000000,0
1531166629854,1531166629848,2172032,0.00001255,315.00000000,0
1531166630061,1531166630060,2172033,0.00001255,1000.00000000,1
1531166630219,1531166630213,2172034,0.00001255,1079.00000000,1
1531166633387,1531166633379,2172035,0.00001256,9084.00000000,0
1531166636185,1531166636181,2172036,0.00001256,893.00000000,0
1531166636210,1531166636204,2172037,0.00001256,842.00000000,1
1531166636432,1531166636425,2172038,0.00001256,4279.00000000,1
1531166639789,1531166639782,2172039,0.00001256,1153.00000000,1
1531166640059,1531166640059,2172040,0.00001255,1000.00000000,1
1531166641494,1531166641490,2172041,0.00001256,352.00000000,1
1531166642471,1531166642464,2172042,0.00001256,485.00000000,1
1531166642793,1531166642787,2172043,0.00001256,2605.00000000,1
1531166643799,1531166643794,2172044,0.00001256,1721.00000000,1
1531166644793,1531166644788,2172045,0.00001256,860.00000000,1
1531166646803,1531166646797,2172046,0.00001256,429.00000000,1
1531166648793,1531166648787,2172047,0.00001256,215.00000000,1
1531166649799,1531166649793,2172048,0.00001256,109.00000000,1
1531166660916,1531166660908,2172049,0.00001257,10154.00000000,0
1531166662521,1531166662515,2172050,0.00001257,1025.00000000,1
1531166663668,1531166663662,2172051,0.00001257,161.00000000,1
1531166663796,1531166663788,2172052,0.00001257,2343.00000000,1
1531166664083,1531166664082,2172053,0.00001257,276.00000000,1
1531166669542,1531166669536,2172054,0.00001257,794.00000000,0
1531166670513,1531166670507,2172055,0.00001257,5640.00000000,0
1531166670791,1531166670785,2172056,0.00001257,794.00000000,1
1531166673748,1531166673740,2172057,0.00001258,6512.00000000,0
1531166677492,1531166677489,2172058,0.00001258,3129.00000000,0
1531166677613,1531166677608,2172059,0.00001258,1076.00000000,0
1531166679726,1531166679720,2172060,0.00001257,1076.00000000,1
1531166680115,1531166680109,2172061,0.00001258,1000.00000000,0
1531166690120,1531166690114,2172062,0.00001257,1000.00000000,1
1531166694779,1531166694772,2172063,0.00001258,242.00000000,0
1531166703884,1531166703878,2172064,0.00001257,7323.00000000,1
1531166706058,1531166706053,2172065,0.00001256,1055.00000000,0
1531166706058,1531166706053,2172066,0.00001257,3224.00000000,0
1531166708770,1531166708769,2172067,0.00001255,2663.00000000,0
1531166709354,1531166709347,2172068,0.00001255,866.00000000,0
1531166709354,1531166709347,2172069,0.00001256,2256.00000000,0
1531166710142,1531166710136,2172070,0.00001257,1000.00000000,0
1531166711552,1531166711548,2172071,0.00001256,1498.00000000,1
1531166720147,1531166720141,2172072,0.00001257,1000.00000000,0
1531166726898,1531166726893,2172073,0.00001256,5227.00000000,1
1531166726898,1531166726893,2172074,0.00001255,2332.00000000,1
1531166728891,1531166728885,2172075,0.00001256,3526.00000000,1
1531166730146,1531166730139,2172076,0.00001257,1000.00000000,0
1531166731007,1531166731002,2172077,0.00001256,140.00000000,1
1531166731366,1531166731360,2172078,0.00001256,140.00000000,1
1531166751876,1531166751870,2172079,0.00001257,4873.00000000,0
1531166753311,1531166753305,2172080,0.00001257,2635.00000000,0
1531166760009,1531166760003,2172081,0.00001256,2635.00000000,1
1531166760165,1531166760159,2172082,0.00001257,1000.00000000,0
1531166770195,1531166770191,2172083,0.00001256,1000.00000000,1
1531166772060,1531166772059,2172084,0.00001257,124.00000000,0
1531166778946,1531166778940,2172085,0.00001257,927.00000000,0
1531166780195,1531166780189,2172086,0.00001256,1000.00000000,1
1531166780464,1531166780459,2172087,0.00001256,1575.00000000,1
1531166783187,1531166783180,2172088,0.00001256,926.00000000,1
1531166790236,1531166790231,2172089,0.00001257,1000.00000000,0
1531166792820,1531166792815,2172090,0.00001256,947.00000000,1
1531166799754,1531166799746,2172091,0.00001256,294.00000000,1
1531166800229,1531166800224,2172092,0.00001257,1000.00000000,0
1531166810241,1531166810237,2172093,0.00001256,1000.00000000,1
1531166820259,1531166820252,2172094,0.00001257,1000.00000000,0
1531166830262,1531166830255,2172095,0.00001256,1000.00000000,1
1531166840263,1531166840257,2172096,0.00001257,1000.00000000,0
1531166850267,1531166850261,2172097,0.00001256,1000.00000000,1
1531166860281,1531166860276,2172098,0.00001257,1000.00000000,0
1531166870301,1531166870293,2172099,0.00001256,1000.00000000,1
1531166880302,1531166880296,2172100,0.00001257,1000.00000000,0
1531166888810,1531166888804,2172101,0.00001256,820.00000000,1
1531166890320,1531166890312,2172102,0.00001257,1000.00000000,0
1531166900322,1531166900315,2172103,0.00001256,1000.00000000,1
1531166910344,1531166910338,2172104,0.00001257,1000.00000000,0
1531166920354,1531166920347,2172105,0.00001256,1000.00000000,1
1531166923257,1531166923251,2172106,0.00001257,3960.00000000,0
1531166930374,1531166930368,2172107,0.00001256,1000.00000000,1
1531166938772,1531166938766,2172108,0.00001256,5928.00000000,1
1531166940372,1531166940366,2172109,0.00001257,1000.00000000,0
1531166950182,1531166950175,2172110,0.00001257,5084.00000000,0
1531166950182,1531166950175,2172111,0.00001258,6182.00000000,0
1531166950300,1531166950295,2172112,0.00001258,499.00000000,1
1531166950361,1531166950354,2172113,0.00001258,531.00000000,1
1531166950361,1531166950354,2172114,0.00001256,469.00000000,1
1531166958736,1531166958730,2172115,0.00001258,116.00000000,0
1531166960397,1531166960392,2172116,0.00001257,1000.00000000,1
1531166970402,1531166970400,2172117,0.00001257,1000.00000000,1
1531166977515,1531166977508,2172118,0.00001257,1193.00000000,1
1531166980403,1531166980396,2172119,0.00001257,1000.00000000,1
1531166996427,1531166996421,2172120,0.00001257,2681.00000000,1
1531166996807,1531166996801,2172121,0.00001257,2204.00000000,1
1531167000425,1531167000418,2172122,0.00001257,1000.00000000,0
1531167010429,1531167010427,2172123,0.00001256,1000.00000000,1
1531167020444,1531167020441,2172124,0.00001257,1000.00000000,0
1531167030447,1531167030445,2172125,0.00001256,1000.00000000,1
1531167040451,1531167040444,2172126,0.00001257,1000.00000000,0
1531167051498,1531167051498,2172127,0.00001256,1000.00000000,1
1531167057994,1531167057992,2172128,0.00001257,4946.00000000,0
1531167081230,1531167081224,2172129,0.00001258,80.00000000,0
1531167084459,1531167084454,2172130,0.00001257,113.00000000,1
1531167091551,1531167091547,2172131,0.00001257,84.00000000,1
1531167125294,1531167125289,2172132,0.00001258,160.00000000,0
1531167175738,1531167175737,2172133,0.00001257,2381.00000000,1
1531167178855,1531167178852,2172134,0.00001257,1895.00000000,1
1531167180592,1531167180588,2172135,0.00001258,1000.00000000,0
1531167190617,1531167190610,2172136,0.00001257,1000.00000000,1
1531167200610,1531167200604,2172137,0.00001258,1000.00000000,0
1531167210639,1531167210635,2172138,0.00001257,1000.00000000,1
1531167220654,1531167220652,2172139,0.00001258,1000.00000000,0
1531167230659,1531167230656,2172140,0.00001257,1000.00000000,1
1531167313964,1531167313958,2172141,0.00001257,841.00000000,1
1531167437150,1531167437144,2172142,0.00001257,175.00000000,1
1531167458534,1531167458528,2172143,0.00001257,435.00000000,1
1531167470285,1531167470283,2172144,0.00001258,771.00000000,0
1531167476212,1531167476206,2172145,0.00001257,457.00000000,1
1531167476864,1531167476860,2172146,0.00001257,457.00000000,1
1531167485681,1531167485675,2172147,0.00001257,10718.00000000,1
1531167513013,1531167513006,2172148,0.00001256,841.00000000,1
1531167513098,1531167513091,2172149,0.00001256,5301.00000000,1
1531167516787,1531167516781,2172150,0.00001256,4802.00000000,1
1531167520881,1531167520878,2172151,0.00001256,4688.00000000,1
1531167522799,1531167522792,2172152,0.00001256,4355.00000000,1
1531167523904,1531167523897,2172153,0.00001256,252.00000000,1
1531167526790,1531167526784,2172154,0.00001256,188.00000000,1
1531167528800,1531167528795,2172155,0.00001256,282.00000000,1
1531167530655,1531167530650,2172156,0.00001256,142.00000000,1
1531167551556,1531167551550,2172157,0.00001255,2153.00000000,1
1531167561079,1531167561078,2172158,0.00001257,1058.00000000,0
1531167577220,1531167577214,2172159,0.00001255,241.00000000,1
1531167656868,1531167656861,2172160,0.00001255,250.00000000,1
1531167679056,1531167679051,2172161,0.00001255,1782.00000000,1
1531167713001,1531167712995,2172162,0.00001257,2633.00000000,0
1531167724449,1531167724449,2172163,0.00001256,644.00000000,1
1531167732220,1531167732216,2172164,0.00001256,10593.00000000,0
1531167732490,1531167732483,2172165,0.00001256,2911.00000000,1
1531167785745,1531167785739,2172166,0.00001257,2626.00000000,0
1531167788020,1531167788014,2172167,0.00001256,1830.00000000,1
1531167886341,1531167886339,2172168,0.00001257,200.00000000,0
1531167962801,1531167962798,2172169,0.00001256,767.00000000,1
1531168000119,1531168000113,2172170,0.00001257,2204.00000000,0
1531168009429,1531168009423,2172171,0.00001257,183.00000000,0
1531168031254,1531168031248,2172172,0.00001257,100.00000000,0
1531168038928,1531168038921,2172173,0.00001256,596.00000000,1
1531168043697,1531168043691,2172174,0.00001256,447.00000000,1
1531168045905,1531168045899,2172175,0.00001256,672.00000000,1
1531168047676,1531168047670,2172176,0.00001256,672.00000000,1
1531168050673,1531168050669,2172177,0.00001257,4800.00000000,0
1531168159777,1531168159770,2172178,0.00001257,15466.00000000,1
1531168185878,1531168185873,2172179,0.00001256,2389.00000000,1
1531168185940,1531168185934,2172180,0.00001256,2624.00000000,1
1531168186764,1531168186757,2172181,0.00001256,2919.00000000,1
1531168199939,1531168199932,2172182,0.00001257,10990.00000000,0
1531168204417,1531168204412,2172183,0.00001257,3431.00000000,0
1531168221329,1531168221323,2172184,0.00001257,5442.00000000,0
1531168363081,1531168363081,2172185,0.00001258,1319.00000000,0
1531168375055,1531168375049,2172186,0.00001258,5026.00000000,0
1531168383083,1531168383078,2172187,0.00001257,11350.00000000,1
1531168409635,1531168409629,2172188,0.00001258,5863.00000000,0
1531168410024,1531168410017,2172189,0.00001259,7298.00000000,0
1531168411024,1531168411018,2172190,0.00001259,754.00000000,0
1531168411057,1531168411050,2172191,0.00001260,2782.00000000,0
1531168411866,1531168411865,2172192,0.00001258,425.00000000,1
1531168413017,1531168413011,2172193,0.00001259,4355.00000000,0
1531168416953,1531168416949,2172194,0.00001260,4732.00000000,0
1531168418937,1531168418934,2172195,0.00001260,188.00000000,0
1531168419952,1531168419947,2172196,0.00001260,4355.00000000,0
1531168420877,1531168420875,2172197,0.00001260,94.00000000,0
1531168422805,1531168422799,2172198,0.00001260,4355.00000000,0
1531168551810,1531168551807,2172199,0.00001260,2000.00000000,0
1531168598600,1531168598594,2172200,0.00001261,676.00000000,0
1531168600686,1531168600680,2172201,0.00001261,225.00000000,0
1531168649857,1531168649850,2172202,0.00001259,11406.00000000,1
1531168653313,1531168653308,2172203,0.00001259,4355.00000000,0
1531168656194,1531168656188,2172204,0.00001259,4355.00000000,0
1531168659333,1531168659327,2172205,0.00001259,2892.00000000,0
1531168683328,1531168683323,2172206,0.00001261,159.00000000,0
1531168687128,1531168687124,2172207,0.00001260,1.00000000,1
1531168687928,1531168687920,2172208,0.00001261,1341.00000000,0
1531168711907,1531168711904,2172209,0.00001261,7895.00000000,0
1531168712098,1531168712092,2172210,0.00001262,1128.00000000,0
1531168712463,1531168712459,2172211,0.00001263,1341.00000000,0
1531168712647,1531168712641,2172212,0.00001261,4355.00000000,1
1531168713831,1531168713825,2172213,0.00001262,233.00000000,0
1531168714091,1531168714087,2172214,0.00001263,229.00000000,0
1531168715664,1531168715662,2172215,0.00001262,91.00000000,1
1531168735591,1531168735585,2172216,0.00001263,1341.00000000,0
1531168759849,1531168759843,2172217,0.00001263,1074.00000000,0
1531168768978,1531168768967,2172218,0.00001263,4355.00000000,0
1531168768978,1531168768967,2172219,0.00001264,2258.00000000,0
1531168768978,1531168768967,2172220,0.00001265,1475.00000000,0
1531168768978,1531168768967,2172221,0.00001266,3097.00000000,0
1531168768978,1531168768967,2172222,0.00001267,5992.00000000,0
1531168769095,1531168769090,2172223,0.00001265,2026.00000000,0
1531168771101,1531168771096,2172224,0.00001265,4355.00000000,0
1531168772766,1531168772763,2172225,0.00001266,500.00000000,1
1531168773003,1531168772997,2172226,0.00001266,1845.00000000,1
1531168864503,1531168864498,2172227,0.00001267,79.00000000,0
1531168865871,1531168865870,2172228,0.00001267,1145.00000000,0
1531168914685,1531168914679,2172229,0.00001268,1273.00000000,0
1531168915112,1531168915107,2172230,0.00001269,4723.00000000,0
1531168915146,1531168915140,2172231,0.00001270,1565.00000000,0
1531168917117,1531168917112,2172232,0.00001270,306.00000000,0
1531168918098,1531168918091,2172233,0.00001270,153.00000000,0
1531168918098,1531168918091,2172234,0.00001271,639.00000000,0
1531168921862,1531168921856,2172235,0.00001270,3396.00000000,1
1531168921895,1531168921893,2172236,0.00001269,2207.00000000,1
1531168924102,1531168924101,2172237,0.00001270,1180.00000000,0
1531168927122,1531168927120,2172238,0.00001270,3691.00000000,0
1531168928104,1531168928101,2172239,0.00001271,443.00000000,0
1531168929115,1531168929111,2172240,0.00001272,400.00000000,0
1531168929115,1531168929111,2172241,0.00001273,453.00000000,0
1531168929335,1531168929331,2172242,0.00001271,190.00000000,1
1531168929351,1531168929345,2172243,0.00001271,6626.00000000,1
1531168929351,1531168929345,2172244,0.00001270,3396.00000000,1
1531168929968,1531168929961,2172245,0.00001269,474.00000000,1
1531168930097,1531168930092,2172246,0.00001270,8923.00000000,0
1531168950016,1531168950011,2172247,0.00001270,8252.00000000,1
1531168953876,1531168953872,2172248,0.00001270,5329.00000000,1
1531168954162,1531168954160,2172249,0.00001267,124.00000000,1
1531168954862,1531168954854,2172250,0.00001267,506.00000000,1
1531168955874,1531168955869,2172251,0.00001267,1465.00000000,1
1531168957101,1531168957097,2172252,0.00001268,5088.00000000,1
1531168958864,1531168958858,2172253,0.00001267,367.00000000,1
1531168960863,1531168960856,2172254,0.00001267,4536.00000000,1
1531168961877,1531168961870,2172255,0.00001267,93.00000000,1
1531168961877,1531168961870,2172256,0.00001266,1904.00000000,1
1531168962101,1531168962096,2172257,0.00001266,93.00000000,1
1531168962270,1531168962265,2172258,0.00001267,969.00000000,1
1531168963006,1531168962999,2172259,0.00001267,3386.00000000,1
1531168965861,1531168965860,2172260,0.00001266,4355.00000000,1
1531168967193,1531168967187,2172261,0.00001268,11868.00000000,0
1531168967435,1531168967429,2172262,0.00001265,314.00000000,1
1531168971433,1531168971427,2172263,0.00001267,3664.00000000,0
1531168971433,1531168971427,2172264,0.00001268,4355.00000000,0
1531168973540,1531168973534,2172265,0.00001268,1053.00000000,1
1531168978316,1531168978311,2172266,0.00001268,5798.00000000,0
1531168982499,1531168982494,2172267,0.00001268,4355.00000000,0
1531168983779,1531168983772,2172268,0.00001268,119.00000000,0
1531168984136,1531168984131,2172269,0.00001268,700.00000000,0
1531168985849,1531168985844,2172270,0.00001268,67.00000000,1
1531168988519,1531168988517,2172271,0.00001268,4288.00000000,0
1531169013110,1531169013106,2172272,0.00001268,928.00000000,0
1531169015094,1531169015087,2172273,0.00001268,921.00000000,0
1531169022108,1531169022104,2172274,0.00001268,460.00000000,0
1531169023121,1531169023115,2172275,0.00001268,230.00000000,0
1531169025107,1531169025101,2172276,0.00001268,115.00000000,0
1531169082184,1531169082177,2172277,0.00001268,2034.00000000,1
1531169091694,1531169091690,2172278,0.00001269,280.00000000,0
1531169093228,1531169093222,2172279,0.00001268,280.00000000,1
1531169094135,1531169094130,2172280,0.00001268,5487.00000000,1
1531169100091,1531169100086,2172281,0.00001269,284.00000000,0
1531169101298,1531169101293,2172282,0.00001268,714.00000000,1
1531169101375,1531169101370,2172283,0.00001268,284.00000000,1
1531169103942,1531169103936,2172284,0.00001269,284.00000000,0
1531169104983,1531169104978,2172285,0.00001268,284.00000000,1
1531169112772,1531169112767,2172286,0.00001269,284.00000000,0
1531169114377,1531169114371,2172287,0.00001268,284.00000000,1
1531169142652,1531169142646,2172288,0.00001268,2140.00000000,1
1531169142913,1531169142909,2172289,0.00001268,280.00000000,0
1531169143125,1531169143119,2172290,0.00001267,4355.00000000,1
1531169144350,1531169144344,2172291,0.00001265,280.00000000,1
1531169146621,1531169146616,2172292,0.00001267,1862.00000000,1
1531169147133,1531169147130,2172293,0.00001267,3633.00000000,1
1531169151144,1531169151140,2172294,0.00001266,6068.00000000,1
1531169152135,1531169152130,2172295,0.00001266,4355.00000000,1
1531169153141,1531169153137,2172296,0.00001266,856.00000000,1
1531169153160,1531169153155,2172297,0.00001265,120.00000000,1
1531169156120,1531169156113,2172298,0.00001266,215.00000000,1
1531169157458,1531169157453,2172299,0.00001266,321.00000000,1
1531169158125,1531169158119,2172300,0.00001265,4355.00000000,1
1531169163149,1531169163147,2172301,0.00001265,410.00000000,1
1531169163582,1531169163577,2172302,0.00001266,2003.00000000,0
1531169164138,1531169164133,2172303,0.00001265,4026.00000000,1
1531169168599,1531169168594,2172304,0.00001266,2003.00000000,0
1531169172794,1531169172789,2172305,0.00001266,283.00000000,0
1531169174814,1531169174808,2172306,0.00001265,283.00000000,1
1531169176698,1531169176693,2172307,0.00001266,283.00000000,0
1531169178457,1531169178452,2172308,0.00001265,283.00000000,1
1531169181109,1531169181103,2172309,0.00001266,283.00000000,0
1531169182815,1531169182810,2172310,0.00001265,283.00000000,1
1531169233136,1531169233130,2172311,0.00001265,8117.00000000,1
1531169234947,1531169234940,2172312,0.00001265,3399.00000000,1
1531169235127,1531169235123,2172313,0.00001265,1501.00000000,1
1531169243139,1531169243135,2172314,0.00001265,137.00000000,1
1531169248132,1531169248130,2172315,0.00001265,3605.00000000,1
1531169249870,1531169249867,2172316,0.00001265,101.00000000,1
1531169250145,1531169250140,2172317,0.00001264,4355.00000000,1
1531169253764,1531169253759,2172318,0.00001263,2003.00000000,0
1531169254980,1531169254978,2172319,0.00001263,1509.00000000,0
1531169255133,1531169255128,2172320,0.00001264,2846.00000000,1
1531169257149,1531169257144,2172321,0.00001263,5636.00000000,1
1531169258142,1531169258136,2172322,0.00001263,1168.00000000,1
1531169260135,1531169260132,2172323,0.00001263,583.00000000,1
1531169261141,1531169261135,2172324,0.00001263,4355.00000000,1
1531169262140,1531169262136,2172325,0.00001263,291.00000000,1
1531169309165,1531169309162,2172326,0.00001264,155.00000000,0
1531169313986,1531169313978,2172327,0.00001263,146.00000000,1
1531169313986,1531169313978,2172328,0.00001262,1857.00000000,1
1531169317142,1531169317139,2172329,0.00001263,150.00000000,1
1531169322668,1531169322662,2172330,0.00001263,3423.00000000,0
1531169352303,1531169352298,2172331,0.00001263,283.00000000,0
1531169353959,1531169353953,2172332,0.00001262,283.00000000,1
1531169358972,1531169358966,2172333,0.00001263,2003.00000000,0
1531169389929,1531169389923,2172334,0.00001263,283.00000000,0
1531169391951,1531169391945,2172335,0.00001262,283.00000000,1
1531169394061,1531169394058,2172336,0.00001263,2003.00000000,0
1531169394104,1531169394098,2172337,0.00001263,283.00000000,0
1531169395954,1531169395948,2172338,0.00001262,283.00000000,1
1531169397790,1531169397784,2172339,0.00001263,283.00000000,0
1531169399676,1531169399643,2172340,0.00001262,283.00000000,1
1531169410452,1531169410447,2172341,0.00001263,283.00000000,0
1531169411790,1531169411784,2172342,0.00001262,283.00000000,1
1531169422361,1531169422356,2172343,0.00001263,280.00000000,0
1531169423444,1531169423438,2172344,0.00001263,472.00000000,0
1531169423971,1531169423939,2172345,0.00001262,280.00000000,1
1531169426293,1531169426286,2172346,0.00001263,282.00000000,0
1531169427889,1531169427886,2172347,0.00001262,282.00000000,1
1531169434259,1531169434253,2172348,0.00001263,282.00000000,0
1531169435544,1531169435539,2172349,0.00001262,282.00000000,1
1531169437418,1531169437413,2172350,0.00001263,282.00000000,0
1531169439099,1531169439095,2172351,0.00001262,282.00000000,1
1531169445550,1531169445544,2172352,0.00001263,280.00000000,0
1531169446186,1531169446180,2172353,0.00001263,1891.00000000,0
1531169446737,1531169446731,2172354,0.00001262,280.00000000,1
1531169449312,1531169449306,2172355,0.00001263,5425.00000000,0
1531169464196,1531169464191,2172356,0.00001263,1397.00000000,0
1531169509160,1531169509154,2172357,0.00001263,699.00000000,0
1531169510183,1531169510178,2172358,0.00001263,349.00000000,0
1531169511960,1531169511954,2172359,0.00001263,175.00000000,0
1531169512163,1531169512156,2172360,0.00001264,4355.00000000,0
1531169512179,1531169512174,2172361,0.00001265,400.00000000,0
1531169513168,1531169513165,2172362,0.00001265,87.00000000,0
1531169517153,1531169517147,2172363,0.00001265,4355.00000000,0
1531169522183,1531169522178,2172364,0.00001265,4355.00000000,0
1531169524397,1531169524391,2172365,0.00001264,2003.00000000,1
1531169569671,1531169569665,2172366,0.00001264,6044.00000000,1
1531169643093,1531169643088,2172367,0.00001264,160.00000000,0
1531169790621,1531169790616,2172368,0.00001264,148.00000000,0
1531169792113,1531169792108,2172369,0.00001263,148.00000000,1
1531169794853,1531169794847,2172370,0.00001264,2004.00000000,0
1531169901890,1531169901884,2172371,0.00001263,1830.00000000,1
1531169905056,1531169905048,2172372,0.00001264,2003.00000000,0
1531169936342,1531169936337,2172373,0.00001264,4701.00000000,0
1531169937185,1531169937180,2172374,0.00001265,4355.00000000,0
1531169938200,1531169938194,2172375,0.00001265,916.00000000,0
1531169939031,1531169939025,2172376,0.00001264,3327.00000000,1
1531169940640,1531169940634,2172377,0.00001265,3395.00000000,1
1531169940686,1531169940680,2172378,0.00001265,960.00000000,0
1531169941201,1531169941195,2172379,0.00001267,458.00000000,0
1531169943821,1531169943816,2172380,0.00001266,3226.00000000,1
1531169945233,1531169945227,2172381,0.00001264,2005.00000000,1
1531169946189,1531169946183,2172382,0.00001265,355.00000000,0
1531169947190,1531169947184,2172383,0.00001265,2145.00000000,0
1531169947223,1531169947219,2172384,0.00001266,1129.00000000,0
1531169986979,1531169986974,2172385,0.00001265,4467.00000000,0
1531169989222,1531169989216,2172386,0.00001265,536.00000000,0
1531169991198,1531169991192,2172387,0.00001266,4623.00000000,0
1531169993187,1531169993182,2172388,0.00001267,134.00000000,0
1531169995198,1531169995193,2172389,0.00001266,4355.00000000,0
1531169995350,1531169995344,2172390,0.00001265,2006.00000000,1
1531170000256,1531170000251,2172391,0.00001266,2003.00000000,0
1531170125851,1531170125845,2172392,0.00001265,9251.00000000,1
1531170125851,1531170125845,2172393,0.00001264,7217.00000000,1
1531170126532,1531170126528,2172394,0.00001265,1821.00000000,0
1531170127241,1531170127237,2172395,0.00001265,2122.00000000,1
1531170128263,1531170128257,2172396,0.00001265,2881.00000000,1
1531170131229,1531170131224,2172397,0.00001265,1.00000000,0
1531170260029,1531170260025,2172398,0.00001265,11872.00000000,0
1531170260233,1531170260227,2172399,0.00001266,4355.00000000,0
1531170260262,1531170260256,2172400,0.00001268,1151.00000000,0
1531170260711,1531170260704,2172401,0.00001265,1441.00000000,1
1531170261245,1531170261238,2172402,0.00001269,3846.00000000,0
1531170261424,1531170261419,2172403,0.00001266,4355.00000000,1
1531170261848,1531170261843,2172404,0.00001266,1916.00000000,1
1531170261848,1531170261843,2172405,0.00001265,96.00000000,1
1531170264595,1531170264592,2172406,0.00001268,1796.00000000,1
1531170264595,1531170264592,2172407,0.00001267,2023.00000000,1
1531170265241,1531170265235,2172408,0.00001267,536.00000000,0
1531170265867,1531170265862,2172409,0.00001267,2007.00000000,1
1531170267237,1531170267231,2172410,0.00001269,1080.00000000,0
1531170268240,1531170268235,2172411,0.00001268,4355.00000000,0
1531170273429,1531170273424,2172412,0.00001268,3145.00000000,0
1531170274233,1531170274227,2172413,0.00001268,3851.00000000,0
1531170279234,1531170279227,2172414,0.00001269,2264.00000000,0
1531170285904,1531170285897,2172415,0.00001268,2004.00000000,1
1531170289244,1531170289238,2172416,0.00001269,825.00000000,0
1531170290241,1531170290236,2172417,0.00001269,1238.00000000,0
1531170290268,1531170290265,2172418,0.00001268,2828.00000000,1
1531170293231,1531170293227,2172419,0.00001269,619.00000000,0
1531170295146,1531170295141,2172420,0.00001269,310.00000000,0
1531170296251,1531170296245,2172421,0.00001270,3392.00000000,0
1531170298917,1531170298914,2172422,0.00001271,234.00000000,0
1531170299457,1531170299451,2172423,0.00001272,2081.00000000,0
1531170303244,1531170303237,2172424,0.00001272,4637.00000000,1
1531170303262,1531170303259,2172425,0.00001271,3155.00000000,1
1531170307122,1531170307118,2172426,0.00001271,2360.00000000,0
1531170310963,1531170310958,2172427,0.00001270,1985.00000000,1
1531170318978,1531170318973,2172428,0.00001271,92.00000000,0
1531170351531,1531170351522,2172429,0.00001271,1922.00000000,0
1531170351531,1531170351522,2172430,0.00001272,2929.00000000,0
1531170351531,1531170351522,2172431,0.00001273,10617.00000000,0
1531170351531,1531170351522,2172432,0.00001274,285.00000000,0
1531170351531,1531170351522,2172433,0.00001275,626.00000000,0
1531170351531,1531170351522,2172434,0.00001277,1531.00000000,0
1531170351531,1531170351522,2172435,0.00001278,2196.00000000,0
1531170351531,1531170351522,2172436,0.00001279,3339.00000000,0
1531170353028,1531170353022,2172437,0.00001278,2470.00000000,0
1531170353028,1531170353022,2172438,0.00001279,3568.00000000,0
1531170353028,1531170353022,2172439,0.00001280,1667.00000000,0
1531170354227,1531170354223,2172440,0.00001277,3053.00000000,1
1531170354687,1531170354683,2172441,0.00001278,1235.00000000,0
1531170355238,1531170355234,2172442,0.00001278,5633.00000000,1
1531170355238,1531170355234,2172443,0.00001277,1302.00000000,1
1531170358226,1531170358219,2172444,0.00001277,9449.00000000,1
1531170358260,1531170358255,2172445,0.00001275,626.00000000,1
1531170360565,1531170360560,2172446,0.00001277,3373.00000000,0
1531170360606,1531170360599,2172447,0.00001277,982.00000000,1
1531170363841,1531170363835,2172448,0.00001274,1787.00000000,1
1531170363841,1531170363835,2172449,0.00001273,4549.00000000,1
1531170363841,1531170363835,2172450,0.00001272,627.00000000,1
1531170364240,1531170364234,2172451,0.00001271,2142.00000000,0
1531170364268,1531170364263,2172452,0.00001272,10287.00000000,0
1531170365251,1531170365245,2172453,0.00001276,4355.00000000,1
1531170366410,1531170366404,2172454,0.00001275,79.00000000,1
1531170368524,1531170368518,2172455,0.00001274,1237.00000000,0
1531170369516,1531170369509,2172456,0.00001274,937.00000000,1
1531170370692,1531170370688,2172457,0.00001273,1706.00000000,1
1531170371002,1531170370998,2172458,0.00001274,2007.00000000,0
1531170371243,1531170371237,2172459,0.00001274,1411.00000000,0
1531170375552,1531170375548,2172460,0.00001273,1058.00000000,1
1531170376014,1531170376006,2172461,0.00001274,1472.00000000,0
1531170376014,1531170376006,2172462,0.00001275,532.00000000,0
1531170381916,1531170381911,2172463,0.00001273,160.00000000,1
1531170386006,1531170386001,2172464,0.00001274,2006.00000000,0
1531170409891,1531170409886,2172465,0.00001273,833.00000000,1
1531170411073,1531170411066,2172466,0.00001274,2003.00000000,0
1531170423585,1531170423582,2172467,0.00001274,118.00000000,0
1531170424916,1531170424909,2172468,0.00001274,3791.00000000,0
1531170425234,1531170425227,2172469,0.00001275,4355.00000000,0
1531170428242,1531170428236,2172470,0.00001275,4750.00000000,0
1531170429226,1531170429220,2172471,0.00001276,674.00000000,0
1531170429377,1531170429371,2172472,0.00001276,2949.00000000,1
1531170429377,1531170429371,2172473,0.00001275,983.00000000,1
1531170430781,1531170430775,2172474,0.00001276,2149.00000000,1
1531170435663,1531170435658,2172475,0.00001276,812.00000000,1
1531170436209,1531170436203,2172476,0.00001276,2003.00000000,1
1531170438700,1531170438694,2172477,0.00001277,1792.00000000,0
1531170439747,1531170439741,2172478,0.00001277,2889.00000000,0
1531170439801,1531170439796,2172479,0.00001277,1271.00000000,1
1531170439808,1531170439802,2172480,0.00001276,264.00000000,1
1531170446510,1531170446504,2172481,0.00001277,932.00000000,1
1531170451247,1531170451241,2172482,0.00001277,2003.00000000,1
1531170514383,1531170514377,2172483,0.00001278,1786.00000000,0
1531170516363,1531170516357,2172484,0.00001277,2005.00000000,1
1531170574046,1531170574038,2172485,0.00001277,2360.00000000,1
1531170588653,1531170588646,2172486,0.00001278,2637.00000000,0
1531170588653,1531170588646,2172487,0.00001279,1814.00000000,0
1531170588653,1531170588646,2172488,0.00001280,12753.00000000,0
1531170591535,1531170591529,2172489,0.00001279,1787.00000000,1
1531170591535,1531170591529,2172490,0.00001278,220.00000000,1
1531170596536,1531170596531,2172491,0.00001279,2.00000000,1
1531170631703,1531170631700,2172492,0.00001279,3766.00000000,1
1531170660442,1531170660435,2172493,0.00001280,79.00000000,0
1531170664244,1531170664240,2172494,0.00001280,118.00000000,0
1531170664489,1531170664485,2172495,0.00001280,79.00000000,0
1531170679698,1531170679692,2172496,0.00001280,158.00000000,0
1531170691159,1531170691154,2172497,0.00001280,367.00000000,0
1531170696577,1531170696572,2172498,0.00001280,2572.00000000,0
1531170706977,1531170706972,2172499,0.00001279,2569.00000000,1
1531170711681,1531170711674,2172500,0.00001280,2003.00000000,0
1531170716050,1531170716046,2172501,0.00001280,2565.00000000,0
1531170721711,1531170721707,2172502,0.00001280,79.00000000,0
1531170739155,1531170739150,2172503,0.00001279,2563.00000000,1
1531170739555,1531170739550,2172504,0.00001279,198.00000000,1
1531170741728,1531170741720,2172505,0.00001280,1193.00000000,0
1531170741728,1531170741720,2172506,0.00001281,810.00000000,0
1531170746846,1531170746840,2172507,0.00001279,2005.00000000,1
1531170749256,1531170749253,2172508,0.00001280,1653.00000000,0
1531170757077,1531170757070,2172509,0.00001280,1780.00000000,1
1531170757983,1531170757979,2172510,0.00001280,1780.00000000,1
1531170767049,1531170767044,2172511,0.00001280,2555.00000000,1
1531170781113,1531170781109,2172512,0.00001281,2551.00000000,0
1531170781900,1531170781894,2172513,0.00001280,2001.00000000,1
1531170795083,1531170795078,2172514,0.00001280,2549.00000000,1
1531170805921,1531170805915,2172515,0.00001280,1212.00000000,1
1531170806527,1531170806521,2172516,0.00001281,2544.00000000,0
1531170812692,1531170812687,2172517,0.00001281,196.00000000,0
1531170813782,1531170813777,2172518,0.00001280,2541.00000000,1
1531170818214,1531170818208,2172519,0.00001281,2537.00000000,0
1531170824162,1531170824157,2172520,0.00001280,2535.00000000,1
1531170828920,1531170828915,2172521,0.00001281,2530.00000000,0
1531170829255,1531170829251,2172522,0.00001281,1151.00000000,0
1531170846797,1531170846792,2172523,0.00001280,2527.00000000,1
1531170851464,1531170851458,2172524,0.00001280,3791.00000000,1
1531170853273,1531170853267,2172525,0.00001281,1858.00000000,0
1531170855042,1531170855036,2172526,0.00001281,929.00000000,0
1531170855941,1531170855934,2172527,0.00001281,465.00000000,1
1531170859401,1531170859397,2172528,0.00001282,428.00000000,0
1531170872608,1531170872602,2172529,0.00001282,3150.00000000,1
1531170874673,1531170874669,2172530,0.00001283,79.00000000,0
1531170876269,1531170876264,2172531,0.00001282,2924.00000000,1
1531170881748,1531170881741,2172532,0.00001283,4001.00000000,0
1531170893267,1531170893264,2172533,0.00001282,4131.00000000,1
1531170894353,1531170894348,2172534,0.00001282,1394.00000000,1
1531170894480,1531170894471,2172535,0.00001282,623.00000000,1
1531170896660,1531170896655,2172536,0.00001283,183.00000000,0
1531170912540,1531170912533,2172537,0.00001283,4714.00000000,0
1531170914577,1531170914572,2172538,0.00001283,589.00000000,1
1531170915548,1531170915543,2172539,0.00001283,2386.00000000,1
1531170916767,1531170916760,2172540,0.00001283,119.00000000,1
1531170917171,1531170917169,2172541,0.00001283,1139.00000000,1
1531170926412,1531170926405,2172542,0.00001283,152.00000000,1
1531170933024,1531170933017,2172543,0.00001283,101.00000000,1
1531170940344,1531170940339,2172544,0.00001283,300.00000000,1
1531170952361,1531170952355,2172545,0.00001283,13955.00000000,1
1531170953270,1531170953263,2172546,0.00001282,4301.00000000,1
1531170954259,1531170954253,2172547,0.00001282,1625.00000000,1
1531170956288,1531170956284,2172548,0.00001282,4301.00000000,1
1531170959267,1531170959263,2172549,0.00001282,4706.00000000,1
1531170963278,1531170963273,2172550,0.00001282,305.00000000,1
1531170964286,1531170964280,2172551,0.00001282,457.00000000,1
1531170966281,1531170966275,2172552,0.00001282,227.00000000,1
1531170967282,1531170967278,2172553,0.00001282,115.00000000,1
1531170974111,1531170974108,2172554,0.00001281,4301.00000000,1
1531170974398,1531170974394,2172555,0.00001280,577.00000000,0
1531170975114,1531170975109,2172556,0.00001280,4113.00000000,0
1531170976207,1531170976201,2172557,0.00001280,5.00000000,0
1531170976289,1531170976283,2172558,0.00001280,4296.00000000,1
1531170978216,1531170978212,2172559,0.00001279,1206.00000000,1
1531170978216,1531170978212,2172560,0.00001276,1852.00000000,1
1531170978217,1531170978212,2172561,0.00001274,158.00000000,1
1531170978217,1531170978212,2172562,0.00001273,79.00000000,1
1531170978217,1531170978212,2172563,0.00001272,548.00000000,1
1531170978267,1531170978261,2172564,0.00001272,316.00000000,1
1531170978267,1531170978261,2172565,0.00001271,108.00000000,1
1531170978267,1531170978261,2172566,0.00001270,631.00000000,1
1531170978293,1531170978288,2172567,0.00001270,1754.00000000,1
1531170979385,1531170979378,2172568,0.00001278,958.00000000,0
1531170979385,1531170979378,2172569,0.00001279,298.00000000,0
1531170979394,1531170979388,2172570,0.00001280,2256.00000000,1
1531170979987,1531170979982,2172571,0.00001280,789.00000000,1
1531170983277,1531170983271,2172572,0.00001275,1391.00000000,0
1531170983277,1531170983271,2172573,0.00001276,4301.00000000,0
1531170985294,1531170985289,2172574,0.00001276,2086.00000000,0
1531170987306,1531170987303,2172575,0.00001277,2008.00000000,0
1531170990380,1531170990375,2172576,0.00001277,1043.00000000,0
1531170991287,1531170991282,2172577,0.00001278,4154.00000000,1
1531170991319,1531170991314,2172578,0.00001277,3258.00000000,1
1531170996875,1531170996871,2172579,0.00001276,464.00000000,1
1531170997318,1531170997314,2172580,0.00001277,2004.00000000,0
1531171003918,1531171003916,2172581,0.00001277,80.00000000,0
1531171008199,1531171008195,2172582,0.00001276,394.00000000,1
1531171012274,1531171012270,2172583,0.00001277,2003.00000000,0
1531171047429,1531171047424,2172584,0.00001276,7812.00000000,1
1531171047764,1531171047758,2172585,0.00001275,92.00000000,0
1531171049277,1531171049273,2172586,0.00001275,1886.00000000,0
1531171050698,1531171050693,2172587,0.00001275,1705.00000000,0
1531171051353,1531171051348,2172588,0.00001275,3378.00000000,1
1531171051833,1531171051828,2172589,0.00001275,1000.00000000,1
1531171053285,1531171053280,2172590,0.00001275,430.00000000,1
1531171082134,1531171082131,2172591,0.00001276,119.00000000,0
1531171082488,1531171082483,2172592,0.00001275,2003.00000000,1
1531171089531,1531171089527,2172593,0.00001275,1798.00000000,1
1531171095685,1531171095679,2172594,0.00001276,783.00000000,0
1531171097526,1531171097520,2172595,0.00001275,2004.00000000,1
1531171105146,1531171105140,2172596,0.00001275,80.00000000,1
1531171193021,1531171193017,2172597,0.00001275,10575.00000000,1
1531171206182,1531171206177,2172598,0.00001275,79.00000000,0
1531171216508,1531171216504,2172599,0.00001275,79.00000000,0
1531171266011,1531171266007,2172600,0.00001275,79.00000000,0
1531171292184,1531171292178,2172601,0.00001275,157.00000000,0
1531171354649,1531171354645,2172602,0.00001275,3081.00000000,0
1531171402431,1531171402427,2172603,0.00001274,5663.00000000,1
1531171403053,1531171403048,2172604,0.00001273,2004.00000000,0
1531171403349,1531171403344,2172605,0.00001272,819.00000000,1
1531171404762,1531171404721,2172606,0.00001273,262.00000000,0
1531171408066,1531171408063,2172607,0.00001274,2006.00000000,0
1531171435890,1531171435886,2172608,0.00001273,472.00000000,1
1531171438136,1531171438131,2172609,0.00001274,2004.00000000,0
1531171623370,1531171623365,2172610,0.00001273,6927.00000000,1
1531171748636,1531171748631,2172611,0.00001273,500.00000000,1
1531171830294,1531171830293,2172612,0.00001273,477.00000000,1
1531171896636,1531171896631,2172613,0.00001273,5364.00000000,0
1531171899691,1531171899686,2172614,0.00001272,2809.00000000,1
1531171904053,1531171904048,2172615,0.00001273,2004.00000000,0
1531171943744,1531171943739,2172616,0.00001272,5358.00000000,1
1531171944125,1531171944120,2172617,0.00001273,2003.00000000,0
1531171952127,1531171952126,2172618,0.00001273,1219.00000000,0
1531171953517,1531171953513,2172619,0.00001273,4274.00000000,0
1531171954392,1531171954387,2172620,0.00001274,6133.00000000,0
1531171956681,1531171956676,2172621,0.00001274,4301.00000000,1
1531171957405,1531171957400,2172622,0.00001275,916.00000000,0
1531171959229,1531171959225,2172623,0.00001274,2007.00000000,1
1531171959923,1531171959921,2172624,0.00001274,1497.00000000,1
1531171969293,1531171969289,2172625,0.00001274,1034.00000000,0
1531171977265,1531171977261,2172626,0.00001274,1144.00000000,0
1531171978364,1531171978359,2172627,0.00001274,729.00000000,1
1531171978486,1531171978482,2172628,0.00001274,786.00000000,0
1531172140566,1531172140562,2172629,0.00001275,5452.00000000,0
1531172142413,1531172142410,2172630,0.00001275,575.00000000,0
1531172144619,1531172144614,2172631,0.00001274,2003.00000000,1
1531172227750,1531172227746,2172632,0.00001275,4589.00000000,0
1531172229416,1531172229413,2172633,0.00001275,1076.00000000,0
1531172232756,1531172232752,2172634,0.00001275,4301.00000000,0
1531172253664,1531172253659,2172635,0.00001275,318.00000000,0
1531172268191,1531172268188,2172636,0.00001275,220.00000000,0
1531172268651,1531172268646,2172637,0.00001276,400.00000000,0
1531172269861,1531172269860,2172638,0.00001275,2004.00000000,1
1531172273032,1531172273027,2172639,0.00001276,4570.00000000,0
1531172273032,1531172273027,2172640,0.00001277,3912.00000000,0
1531172273032,1531172273027,2172641,0.00001278,1552.00000000,0
1531172274484,1531172274481,2172642,0.00001278,994.00000000,0
1531172274595,1531172274591,2172643,0.00001278,280.00000000,1
1531172274883,1531172274880,2172644,0.00001278,2009.00000000,1
1531172275169,1531172275164,2172645,0.00001278,215.00000000,1
1531172275169,1531172275164,2172646,0.00001277,4035.00000000,1
1531172277413,1531172277409,2172647,0.00001277,51.00000000,0
1531172279869,1531172279864,2172648,0.00001276,2004.00000000,1
1531172280428,1531172280423,2172649,0.00001276,2736.00000000,1
1531172280451,1531172280448,2172650,0.00001276,1713.00000000,1
1531172281416,1531172281412,2172651,0.00001276,4301.00000000,1
1531172282421,1531172282417,2172652,0.00001276,1613.00000000,1
1531172284420,1531172284415,2172653,0.00001276,4301.00000000,1
1531172304027,1531172304022,2172654,0.00001276,402.00000000,1
1531172304027,1531172304022,2172655,0.00001275,2407.00000000,1
1531172304189,1531172304187,2172656,0.00001275,1894.00000000,1
1531172304189,1531172304187,2172657,0.00001273,906.00000000,1
1531172309860,1531172309855,2172658,0.00001275,2004.00000000,0
1531172310424,1531172310419,2172659,0.00001275,1980.00000000,0
1531172312455,1531172312449,2172660,0.00001275,3120.00000000,0
1531172313430,1531172313429,2172661,0.00001275,3370.00000000,0
1531172314430,1531172314426,2172662,0.00001275,1560.00000000,0
1531172316381,1531172316378,2172663,0.00001275,780.00000000,0
1531172317420,1531172317415,2172664,0.00001276,4301.00000000,0
1531172318433,1531172318430,2172665,0.00001276,390.00000000,0
1531172319224,1531172319220,2172666,0.00001277,195.00000000,0
1531172319267,1531172319263,2172667,0.00001277,3005.00000000,1
1531172319267,1531172319263,2172668,0.00001276,1296.00000000,1
1531172321423,1531172321419,2172669,0.00001277,4012.00000000,1
1531172321449,1531172321446,2172670,0.00001276,2921.00000000,1
1531172323421,1531172323419,2172671,0.00001275,6309.00000000,1
1531172323444,1531172323440,2172672,0.00001274,626.00000000,1
1531172323709,1531172323706,2172673,0.00001276,2588.00000000,0
1531172326427,1531172326423,2172674,0.00001275,4803.00000000,1
1531172329429,1531172329425,2172675,0.00001275,4678.00000000,1
1531172331750,1531172331745,2172676,0.00001274,3531.00000000,0
1531172332428,1531172332424,2172677,0.00001275,770.00000000,1
1531172339925,1531172339921,2172678,0.00001275,2003.00000000,0
1531172345278,1531172345275,2172679,0.00001275,79.00000000,0
1531172380881,1531172380878,2172680,0.00001274,5180.00000000,1
1531172382852,1531172382847,2172681,0.00001274,1170.00000000,1
1531172383734,1531172383730,2172682,0.00001273,2130.00000000,0
1531172383734,1531172383730,2172683,0.00001274,527.00000000,0
1531172385031,1531172385027,2172684,0.00001275,2003.00000000,0
1531172390467,1531172390463,2172685,0.00001275,588.00000000,0
1531172442499,1531172442494,2172686,0.00001275,7378.00000000,0
1531172445262,1531172445258,2172687,0.00001276,3452.00000000,1
1531172445262,1531172445258,2172688,0.00001275,849.00000000,1
1531172449062,1531172449059,2172689,0.00001276,3410.00000000,1
1531172449422,1531172449418,2172690,0.00001276,2611.00000000,0
1531172450228,1531172450222,2172691,0.00001278,1704.00000000,1
1531172450228,1531172450222,2172692,0.00001277,300.00000000,1
1531172451170,1531172451164,2172693,0.00001278,1710.00000000,0
1531172451430,1531172451426,2172694,0.00001277,356.00000000,1
1531172453285,1531172453281,2172695,0.00001277,1710.00000000,1
1531172456244,1531172456242,2172696,0.00001276,2003.00000000,1
1531172536444,1531172536441,2172697,0.00001277,4408.00000000,0
1531172538447,1531172538444,2172698,0.00001277,3422.00000000,0
1531172540181,1531172540176,2172699,0.00001277,1557.00000000,0
1531172540440,1531172540436,2172700,0.00001277,154.00000000,0
1531172541433,1531172541429,2172701,0.00001277,855.00000000,0
1531172543435,1531172543432,2172702,0.00001277,1985.00000000,0
1531172545442,1531172545438,2172703,0.00001277,214.00000000,0
1531172546144,1531172546141,2172704,0.00001277,107.00000000,0
1531172546443,1531172546438,2172705,0.00001278,4301.00000000,0
1531172547452,1531172547449,2172706,0.00001278,4301.00000000,0
1531172551436,1531172551434,2172707,0.00001278,4301.00000000,0
1531172554455,1531172554451,2172708,0.00001278,4301.00000000,0
1531172615139,1531172615134,2172709,0.00001279,4696.00000000,0
1531172616383,1531172616380,2172710,0.00001280,881.00000000,1
1531172617165,1531172617161,2172711,0.00001280,881.00000000,1
1531172617964,1531172617959,2172712,0.00001280,1297.00000000,1
1531172617964,1531172617959,2172713,0.00001279,3004.00000000,1
