event_time,trade_time,trade_id,price,quantity,maker
1531160273169,1531160273165,2630321,0.00015180,79.22000000,1
1531160274319,1531160274316,2630322,0.00015170,25.01000000,1
1531160275163,1531160275159,2630323,0.00015160,40.72000000,1
1531160276844,1531160276841,2630324,0.00015170,9.38000000,0
1531160283888,1531160283885,2630325,0.00015090,9.35000000,1
1531160286267,1531160286265,2630326,0.00015090,29.86000000,1
1531160287824,1531160287822,2630327,0.00015080,109.09000000,1
1531160289244,1531160289242,2630328,0.00015080,14.24000000,0
1531160291691,1531160291690,2630329,0.00015080,12.37000000,0
1531160295617,1531160295613,2630330,0.00015080,21.33000000,0
1531160295617,1531160295613,2630331,0.00015090,309.79000000,0
1531160315664,1531160315659,2630332,0.00015090,10.11000000,0
1531160400255,1531160400252,2630333,0.00015090,7.00000000,0
1531160403344,1531160403341,2630334,0.00015110,91.84000000,0
1531160412193,1531160412189,2630335,0.00015110,14.18000000,1
1531160414793,1531160414790,2630336,0.00015140,10.66000000,1
1531160418398,1531160418397,2630337,0.00015120,18.86000000,1
1531160451225,1531160451223,2630338,0.00015170,9.38000000,0
1531160451225,1531160451223,2630339,0.00015180,39.21000000,0
1531160451225,1531160451223,2630340,0.00015200,9.87000000,0
1531160451238,1531160451234,2630341,0.00015200,280.51000000,1
1531160451501,1531160451497,2630342,0.00015210,65.91000000,0
1531160505329,1531160505325,2630343,0.00015170,16.03000000,1
1531160507631,1531160507628,2630344,0.00015170,69.30000000,1
1531160592934,1531160592931,2630345,0.00015160,12.37000000,1
1531160636528,1531160636523,2630346,0.00015190,33.18000000,0
1531160636528,1531160636523,2630347,0.00015200,27.70000000,0
1531160636528,1531160636523,2630348,0.00015210,4.95000000,0
1531160641404,1531160641400,2630349,0.00015170,41.98000000,1
1531160651817,1531160651815,2630350,0.00015180,15.00000000,0
1531160651851,1531160651847,2630351,0.00015180,36.17000000,1
1531160652219,1531160652217,2630352,0.00015180,334.55000000,1
1531160652397,1531160652392,2630353,0.00015180,1057.81000000,1
1531160654245,1531160654242,2630354,0.00015150,100.00000000,1
1531160660405,1531160660402,2630355,0.00015150,15.00000000,1
1531160752821,1531160752816,2630356,0.00015130,34.09000000,1
1531160774780,1531160774776,2630357,0.00015130,158.41000000,1
1531160775239,1531160775234,2630358,0.00015130,8.02000000,1
1531160782869,1531160782867,2630359,0.00015140,18.00000000,0
1531160871057,1531160871052,2630360,0.00015130,0.01000000,1
1531160871057,1531160871052,2630361,0.00015120,145.34000000,1
1531160871768,1531160871764,2630362,0.00015140,23.09000000,0
1531160929676,1531160929672,2630363,0.00015140,521.73000000,0
1531160946941,1531160946938,2630364,0.00015120,14.67000000,1
1531161045039,1531161045035,2630365,0.00015150,9.65000000,0
1531161051458,1531161051453,2630366,0.00015160,9.63000000,0
1531161051458,1531161051453,2630367,0.00015170,37.76000000,0
1531161051458,1531161051453,2630368,0.00015220,412.05000000,0
1531161117160,1531161117158,2630369,0.00015150,332.77000000,1
1531161122529,1531161122524,2630370,0.00015150,877.92000000,1
1531161122529,1531161122524,2630371,0.00015120,322.08000000,1
1531161216924,1531161216918,2630372,0.00015190,54.79000000,0
1531161216924,1531161216918,2630373,0.00015200,20.00000000,0
1531161216924,1531161216918,2630374,0.00015210,71.56000000,0
1531161216924,1531161216918,2630375,0.00015220,353.65000000,0
1531161265838,1531161265834,2630376,0.00015220,117.08000000,0
1531161265838,1531161265834,2630377,0.00015230,6.57000000,0
1531161265838,1531161265834,2630378,0.00015240,201.08000000,0
1531161265838,1531161265834,2630379,0.00015250,29.79000000,0
1531161265838,1531161265834,2630380,0.00015260,139.63000000,0
1531161265838,1531161265834,2630381,0.00015270,5.85000000,0
1531161279756,1531161279753,2630382,0.00015170,54.86000000,1
1531161345735,1531161345731,2630383,0.00015150,9.88000000,1
1531161426105,1531161426100,2630384,0.00015160,3.24000000,1
1531161426135,1531161426132,2630385,0.00015160,3.24000000,1
1531161435271,1531161435265,2630386,0.00015200,9.88000000,0
1531161435271,1531161435265,2630387,0.00015210,54.72000000,0
1531161435271,1531161435265,2630388,0.00015260,100.00000000,0
1531161435271,1531161435265,2630389,0.00015270,519.32000000,0
1531161435974,1531161435969,2630390,0.00015180,54.82000000,1
1531161435988,1531161435985,2630391,0.00015160,54.82000000,1
1531161469769,1531161469764,2630392,0.00015170,100.00000000,1
1531161490550,1531161490547,2630393,0.00015160,22.37000000,1
1531161498188,1531161498185,2630394,0.00015170,284.54000000,1
1531161501342,1531161501336,2630395,0.00015160,68.29000000,1
1531161515440,1531161515439,2630396,0.00015160,20.45000000,1
1531161595053,1531161595049,2630397,0.00015160,126.26000000,1
1531161595053,1531161595049,2630398,0.00015150,873.74000000,1
1531161632027,1531161632023,2630399,0.00015150,174.04000000,1
1531161632045,1531161632040,2630400,0.00015150,174.01000000,1
1531161763239,1531161763235,2630401,0.00015150,21.86000000,1
1531161763239,1531161763235,2630402,0.00015140,60.68000000,1
1531161784172,1531161784168,2630403,0.00015150,40.36000000,1
1531161784329,1531161784327,2630404,0.00015140,144.29000000,1
1531161788341,1531161788337,2630405,0.00015120,273.68000000,1
1531161790338,1531161790333,2630406,0.00015110,100.00000000,1
1531161792485,1531161792480,2630407,0.00015100,55.11000000,1
1531161835364,1531161835361,2630408,0.00015110,108.71000000,1
1531161845402,1531161845359,2630409,0.00015110,52.94000000,1
1531161851751,1531161851747,2630410,0.00015100,40.36000000,1
1531161860344,1531161860340,2630411,0.00015110,66.00000000,0
1531162024563,1531162024558,2630412,0.00015100,702.11000000,1
1531162049608,1531162049604,2630413,0.00015110,66.18000000,0
1531162088150,1531162088145,2630414,0.00015100,50.87000000,1
1531162089988,1531162089984,2630415,0.00015090,198.27000000,1
1531162107572,1531162107567,2630416,0.00015080,82.98000000,0
1531162154303,1531162154299,2630417,0.00015090,66.26000000,0
1531162158049,1531162158046,2630418,0.00015090,103.68000000,0
1531162231289,1531162231284,2630419,0.00015100,176.64000000,0
1531162544042,1531162544036,2630420,0.00015100,202.94000000,0
1531162545869,1531162545865,2630421,0.00015100,205.29000000,0
1531162548607,1531162548601,2630422,0.00015100,64.95000000,0
1531162576331,1531162576325,2630423,0.00015100,76.86000000,0
1531162616103,1531162616100,2630424,0.00015090,28.81000000,1
1531162656613,1531162656608,2630425,0.00015090,593.66000000,1
1531162667670,1531162667667,2630426,0.00015090,30.51000000,0
1531162802394,1531162802388,2630427,0.00015090,1.59000000,1
1531162818754,1531162818749,2630428,0.00015110,4.30000000,0
1531162910796,1531162910790,2630429,0.00015110,359.71000000,0
1531162910796,1531162910790,2630430,0.00015130,55.01000000,0
1531162910796,1531162910790,2630431,0.00015200,15.00000000,0
1531162910796,1531162910790,2630432,0.00015250,1504.00000000,0
1531162910796,1531162910790,2630433,0.00015260,66.28000000,0
1531162929176,1531162929170,2630434,0.00015120,24.85000000,1
1531162932932,1531162932928,2630435,0.00015160,22.73000000,1
1531162952291,1531162952286,2630436,0.00015160,32.17000000,1
1531162979688,1531162979684,2630437,0.00015120,55.04000000,1
1531162979688,1531162979684,2630438,0.00015110,448.22000000,1
1531162980468,1531162980465,2630439,0.00015110,38.71000000,0
1531162982458,1531162982453,2630440,0.00015160,16.14000000,1
1531163034602,1531163034597,2630441,0.00015130,24.85000000,0
1531163155297,1531163155291,2630442,0.00015130,400.00000000,1
1531163179318,1531163179313,2630443,0.00015130,12.34000000,1
1531163392148,1531163392140,2630444,0.00015130,30.43000000,1
1531163392148,1531163392140,2630445,0.00015120,206.40000000,1
1531163392148,1531163392140,2630446,0.00015100,50.00000000,1
1531163392148,1531163392140,2630447,0.00015090,20.04000000,1
1531163392148,1531163392140,2630448,0.00015070,173.08000000,1
1531163392148,1531163392140,2630449,0.00015050,39.58000000,1
1531163392148,1531163392140,2630450,0.00015030,808.47000000,1
1531163392148,1531163392140,2630451,0.00015020,1064.68000000,1
1531163394658,1531163394652,2630452,0.00015110,47.42000000,1
1531163400578,1531163400571,2630453,0.00015110,7.66000000,1
1531163400578,1531163400571,2630454,0.00015020,769.50000000,1
1531163400578,1531163400571,2630455,0.00015010,942.26000000,1
1531163400578,1531163400571,2630456,0.00015000,5280.58000000,1
1531163406791,1531163406784,2630457,0.00015010,44.76000000,1
1531163406791,1531163406784,2630458,0.00015000,1455.24000000,1
1531163413767,1531163413762,2630459,0.00015030,14.25000000,0
1531163416667,1531163416662,2630460,0.00015020,44.76000000,0
1531163437718,1531163437712,2630461,0.00015040,0.01000000,0
1531163440539,1531163440534,2630462,0.00015040,472.08000000,0
1531163442522,1531163442516,2630463,0.00015050,55.30000000,0
1531163447991,1531163447984,2630464,0.00015040,97.33000000,1
1531163447991,1531163447984,2630465,0.00015030,390.95000000,1
1531163447991,1531163447984,2630466,0.00015020,318.26000000,1
1531163447991,1531163447984,2630467,0.00015010,893.46000000,1
1531163478415,1531163478410,2630468,0.00015020,103.77000000,1
1531163478415,1531163478410,2630469,0.00015010,396.23000000,1
1531163485526,1531163485520,2630470,0.00015030,42.00000000,0
1531163486542,1531163486537,2630471,0.00015040,103.77000000,0
1531163489540,1531163489533,2630472,0.00015020,252.19000000,0
1531163530381,1531163530376,2630473,0.00015030,58.95000000,1
1531163530381,1531163530376,2630474,0.00015010,357.81000000,1
1531163530381,1531163530376,2630475,0.00015000,83.24000000,1
1531163539402,1531163539396,2630476,0.00015060,6.66000000,0
1531163541281,1531163541275,2630477,0.00015060,6.66000000,0
1531163568612,1531163568608,2630478,0.00015040,15.00000000,0
1531163568612,1531163568608,2630479,0.00015050,15.00000000,0
1531163568612,1531163568608,2630480,0.00015060,83.56000000,0
1531163578904,1531163578899,2630481,0.00015000,13.58000000,1
1531163640226,1531163640221,2630482,0.00015070,6.66000000,0
1531163660380,1531163660375,2630483,0.00015070,6.63000000,0
1531163702898,1531163702895,2630484,0.00015070,27.18000000,0
1531163702929,1531163702925,2630485,0.00015070,14.75000000,0
1531163702961,1531163702958,2630486,0.00015090,12.43000000,0
1531163725118,1531163725113,2630487,0.00015100,66.22000000,0
1531163742322,1531163742318,2630488,0.00015050,14.75000000,1
1531163798042,1531163798035,2630489,0.00015040,24.05000000,1
1531163798730,1531163798724,2630490,0.00015040,116.03000000,0
1531163801034,1531163801030,2630491,0.00015080,6.64000000,0
1531163811064,1531163811059,2630492,0.00015080,8.11000000,0
1531163812234,1531163812230,2630493,0.00015080,8.11000000,1
1531163813038,1531163813032,2630494,0.00015080,14.18000000,1
1531163819078,1531163819071,2630495,0.00015080,1100.00000000,1
1531164004664,1531164004658,2630496,0.00015080,24.98000000,1
1531164008835,1531164008829,2630497,0.00015080,178.33000000,1
1531164067563,1531164067557,2630498,0.00015070,7.10000000,0
1531164116877,1531164116873,2630499,0.00015070,7.65000000,0
1531164181960,1531164181957,2630500,0.00015080,66.31000000,0
1531164194009,1531164194006,2630501,0.00015050,0.01000000,1
1531164232187,1531164232184,2630502,0.00015080,6.64000000,0
1531164337337,1531164337331,2630503,0.00015050,12.37000000,1
1531164536841,1531164536835,2630504,0.00015080,14.00000000,0
1531164657893,1531164657887,2630505,0.00015080,888.95000000,0
1531164710653,1531164710647,2630506,0.00015080,140.64000000,1
1531164796596,1531164796591,2630507,0.00015080,12.62000000,0
1531164816542,1531164816537,2630508,0.00015080,1042.79000000,0
1531164933646,1531164933643,2630509,0.00015080,15.00000000,0
1531164933664,1531164933658,2630510,0.00015090,23.30000000,0
1531164933670,1531164933663,2630511,0.00015100,191.32000000,0
1531164933670,1531164933663,2630512,0.00015120,55.04000000,0
1531164933685,1531164933678,2630513,0.00015150,15.00000000,0
1531164933685,1531164933678,2630514,0.00015170,8.30000000,0
1531164947208,1531164947202,2630515,0.00015150,8.07000000,0
1531165037786,1531165037778,2630516,0.00015090,280.07000000,1
1531165037786,1531165037778,2630517,0.00015080,55.19000000,1
1531165037786,1531165037778,2630518,0.00015070,9.95000000,1
1531165037786,1531165037778,2630519,0.00015060,13.30000000,1
1531165037786,1531165037778,2630520,0.00015050,15.00000000,1
1531165037786,1531165037778,2630521,0.00015040,39.23000000,1
1531165037786,1531165037778,2630522,0.00015010,212.28000000,1
1531165037786,1531165037778,2630523,0.00015000,266.29000000,1
1531165038449,1531165038442,2630524,0.00015090,45.67000000,0
1531165282305,1531165282300,2630525,0.00015050,13.43000000,1
1531165545374,1531165545368,2630526,0.00015070,9.98000000,1
1531165573990,1531165573984,2630527,0.00015070,7.48000000,1
1531165595071,1531165595063,2630528,0.00015070,27.54000000,1
1531165595071,1531165595063,2630529,0.00015060,141.00000000,1
1531165595071,1531165595063,2630530,0.00015050,195.89000000,1
1531165595071,1531165595063,2630531,0.00015000,82.40000000,1
1531165595071,1531165595063,2630532,0.00014990,135.29000000,1
1531165597654,1531165597649,2630533,0.00015000,9.95000000,1
1531165634945,1531165634938,2630534,0.00015060,9.95000000,0
1531165648146,1531165648141,2630535,0.00015010,10.11000000,1
1531165650873,1531165650866,2630536,0.00015060,46.77000000,0
1531165658210,1531165658202,2630537,0.00015060,28.54000000,0
1531165658210,1531165658202,2630538,0.00015090,16.46000000,0
1531165726513,1531165726506,2630539,0.00015040,117.09000000,1
1531165726513,1531165726506,2630540,0.00015030,70.37000000,1
1531165726513,1531165726506,2630541,0.00015010,19.93000000,1
1531165726513,1531165726506,2630542,0.00015000,252.70000000,1
1531165726513,1531165726506,2630543,0.00014990,281.91000000,1
1531165729179,1531165729173,2630544,0.00015070,6.67000000,0
1531166010406,1531166010399,2630545,0.00015060,10.07000000,0
1531166406889,1531166406885,2630546,0.00015020,113.70000000,0
1531166408285,1531166408281,2630547,0.00015020,13.31000000,0
1531166415183,1531166415178,2630548,0.00015020,176.33000000,0
1531166415215,1531166415209,2630549,0.00015020,43.55000000,0
1531166428575,1531166428569,2630550,0.00015020,0.05000000,0
1531166428575,1531166428569,2630551,0.00015060,13.23000000,0
1531166701954,1531166701947,2630552,0.00015060,31.96000000,0
1531166768058,1531166768050,2630553,0.00015070,3.32000000,0
1531166768058,1531166768050,2630554,0.00015080,15.00000000,0
1531166768058,1531166768050,2630555,0.00015090,48.03000000,0
1531166780575,1531166780571,2630556,0.00015050,133.24000000,1
1531166935942,1531166935939,2630557,0.00015050,175.19000000,1
1531166935942,1531166935939,2630558,0.00015040,55.33000000,1
1531166935942,1531166935939,2630559,0.00015020,101.07000000,1
1531166935942,1531166935939,2630560,0.00015010,257.39000000,1
1531166935942,1531166935939,2630561,0.00015000,365.24000000,1
1531166935957,1531166935956,2630562,0.00015000,50.15000000,0
1531166937049,1531166937042,2630563,0.00015060,79.98000000,1
1531166985463,1531166985456,2630564,0.00015050,100.00000000,0
1531167023030,1531167023025,2630565,0.00015040,15.00000000,0
1531167023057,1531167023054,2630566,0.00015060,55.16000000,0
1531167076914,1531167076908,2630567,0.00015050,90.30000000,1
1531167190805,1531167190796,2630568,0.00015040,17.94000000,1
1531167190805,1531167190796,2630569,0.00015020,55.41000000,1
1531167190805,1531167190796,2630570,0.00015010,30.00000000,1
1531167190805,1531167190796,2630571,0.00014990,396.65000000,1
1531167199935,1531167199931,2630572,0.00015040,99.45000000,1
1531167202996,1531167202991,2630573,0.00015060,32.39000000,0
1531167219821,1531167219815,2630574,0.00015010,11.83000000,1
1531167245324,1531167245321,2630575,0.00015020,33.67000000,1
1531167249809,1531167249803,2630576,0.00015050,249.98000000,0
1531167249828,1531167249827,2630577,0.00015050,44.38000000,0
1531167265375,1531167265369,2630578,0.00015020,61.90000000,1
1531167265389,1531167265385,2630579,0.00015020,65.72000000,0
1531167265392,1531167265392,2630580,0.00015020,6.87000000,0
1531167352625,1531167352619,2630581,0.00015020,113.84000000,1
1531167352642,1531167352636,2630582,0.00015020,113.75000000,0
1531167352643,1531167352638,2630583,0.00015020,19.89000000,0
1531167352670,1531167352664,2630584,0.00015020,558.79000000,0
1531167352671,1531167352665,2630585,0.00015020,45.91000000,0
1531167352679,1531167352673,2630586,0.00015020,113.75000000,0
1531167352689,1531167352685,2630587,0.00015020,217.16000000,0
1531167353954,1531167353948,2630588,0.00014990,51.52000000,1
1531167356214,1531167356207,2630589,0.00015010,100.00000000,0
1531167447361,1531167447355,2630590,0.00015020,9.99000000,0
1531167447393,1531167447387,2630591,0.00015020,30.00000000,0
1531167492841,1531167492837,2630592,0.00014990,119.44000000,1
1531167492841,1531167492837,2630593,0.00014980,380.56000000,1
1531167691135,1531167691131,2630594,0.00015000,19.88000000,1
1531167717788,1531167717782,2630595,0.00015000,196.30000000,0
1531167840780,1531167840774,2630596,0.00015000,0.98000000,0
1531167840780,1531167840774,2630597,0.00015010,445.58000000,0
1531167840780,1531167840774,2630598,0.00015020,1506.61000000,0
1531167878399,1531167878393,2630599,0.00015020,1757.96000000,0
1531167891186,1531167891180,2630600,0.00015020,1481.29000000,0
1531167893046,1531167893039,2630601,0.00015030,55.37000000,0
1531167906598,1531167906592,2630602,0.00015060,8.97000000,0
1531167906598,1531167906592,2630603,0.00015070,0.20000000,0
1531167909760,1531167909759,2630604,0.00015010,55.45000000,1
1531167910203,1531167910197,2630605,0.00015010,613.88000000,0
1531167912043,1531167912039,2630606,0.00015040,55.33000000,0
1531167927118,1531167927111,2630607,0.00015020,8.97000000,1
1531167930133,1531167930126,2630608,0.00015000,58.41000000,1
1531167996207,1531167996200,2630609,0.00015030,8.97000000,0
1531168091843,1531168091837,2630610,0.00015030,184.54000000,1
1531168091880,1531168091873,2630611,0.00015020,42.39000000,0
1531168138911,1531168138906,2630612,0.00015020,230.47000000,0
1531168194201,1531168194195,2630613,0.00015020,532.97000000,0
1531168310759,1531168310751,2630614,0.00015000,23.97000000,1
1531168310759,1531168310751,2630615,0.00014990,735.89000000,1
1531168310759,1531168310751,2630616,0.00014980,186.91000000,1
1531168310759,1531168310751,2630617,0.00014970,418.00000000,1
1531168310759,1531168310751,2630618,0.00014960,434.77000000,1
1531168310759,1531168310751,2630619,0.00014950,30.72000000,1
1531168310759,1531168310751,2630620,0.00014940,1325.77000000,1
1531168310774,1531168310767,2630621,0.00014940,181.99000000,0
1531168323483,1531168323479,2630622,0.00015000,10.04000000,0
1531168323483,1531168323479,2630623,0.00015010,53.15000000,0
1531168323483,1531168323479,2630624,0.00015040,3.47000000,0
1531168329078,1531168329073,2630625,0.00014990,10.02000000,0
1531168339092,1531168339092,2630626,0.00014990,0.01000000,0
1531168376151,1531168376147,2630627,0.00014960,10.13000000,1
1531168376611,1531168376606,2630628,0.00014960,6.76000000,1
1531168419718,1531168419714,2630629,0.00015000,15.00000000,0
1531168454272,1531168454270,2630630,0.00015010,15.00000000,0
1531168468818,1531168468813,2630631,0.00015020,6.07000000,0
1531168609096,1531168609089,2630632,0.00015020,7.11000000,0
1531168613124,1531168613118,2630633,0.00015020,8.81000000,0
1531168757110,1531168757105,2630634,0.00015040,7.56000000,0
1531168767528,1531168767523,2630635,0.00015040,66.87000000,0
1531168917752,1531168917746,2630636,0.00015040,0.12000000,0
1531168917752,1531168917746,2630637,0.00015060,149.88000000,0
1531168949376,1531168949371,2630638,0.00015060,102.51000000,0
1531168949376,1531168949371,2630639,0.00015070,8.77000000,0
1531168949376,1531168949371,2630640,0.00015080,15.00000000,0
1531168949376,1531168949371,2630641,0.00015090,58.97000000,0
1531169060049,1531169060041,2630642,0.00015080,52.90000000,0
1531169060049,1531169060041,2630643,0.00015090,13.41000000,0
1531169199831,1531169199829,2630644,0.00015030,25.39000000,1
1531169199831,1531169199829,2630645,0.00015020,63.37000000,1
1531169199831,1531169199829,2630646,0.00015010,9.99000000,1
1531169199831,1531169199829,2630647,0.00014980,9.96000000,1
1531169281631,1531169281626,2630648,0.00014980,16.62000000,1
1531169421215,1531169421212,2630649,0.00015040,52.94000000,0
1531169421215,1531169421212,2630650,0.00015050,13.54000000,0
1531169649306,1531169649299,2630651,0.00015050,503.01000000,0
1531169649306,1531169649299,2630652,0.00015070,24.99000000,0
1531169649306,1531169649299,2630653,0.00015100,165.58000000,0
1531169649325,1531169649323,2630654,0.00015100,52.94000000,1
1531169649329,1531169649324,2630655,0.00015100,323.80000000,1
1531169649333,1531169649327,2630656,0.00015100,427.97000000,1
1531169649343,1531169649340,2630657,0.00015100,52.94000000,1
1531169649368,1531169649365,2630658,0.00015100,11.24000000,1
1531169649373,1531169649368,2630659,0.00015100,7.49000000,1
1531169649604,1531169649599,2630660,0.00015110,6.62000000,0
1531169649604,1531169649599,2630661,0.00015120,15.00000000,0
1531169649604,1531169649599,2630662,0.00015130,253.38000000,0
1531169650384,1531169650380,2630663,0.00015100,621.27000000,1
1531169651243,1531169651236,2630664,0.00015070,52.94000000,1
1531169661385,1531169661378,2630665,0.00015100,2192.95000000,1
1531169662410,1531169662404,2630666,0.00015080,47.40000000,1
1531169662410,1531169662404,2630667,0.00015070,5.54000000,1
1531169664255,1531169664250,2630668,0.00015070,47.40000000,1
1531169669397,1531169669392,2630669,0.00015040,50.01000000,1
1531169671259,1531169671255,2630670,0.00015030,53.08000000,1
1531169678407,1531169678402,2630671,0.00015030,15.00000000,1
1531169693342,1531169693337,2630672,0.00015010,25.00000000,1
1531169710720,1531169710714,2630673,0.00015010,15.00000000,1
1531169712594,1531169712588,2630674,0.00015000,25.00000000,1
1531169730302,1531169730297,2630675,0.00015000,13.48000000,1
1531169781221,1531169781215,2630676,0.00015010,32.40000000,0
1531169781221,1531169781215,2630677,0.00015030,8.57000000,0
1531169880305,1531169880299,2630678,0.00015020,18.06000000,0
1531169880305,1531169880299,2630679,0.00015030,19.39000000,0
1531169880305,1531169880299,2630680,0.00015040,29.12000000,0
1531169949521,1531169949515,2630681,0.00015020,71.81000000,1
1531169949521,1531169949515,2630682,0.00015010,26.69000000,1
1531169950751,1531169950745,2630683,0.00015040,18.78000000,0
1531170003375,1531170003370,2630684,0.00015040,41.20000000,0
1531170003399,1531170003394,2630685,0.00015040,4.74000000,0
1531170003399,1531170003394,2630686,0.00015050,15.00000000,0
1531170003399,1531170003394,2630687,0.00015060,15.00000000,0
1531170003399,1531170003394,2630688,0.00015070,52.94000000,0
1531170003399,1531170003394,2630689,0.00015080,51.48000000,0
1531170004762,1531170004755,2630690,0.00015120,4.03000000,0
1531170060313,1531170060307,2630691,0.00015110,75.36000000,0
1531170064461,1531170064457,2630692,0.00015060,74.81000000,1
1531170064830,1531170064824,2630693,0.00015060,0.01000000,1
1531170330515,1531170330509,2630694,0.00015050,68.01000000,1
1531170380710,1531170380703,2630695,0.00015080,15.00000000,0
1531170380710,1531170380703,2630696,0.00015090,38.50000000,0
1531170435781,1531170435777,2630697,0.00015040,46.00000000,1
1531170538096,1531170538091,2630698,0.00015040,45.90000000,1
1531170542089,1531170542084,2630699,0.00015040,45.91000000,1
1531170600761,1531170600755,2630700,0.00015090,9.97000000,0
1531170703060,1531170703054,2630701,0.00015090,229.11000000,0
1531170713463,1531170713460,2630702,0.00015090,66.26000000,0
1531170718966,1531170718960,2630703,0.00015090,114.55000000,0
1531170773176,1531170773170,2630704,0.00015090,28.64000000,0
1531170844835,1531170844832,2630705,0.00015040,9.90000000,1
1531170911589,1531170911583,2630706,0.00015020,53.11000000,1
1531170911589,1531170911583,2630707,0.00015000,151.23000000,1
1531170966630,1531170966626,2630708,0.00014990,6.80000000,1
1531170969181,1531170969175,2630709,0.00015030,15.00000000,0
1531170969181,1531170969175,2630710,0.00015040,152.00000000,0
1531171047974,1531171047969,2630711,0.00015070,50.00000000,1
1531171047974,1531171047969,2630712,0.00015060,50.00000000,1
1531171156345,1531171156340,2630713,0.00015080,9.00000000,0
1531171214127,1531171214121,2630714,0.00015080,0.90000000,0
1531171219635,1531171219631,2630715,0.00015080,404.73000000,1
1531171219635,1531171219631,2630716,0.00015070,10.00000000,1
1531171219635,1531171219631,2630717,0.00015060,50.00000000,1
1531171219635,1531171219631,2630718,0.00015050,461.12000000,1
1531171480042,1531171480039,2630719,0.00015090,15.00000000,0
1531171480078,1531171480074,2630720,0.00015120,640.99000000,0
1531171480210,1531171480205,2630721,0.00015130,401.24000000,0
1531171481416,1531171481411,2630722,0.00015120,189.98000000,1
1531171486885,1531171486881,2630723,0.00015080,15.00000000,1
1531171557851,1531171557846,2630724,0.00015090,68.01000000,1
1531171557851,1531171557846,2630725,0.00015080,71.61000000,1
1531171558578,1531171558572,2630726,0.00015050,318.88000000,1
1531171579638,1531171579619,2630727,0.00015040,303.04000000,1
1531171579638,1531171579619,2630728,0.00015030,10.00000000,1
1531171579638,1531171579619,2630729,0.00015020,367.87000000,1
1531171579638,1531171579619,2630730,0.00015010,500.00000000,1
1531171579638,1531171579619,2630731,0.00015000,200.00000000,1
1531171579638,1531171579619,2630732,0.00014990,403.67000000,1
1531171579638,1531171579619,2630733,0.00014980,30.03000000,1
1531171579638,1531171579619,2630734,0.00014970,47.06000000,1
1531171579638,1531171579619,2630735,0.00014960,1554.15000000,1
1531171579638,1531171579619,2630736,0.00014950,1296.03000000,1
1531171579638,1531171579619,2630737,0.00014940,38.75000000,1
1531171579638,1531171579619,2630738,0.00014930,1250.63000000,1
1531171579638,1531171579619,2630739,0.00014920,2921.17000000,1
1531171579638,1531171579619,2630740,0.00014910,147.45000000,1
1531171579638,1531171579619,2630741,0.00014900,631.95000000,1
1531171579638,1531171579619,2630742,0.00014890,744.40000000,1
1531171579638,1531171579619,2630743,0.00014880,65.99000000,1
1531171579638,1531171579619,2630744,0.00014870,21.38000000,1
1531171579638,1531171579619,2630745,0.00014860,20.63000000,1
1531171579638,1531171579619,2630746,0.00014850,1032.12000000,1
1531171579638,1531171579619,2630747,0.00014840,176.37000000,1
1531171579638,1531171579619,2630748,0.00014830,683.04000000,1
1531171579638,1531171579619,2630749,0.00014820,408.31000000,1
1531171579638,1531171579619,2630750,0.00014810,370.02000000,1
1531171579638,1531171579619,2630751,0.00014800,1324.54000000,1
1531171579638,1531171579619,2630752,0.00014790,584.69000000,1
1531171579638,1531171579619,2630753,0.00014780,114.22000000,1
1531171579638,1531171579619,2630754,0.00014770,3752.49000000,1
1531171579638,1531171579619,2630755,0.00014770,41.93000000,1
1531171579652,1531171579648,2630756,0.00014780,353.86000000,0
1531171579658,1531171579653,2630757,0.00014800,98.24000000,0
1531171580158,1531171580155,2630758,0.00015040,10.02000000,1
1531171580265,1531171580261,2630759,0.00015040,206.74000000,1
1531171580279,1531171580274,2630760,0.00014890,160.41000000,0
1531171580281,1531171580276,2630761,0.00014890,0.01000000,0
1531171580341,1531171580336,2630762,0.00014920,37.39000000,0
1531171580381,1531171580376,2630763,0.00014920,208.85000000,0
1531171580418,1531171580414,2630764,0.00014920,53.76000000,0
1531171580682,1531171580678,2630765,0.00014900,40.23000000,0
1531171580682,1531171580678,2630766,0.00014920,53.46000000,0
1531171581413,1531171581408,2630767,0.00014920,0.01000000,0
1531171581413,1531171581408,2630768,0.00014970,8.05000000,0
1531171582188,1531171582183,2630769,0.00014980,6.19000000,1
1531171582788,1531171582784,2630770,0.00014950,53.36000000,1
1531171583113,1531171583111,2630771,0.00014890,0.01000000,1
1531171587924,1531171587920,2630772,0.00014950,0.01000000,0
1531171591377,1531171591370,2630773,0.00014920,82.56000000,0
1531171591433,1531171591431,2630774,0.00014930,7.26000000,0
1531171594264,1531171594262,2630775,0.00014910,413.18000000,1
1531171594299,1531171594294,2630776,0.00014910,62.27000000,0
1531171596364,1531171596358,2630777,0.00014900,15.00000000,0
1531171598458,1531171598453,2630778,0.00014900,82.23000000,0
1531171600487,1531171600482,2630779,0.00014910,0.03000000,0
1531171601852,1531171601849,2630780,0.00014940,29.05000000,0
1531171610426,1531171610420,2630781,0.00014920,792.54000000,0
1531171621720,1531171621715,2630782,0.00014920,68.74000000,0
1531171623726,1531171623721,2630783,0.00014920,409.63000000,0
1531171630185,1531171630180,2630784,0.00014890,33.94000000,1
1531171630585,1531171630579,2630785,0.00014890,13.58000000,1
1531171631344,1531171631342,2630786,0.00014890,10.19000000,1
1531171631647,1531171631644,2630787,0.00014890,13.58000000,1
1531171632064,1531171632059,2630788,0.00014890,6.79000000,1
1531171634190,1531171634186,2630789,0.00014890,20.37000000,1
1531171635097,1531171635091,2630790,0.00014890,48.83000000,1
1531171635118,1531171635114,2630791,0.00014880,86.93000000,0
1531171649461,1531171649457,2630792,0.00014920,15.43000000,0
1531171651409,1531171651405,2630793,0.00014890,10.19000000,1
1531171651467,1531171651462,2630794,0.00014930,29.58000000,0
1531171657894,1531171657889,2630795,0.00014890,123.50000000,1
1531171659256,1531171659251,2630796,0.00014910,117.43000000,0
1531171659323,1531171659321,2630797,0.00014910,117.53000000,0
1531171669728,1531171669724,2630798,0.00014880,49.19000000,0
1531171670652,1531171670647,2630799,0.00014870,26.11000000,1
1531171671455,1531171671452,2630800,0.00014870,13.92000000,1
1531171672823,1531171672819,2630801,0.00014870,14.52000000,0
1531171674151,1531171674146,2630802,0.00014860,39.14000000,1
1531171675587,1531171675581,2630803,0.00014860,9.75000000,1
1531171676506,1531171676502,2630804,0.00014860,71.61000000,1
1531171677023,1531171677018,2630805,0.00014860,82.27000000,1
1531171685868,1531171685863,2630806,0.00014860,82.61000000,1
1531171693306,1531171693302,2630807,0.00014860,52.69000000,1
1531171703056,1531171703051,2630808,0.00014860,46.04000000,1
1531171703083,1531171703080,2630809,0.00014860,10.21000000,0
1531171703101,1531171703097,2630810,0.00014860,10.21000000,0
1531171703109,1531171703106,2630811,0.00014860,75.54000000,0
1531171706085,1531171706080,2630812,0.00014850,7.41000000,1
1531171709146,1531171709140,2630813,0.00014860,0.03000000,0
1531171709146,1531171709140,2630814,0.00014870,107.51000000,0
1531171712839,1531171712835,2630815,0.00014870,55.95000000,0
1531171717118,1531171717114,2630816,0.00014870,17.52000000,0
1531171717146,1531171717141,2630817,0.00014870,17.53000000,0
1531171717155,1531171717153,2630818,0.00014870,16.81000000,0
1531171722491,1531171722487,2630819,0.00014870,64.10000000,0
1531171723455,1531171723453,2630820,0.00014870,76.33000000,0
1531171815162,1531171815157,2630821,0.00014880,0.02000000,0
1531171827841,1531171827836,2630822,0.00014880,87.14000000,1
1531171832785,1531171832782,2630823,0.00014850,64.62000000,1
1531171833465,1531171833462,2630824,0.00014880,16.12000000,0
1531171860772,1531171860770,2630825,0.00014880,8.00000000,0
1531171960009,1531171960004,2630826,0.00014880,51.90000000,0
1531171970368,1531171970364,2630827,0.00014880,39.78000000,0
1531171971622,1531171971617,2630828,0.00014880,19.68000000,1
1531172003387,1531172003381,2630829,0.00014890,50.00000000,0
1531172014513,1531172014508,2630830,0.00014830,44.93000000,1
1531172014513,1531172014508,2630831,0.00014820,20.31000000,1
1531172014513,1531172014508,2630832,0.00014810,14.17000000,1
1531172014513,1531172014508,2630833,0.00014800,27.65000000,1
1531172014513,1531172014508,2630834,0.00014790,54.37000000,1
1531172014513,1531172014508,2630835,0.00014780,88.55000000,1
1531172019182,1531172019176,2630836,0.00014870,28.60000000,0
1531172031630,1531172031626,2630837,0.00014860,15.00000000,0
1531172036391,1531172036386,2630838,0.00014830,60.86000000,1
1531172037392,1531172037388,2630839,0.00014830,24.89000000,1
1531172037392,1531172037388,2630840,0.00014820,39.29000000,1
1531172048243,1531172048239,2630841,0.00014870,33.73000000,0
1531172048258,1531172048252,2630842,0.00014870,10.25000000,0
1531172048258,1531172048252,2630843,0.00014880,10.12000000,0
1531172048258,1531172048252,2630844,0.00014890,47.10000000,0
1531172048404,1531172048399,2630845,0.00014890,79.54000000,0
1531172048404,1531172048399,2630846,0.00014950,40.03000000,0
1531172048404,1531172048399,2630847,0.00014960,49.12000000,0
1531172052484,1531172052479,2630848,0.00014860,15.00000000,0
1531172059445,1531172059442,2630849,0.00014960,7.00000000,0
1531172074382,1531172074376,2630850,0.00014840,34.03000000,1
1531172075230,1531172075226,2630851,0.00014840,10.21000000,1
1531172075539,1531172075533,2630852,0.00014840,6.81000000,1
1531172081476,1531172081471,2630853,0.00014860,8.39000000,0
1531172085527,1531172085523,2630854,0.00014840,99.67000000,1
1531172118964,1531172118961,2630855,0.00014870,8.00000000,0
1531172119060,1531172119055,2630856,0.00014870,7.00000000,0
1531172119060,1531172119055,2630857,0.00014880,7.40000000,0
1531172120475,1531172120470,2630858,0.00014880,140.67000000,0
1531172130560,1531172130555,2630859,0.00014840,26.74000000,1
1531172146481,1531172146476,2630860,0.00014870,34.01000000,0
1531172147492,1531172147487,2630861,0.00014880,15.00000000,0
1531172157875,1531172157871,2630862,0.00014920,508.90000000,0
1531172177191,1531172177187,2630863,0.00014850,139.53000000,1
1531172226477,1531172226472,2630864,0.00014880,15.00000000,0
1531172241272,1531172241268,2630865,0.00014890,43.70000000,0
1531172247488,1531172247484,2630866,0.00014880,15.00000000,0
1531172261485,1531172261481,2630867,0.00014880,338.07000000,0
1531172275819,1531172275814,2630868,0.00014850,6.81000000,1
1531172309886,1531172309882,2630869,0.00014860,292.67000000,1
1531172384511,1531172384508,2630870,0.00014890,15.00000000,0
1531172394501,1531172394498,2630871,0.00014900,204.57000000,0
1531172395648,1531172395643,2630872,0.00014890,85.75000000,0
1531172397502,1531172397498,2630873,0.00014910,10.10000000,0
1531172417323,1531172417319,2630874,0.00014920,8.00000000,0
1531172427649,1531172427645,2630875,0.00014920,45.47000000,0
1531172433802,1531172433797,2630876,0.00014960,33.42000000,0
1531172486465,1531172486462,2630877,0.00014960,7.64000000,0
1531172486654,1531172486650,2630878,0.00014960,36.93000000,0
1531172505571,1531172505566,2630879,0.00014920,20.05000000,0
1531172596045,1531172596041,2630880,0.00014910,123.31000000,0
1531172619465,1531172619461,2630881,0.00014910,761.11000000,0
1531172653878,1531172653874,2630882,0.00014910,1006.64000000,1
1531172655615,1531172655611,2630883,0.00014920,13.37000000,1
1531172683281,1531172683278,2630884,0.00014920,8.40000000,0
1531172729545,1531172729542,2630885,0.00014920,64.56000000,1
1531172774538,1531172774534,2630886,0.00014920,52.61000000,1
1531172805880,1531172805877,2630887,0.00014930,45.41000000,0
1531172813553,1531172813550,2630888,0.00014930,54.12000000,1
1531172989566,1531172989563,2630889,0.00014930,125.49000000,1
1531173080700,1531173080696,2630890,0.00014940,329.78000000,1
1531173098584,1531173098580,2630891,0.00014950,66.88000000,0
1531173177673,1531173177670,2630892,0.00014950,14.84000000,0
1531173237074,1531173237071,2630893,0.00014950,179.47000000,0
1531173362146,1531173362142,2630894,0.00014920,99.66000000,1
1531173388201,1531173388198,2630895,0.00014920,30.00000000,1
1531173485055,1531173485052,2630896,0.00014910,141.93000000,1
1531173487928,1531173487924,2630897,0.00014900,10.07000000,1
1531173496919,1531173496916,2630898,0.00014900,37.66000000,1
1531173526438,1531173526435,2630899,0.00014900,38.63000000,1
1531173582317,1531173582313,2630900,0.00014900,51.29000000,0
1531173615996,1531173615993,2630901,0.00014890,10.00000000,1
1531173615996,1531173615993,2630902,0.00014880,36.99000000,1
1531173617982,1531173617979,2630903,0.00014900,8.00000000,0
1531173730995,1531173730993,2630904,0.00014900,11.51000000,0
1531173740442,1531173740438,2630905,0.00014930,17.05000000,0
1531173743960,1531173743957,2630906,0.00014930,66.97000000,0
1531173816262,1531173816258,2630907,0.00014900,30.62000000,1
1531173816262,1531173816258,2630908,0.00014890,15.00000000,1
1531173816262,1531173816258,2630909,0.00014880,15.26000000,1
1531173876910,1531173876907,2630910,0.00014890,15.00000000,1
1531173877635,1531173877633,2630911,0.00014890,127.43000000,0
1531173889627,1531173889624,2630912,0.00014890,28.05000000,1
1531173917132,1531173917128,2630913,0.00014910,8.00000000,0
1531173995639,1531173995637,2630914,0.00014890,324.45000000,1
1531173997801,1531173997798,2630915,0.00014880,173.95000000,1
1531174158225,1531174158222,2630916,0.00014880,331.47000000,1
1531174187608,1531174187606,2630917,0.00014920,6.72000000,0
1531174214438,1531174214434,2630918,0.00014920,8.00000000,0
1531174227799,1531174227798,2630919,0.00014920,59.34000000,0
1531174231909,1531174231907,2630920,0.00014930,469.40000000,0
1531174234172,1531174234168,2630921,0.00014940,15.00000000,0
1531174235135,1531174235132,2630922,0.00014950,83.36000000,0
1531174240779,1531174240767,2630923,0.00014920,125.57000000,1
1531174252847,1531174252806,2630924,0.00014910,15.00000000,1
1531174252847,1531174252806,2630925,0.00014900,170.00000000,1
1531174252847,1531174252806,2630926,0.00014890,202.81000000,1
1531174252848,1531174252806,2630927,0.00014880,423.83000000,1
1531174252848,1531174252806,2630928,0.00014870,216.35000000,1
1531174252848,1531174252806,2630929,0.00014860,22.00000000,1
1531174252848,1531174252806,2630930,0.00014850,291.82000000,1
1531174252848,1531174252806,2630931,0.00014840,30.00000000,1
1531174252848,1531174252806,2630932,0.00014830,15.00000000,1
1531174252848,1531174252806,2630933,0.00014820,40.48000000,1
1531174252848,1531174252806,2630934,0.00014810,128.24000000,1
1531174252848,1531174252806,2630935,0.00014800,508.24000000,1
1531174252848,1531174252806,2630936,0.00014790,108.94000000,1
1531174252848,1531174252806,2630937,0.00014780,42.25000000,1
1531174252848,1531174252806,2630938,0.00014770,7.40000000,1
1531174252848,1531174252806,2630939,0.00014760,67.69000000,1
1531174252848,1531174252806,2630940,0.00014750,417.61000000,1
1531174252848,1531174252806,2630941,0.00014740,156.77000000,1
1531174252848,1531174252806,2630942,0.00014730,81.13000000,1
1531174252848,1531174252806,2630943,0.00014720,1793.74000000,1
1531174252848,1531174252806,2630944,0.00014710,119.34000000,1
1531174252848,1531174252806,2630945,0.00014700,848.00000000,1
1531174252848,1531174252806,2630946,0.00014690,87.56000000,1
1531174252848,1531174252806,2630947,0.00014680,61.23000000,1
1531174252848,1531174252806,2630948,0.00014670,866.66000000,1
1531174252848,1531174252806,2630949,0.00014660,400.99000000,1
1531174252848,1531174252806,2630950,0.00014650,1198.06000000,1
1531174252848,1531174252806,2630951,0.00014640,14.36000000,1
1531174252848,1531174252806,2630952,0.00014630,530.05000000,1
1531174252848,1531174252806,2630953,0.00014620,25.66000000,1
1531174252848,1531174252806,2630954,0.00014610,1569.19000000,1
1531174252848,1531174252806,2630955,0.00014600,490.08000000,1
1531174252848,1531174252806,2630956,0.00014590,4206.10000000,1
1531174252848,1531174252806,2630957,0.00014580,591.78000000,1
1531174252848,1531174252806,2630958,0.00014570,65.05000000,1
1531174252848,1531174252806,2630959,0.00014560,573.68000000,1
1531174252848,1531174252806,2630960,0.00014550,274.10000000,1
1531174252848,1531174252806,2630961,0.00014540,5420.09000000,1
1531174252848,1531174252806,2630962,0.00014530,78.25000000,1
1531174252848,1531174252806,2630963,0.00014520,281.10000000,1
1531174252848,1531174252806,2630964,0.00014510,457.94000000,1
1531174252848,1531174252806,2630965,0.00014500,10792.93000000,1
1531174252848,1531174252806,2630966,0.00014470,250.00000000,1
1531174252848,1531174252806,2630967,0.00014440,11.21000000,1
1531174252848,1531174252806,2630968,0.00014430,61.72000000,1
1531174252848,1531174252806,2630969,0.00014420,83.26000000,1
1531174252848,1531174252806,2630970,0.00014410,656.46000000,1
1531174252848,1531174252806,2630971,0.00014400,37.55000000,1
1531174252848,1531174252806,2630972,0.00014370,82.90000000,1
1531174252848,1531174252806,2630973,0.00014360,14.63000000,1
1531174252848,1531174252806,2630974,0.00014290,261.34000000,1
1531174252848,1531174252806,2630975,0.00014260,1020.87000000,1
1531174252848,1531174252806,2630976,0.00014250,21467.69000000,1
1531174252848,1531174252806,2630977,0.00014220,14.78000000,1
1531174252848,1531174252806,2630978,0.00014210,63.45000000,1
1531174252848,1531174252806,2630979,0.00014200,214.15000000,1
1531174252848,1531174252806,2630980,0.00014170,281.78000000,1
1531174252848,1531174252806,2630981,0.00014140,10.59000000,1
1531174252848,1531174252806,2630982,0.00014130,169.64000000,1
1531174252848,1531174252806,2630983,0.00014120,20.00000000,1
1531174252848,1531174252806,2630984,0.00014110,50.00000000,1
1531174252848,1531174252806,2630985,0.00014100,153.00000000,1
1531174252848,1531174252806,2630986,0.00014090,152.67000000,1
1531174252848,1531174252806,2630987,0.00014070,250.00000000,1
1531174252848,1531174252806,2630988,0.00014030,1000.00000000,1
1531174252848,1531174252806,2630989,0.00014010,505.31000000,1
1531174252848,1531174252806,2630990,0.00014000,4411.73000000,1
1531174252848,1531174252806,2630991,0.00013990,300.00000000,1
1531174252848,1531174252806,2630992,0.00013960,586.86000000,1
1531174252848,1531174252806,2630993,0.00013950,358.42000000,1
1531174252848,1531174252806,2630994,0.00013940,12.00000000,1
1531174252848,1531174252806,2630995,0.00013910,194.25000000,1
1531174252848,1531174252806,2630996,0.00013900,118.35000000,1
1531174252848,1531174252806,2630997,0.00013870,157.19000000,1
1531174252848,1531174252806,2630998,0.00013860,223.61000000,1
1531174252848,1531174252806,2630999,0.00013850,17.23000000,1
1531174252848,1531174252806,2631000,0.00013830,30.73000000,1
1531174252848,1531174252806,2631001,0.00013800,70.00000000,1
1531174252848,1531174252806,2631002,0.00013740,360.00000000,1
1531174252848,1531174252806,2631003,0.00013700,162.14000000,1
1531174252848,1531174252806,2631004,0.00013650,300.00000000,1
1531174252848,1531174252806,2631005,0.00013580,9.57000000,1
1531174252848,1531174252806,2631006,0.00013570,11.06000000,1
1531174252848,1531174252806,2631007,0.00013510,562.74000000,1
1531174252848,1531174252806,2631008,0.00013500,7097.45000000,1
1531174252848,1531174252806,2631009,0.00013480,2764.47000000,1
1531174252848,1531174252806,2631010,0.00013440,9.30000000,1
1531174252848,1531174252806,2631011,0.00013410,150.00000000,1
1531174252848,1531174252806,2631012,0.00013400,74.52000000,1
1531174252848,1531174252806,2631013,0.00013350,286.00000000,1
1531174252848,1531174252806,2631014,0.00013250,200.00000000,1
1531174252848,1531174252806,2631015,0.00013200,173.00000000,1
1531174252848,1531174252806,2631016,0.00013120,7.80000000,1
1531174252848,1531174252806,2631017,0.00013110,200.00000000,1
1531174252848,1531174252806,2631018,0.00013100,1060.73000000,1
1531174252848,1531174252806,2631019,0.00013020,40.00000000,1
1531174252848,1531174252806,2631020,0.00013010,118.41000000,1
1531174252848,1531174252806,2631021,0.00013000,290.93000000,1
1531174252868,1531174252860,2631022,0.00013200,309.66000000,0
1531174252868,1531174252860,2631023,0.00013400,216.98000000,0
1531174252869,1531174252864,2631024,0.00013400,526.64000000,0
1531174252871,1531174252868,2631025,0.00013400,135.28000000,0
1531174252871,1531174252869,2631026,0.00013400,13.64000000,0
1531174252873,1531174252870,2631027,0.00013400,526.64000000,0
1531174252898,1531174252894,2631028,0.00013010,38.43000000,1
1531174252898,1531174252894,2631029,0.00013000,799.12000000,1
1531174252898,1531174252894,2631030,0.00012960,8.47000000,1
1531174252898,1531174252894,2631031,0.00012940,207.26000000,1
1531174252898,1531174252896,2631032,0.00013400,25.15000000,0
1531174252900,1531174252898,2631033,0.00013400,13.64000000,0
1531174252903,1531174252899,2631034,0.00013400,985.38000000,0
1531174252903,1531174252899,2631035,0.00013500,1006.65000000,0
1531174252909,1531174252907,2631036,0.00013500,8.99000000,0
1531174252914,1531174252911,2631037,0.00013500,200.14000000,0
1531174252914,1531174252911,2631038,0.00013850,890.10000000,0
1531174252914,1531174252911,2631039,0.00014200,125.67000000,0
1531174252914,1531174252911,2631040,0.00014300,12.00000000,0
1531174252914,1531174252911,2631041,0.00014310,25.88000000,0
1531174252914,1531174252911,2631042,0.00014430,340.91000000,0
1531174252941,1531174252938,2631043,0.00014440,397.33000000,1
1531174252941,1531174252938,2631044,0.00014250,237.99000000,1
1531174252941,1531174252938,2631045,0.00013020,270.33000000,1
1531174252941,1531174252938,2631046,0.00012940,268.45000000,1
1531174252949,1531174252946,2631047,0.00014460,148.00000000,0
1531174252994,1531174252992,2631048,0.00014470,178.16000000,0
1531174253009,1531174253007,2631049,0.00014470,271.84000000,0
1531174253009,1531174253007,2631050,0.00014500,21.70000000,0
1531174253009,1531174253007,2631051,0.00014550,494.79000000,0
1531174253014,1531174253011,2631052,0.00014550,5.21000000,0
1531174253014,1531174253011,2631053,0.00014660,16.50000000,0
1531174253033,1531174253031,2631054,0.00014570,21.71000000,1
1531174253034,1531174253031,2631055,0.00014670,385.76000000,0
1531174253043,1531174253042,2631056,0.00014670,413.03000000,0
1531174253130,1531174253128,2631057,0.00014700,11.24000000,0
1531174253167,1531174253164,2631058,0.00014680,19.40000000,1
1531174253482,1531174253480,2631059,0.00014700,10.04000000,0
1531174253758,1531174253755,2631060,0.00014690,170.18000000,1
1531174253758,1531174253755,2631061,0.00014680,67.57000000,1
1531174253782,1531174253780,2631062,0.00014700,23.71000000,0
1531174253782,1531174253780,2631063,0.00014730,34.39000000,0
1531174253874,1531174253871,2631064,0.00014730,99.03000000,0
1531174253960,1531174253956,2631065,0.00014680,697.75000000,1
1531174254146,1531174254144,2631066,0.00014690,9.57000000,1
1531174254154,1531174254153,2631067,0.00014690,8.25000000,1
1531174254238,1531174254236,2631068,0.00014690,281.78000000,1
1531174254406,1531174254404,2631069,0.00014690,163.75000000,1
1531174254406,1531174254404,2631070,0.00014680,5.89000000,1
1531174254777,1531174254775,2631071,0.00014680,10.59000000,1
1531174254819,1531174254817,2631072,0.00014720,116.21000000,0
1531174255527,1531174255525,2631073,0.00014710,1.94000000,0
1531174255801,1531174255799,2631074,0.00014710,232.42000000,0
1531174256466,1531174256463,2631075,0.00014710,57.10000000,0
1531174257092,1531174257089,2631076,0.00014700,31.92000000,1
1531174257092,1531174257089,2631077,0.00014680,8.04000000,1
1531174257332,1531174257330,2631078,0.00014700,82.58000000,0
1531174257332,1531174257330,2631079,0.00014710,35.40000000,0
1531174258276,1531174258274,2631080,0.00014680,178.16000000,1
1531174259298,1531174259296,2631081,0.00014710,11.56000000,0
1531174259305,1531174259303,2631082,0.00014710,28.59000000,0
1531174259415,1531174259413,2631083,0.00014680,9.54000000,1
1531174261256,1531174261254,2631084,0.00014710,34.10000000,0
1531174261396,1531174261393,2631085,0.00014710,107.13000000,0
1531174262080,1531174262077,2631086,0.00014720,7.13000000,0
1531174262542,1531174262539,2631087,0.00014720,75.52000000,1
1531174262575,1531174262573,2631088,0.00014720,47.87000000,1
1531174263897,1531174263895,2631089,0.00014720,386.52000000,0
1531174263897,1531174263895,2631090,0.00014730,156.53000000,0
1531174265811,1531174265809,2631091,0.00014720,98.21000000,0
1531174267270,1531174267269,2631092,0.00014720,0.98000000,1
1531174267299,1531174267297,2631093,0.00014720,0.98000000,1
1531174267339,1531174267337,2631094,0.00014720,0.98000000,1
1531174267377,1531174267375,2631095,0.00014720,0.98000000,1
1531174267989,1531174267987,2631096,0.00014720,1046.79000000,1
1531174270179,1531174270178,2631097,0.00014710,0.01000000,1
1531174272432,1531174272429,2631098,0.00014710,74.52000000,1
1531174272542,1531174272541,2631099,0.00014710,148.09000000,1
1531174273095,1531174273092,2631100,0.00014720,17.64000000,0
1531174274108,1531174274104,2631101,0.00014710,0.97000000,1
1531174274325,1531174274323,2631102,0.00014710,0.99000000,1
1531174275367,1531174275365,2631103,0.00014710,176.68000000,1
1531174276760,1531174276757,2631104,0.00014710,125.00000000,1
1531174277097,1531174277095,2631105,0.00014710,14.84000000,1
1531174277137,1531174277134,2631106,0.00014720,4.34000000,0
1531174277403,1531174277401,2631107,0.00014710,82.71000000,1
1531174286964,1531174286961,2631108,0.00014710,40.62000000,1
1531174286964,1531174286961,2631109,0.00014690,13.66000000,1
1531174287349,1531174287346,2631110,0.00014690,61.05000000,1
1531174297326,1531174297323,2631111,0.00014690,6.88000000,1
1531174297947,1531174297945,2631112,0.00014720,20.58000000,0
1531174297965,1531174297963,2631113,0.00014720,6.86000000,0
1531174298032,1531174298031,2631114,0.00014720,6.86000000,0
1531174304783,1531174304779,2631115,0.00014710,57.79000000,0
1531174308671,1531174308668,2631116,0.00014700,63.03000000,1
1531174309649,1531174309647,2631117,0.00014700,64.55000000,1
1531174312165,1531174312162,2631118,0.00014720,7.26000000,0
1531174313697,1531174313694,2631119,0.00014700,124.77000000,0
1531174315353,1531174315349,2631120,0.00014710,13.49000000,0
1531174315450,1531174315446,2631121,0.00014690,62.65000000,1
1531174317176,1531174317174,2631122,0.00014690,110.01000000,0
1531174317500,1531174317498,2631123,0.00014690,147.84000000,0
1531174317850,1531174317848,2631124,0.00014690,34.38000000,0
1531174317938,1531174317935,2631125,0.00014680,449.86000000,1
1531174318669,1531174318666,2631126,0.00014690,20.65000000,0
1531174319278,1531174319276,2631127,0.00014690,10.32000000,0
1531174321716,1531174321714,2631128,0.00014720,11.55000000,0
1531174323695,1531174323692,2631129,0.00014710,296.00000000,0
1531174323846,1531174323843,2631130,0.00014710,74.40000000,0
1531174323846,1531174323843,2631131,0.00014720,130.05000000,0
1531174324617,1531174324615,2631132,0.00014710,338.00000000,0
1531174324683,1531174324680,2631133,0.00014710,84.88000000,0
1531174331828,1531174331825,2631134,0.00014700,82.24000000,0
1531174333695,1531174333694,2631135,0.00014710,15.00000000,0
1531174335573,1531174335570,2631136,0.00014710,39.89000000,0
1531174335680,1531174335677,2631137,0.00014710,0.03000000,0
1531174336992,1531174336990,2631138,0.00014690,6.88000000,1
1531174338612,1531174338609,2631139,0.00014710,10.12000000,0
1531174338706,1531174338703,2631140,0.00014710,6.86000000,0
1531174338937,1531174338934,2631141,0.00014710,6.86000000,0
1531174339028,1531174339026,2631142,0.00014710,58.85000000,0
1531174339362,1531174339361,2631143,0.00014720,20.38000000,0
1531174345072,1531174345069,2631144,0.00014720,226.55000000,0
1531174345440,1531174345439,2631145,0.00014710,50.47000000,0
1531174346684,1531174346682,2631146,0.00014710,32.02000000,0
1531174348744,1531174348740,2631147,0.00014720,30.81000000,0
1531174351678,1531174351674,2631148,0.00014710,263.91000000,0
1531174354681,1531174354678,2631149,0.00014720,82.12000000,0
1531174355507,1531174355503,2631150,0.00014720,53.65000000,1
1531174355819,1531174355818,2631151,0.00014720,48.48000000,0
1531174356825,1531174356820,2631152,0.00014730,2975.61000000,0
1531174358670,1531174358667,2631153,0.00014740,2979.43000000,0
1531174360760,1531174360757,2631154,0.00014740,25.28000000,0
1531174363674,1531174363671,2631155,0.00014750,219.34000000,0
1531174364693,1531174364691,2631156,0.00014760,800.00000000,0
1531174365777,1531174365772,2631157,0.00014770,255.45000000,0
1531174367687,1531174367685,2631158,0.00014770,800.00000000,0
1531174369703,1531174369700,2631159,0.00014780,2943.26000000,0
1531174370685,1531174370682,2631160,0.00014790,144.24000000,0
1531174372665,1531174372662,2631161,0.00014810,526.64000000,0
1531174373683,1531174373681,2631162,0.00014820,8.13000000,0
1531174375684,1531174375679,2631163,0.00014840,145.36000000,0
1531174377682,1531174377680,2631164,0.00014840,75.47000000,0
1531174379528,1531174379525,2631165,0.00014790,6.83000000,1
1531174379528,1531174379525,2631166,0.00014770,3.38000000,1
1531174381009,1531174381007,2631167,0.00014780,3.38000000,1
1531174385513,1531174385511,2631168,0.00014780,0.01000000,1
1531174397853,1531174397850,2631169,0.00014840,6.81000000,0
1531174419491,1531174419489,2631170,0.00014780,262.88000000,1
1531174419757,1531174419754,2631171,0.00014770,23.17000000,1
1531174419765,1531174419762,2631172,0.00014780,505.48000000,0
1531174421260,1531174421257,2631173,0.00014780,154.30000000,0
1531174433561,1531174433560,2631174,0.00014780,12.01000000,0
1531174436330,1531174436328,2631175,0.00014840,96.54000000,0
1531174442624,1531174442622,2631176,0.00014840,38.24000000,0
1531174474653,1531174474651,2631177,0.00014830,18.21000000,0
1531174497904,1531174497897,2631178,0.00014790,15.00000000,1
1531174497904,1531174497897,2631179,0.00014780,6.71000000,1
1531174505789,1531174505787,2631180,0.00014820,38.92000000,0
1531174537562,1531174537559,2631181,0.00014810,77.54000000,0
1531174547218,1531174547215,2631182,0.00014800,135.31000000,0
1531174547974,1531174547971,2631183,0.00014800,43.97000000,0
1531174548110,1531174548107,2631184,0.00014800,135.31000000,0
1531174549013,1531174549010,2631185,0.00014800,135.31000000,0
1531174549040,1531174549037,2631186,0.00014800,43.97000000,0
1531174549915,1531174549911,2631187,0.00014800,135.31000000,0
1531174550099,1531174550096,2631188,0.00014800,43.97000000,0
1531174550958,1531174550955,2631189,0.00014800,135.31000000,0
1531174551156,1531174551152,2631190,0.00014800,43.97000000,0
1531174551847,1531174551843,2631191,0.00014800,135.31000000,0
1531174552685,1531174552682,2631192,0.00014800,43.97000000,0
1531174552902,1531174552900,2631193,0.00014800,135.31000000,0
1531174553736,1531174553734,2631194,0.00014800,43.97000000,0
1531174553948,1531174553945,2631195,0.00014800,135.31000000,0
1531174554615,1531174554613,2631196,0.00014800,1678.08000000,0
1531174554799,1531174554797,2631197,0.00014800,43.97000000,0
1531174555058,1531174555057,2631198,0.00014800,135.31000000,0
1531174555854,1531174555852,2631199,0.00014800,43.97000000,0
1531174556105,1531174556102,2631200,0.00014800,135.31000000,0
1531174556899,1531174556897,2631201,0.00014800,43.97000000,0
1531174557945,1531174557943,2631202,0.00014800,43.97000000,0
1531174558482,1531174558480,2631203,0.00014820,4.75000000,0
1531174559479,1531174559477,2631204,0.00014820,4.75000000,0
1531174560473,1531174560471,2631205,0.00014820,4.75000000,0
1531174561471,1531174561468,2631206,0.00014820,0.75000000,0
1531174561471,1531174561468,2631207,0.00014840,4.00000000,0
1531174562474,1531174562472,2631208,0.00014840,4.75000000,0
1531174563473,1531174563470,2631209,0.00014840,4.75000000,0
1531174564378,1531174564373,2631210,0.00014840,10.95000000,0
1531174564476,1531174564473,2631211,0.00014830,4.75000000,0
1531174565839,1531174565837,2631212,0.00014830,4.75000000,0
1531174566838,1531174566836,2631213,0.00014830,4.75000000,0
1531174568415,1531174568413,2631214,0.00014830,4.75000000,0
1531174580882,1531174580880,2631215,0.00014830,20.06000000,0
1531174580894,1531174580891,2631216,0.00014830,20.00000000,0
1531174601560,1531174601558,2631217,0.00014830,52.10000000,1
1531174611583,1531174611580,2631218,0.00014820,10.79000000,0
1531174612809,1531174612807,2631219,0.00014820,10.12000000,0
1531174613055,1531174613051,2631220,0.00014820,7.08000000,0
1531174633543,1531174633541,2631221,0.00014810,495.41000000,0
1531174656126,1531174656123,2631222,0.00014830,10.51000000,0
1531174672148,1531174672146,2631223,0.00014830,103.39000000,0
1531174672949,1531174672945,2631224,0.00014830,91.25000000,0
1531174680023,1531174680020,2631225,0.00014830,194.25000000,0
1531174714932,1531174714930,2631226,0.00014830,101.37000000,0
1531174834059,1531174834057,2631227,0.00014830,7.00000000,0
1531174886235,1531174886234,2631228,0.00014820,20.48000000,1
1531174899155,1531174899152,2631229,0.00014830,171.87000000,0
1531174917420,1531174917418,2631230,0.00014830,221.26000000,0
1531174917447,1531174917444,2631231,0.00014820,201.26000000,1
1531174920011,1531174920008,2631232,0.00014830,17.30000000,0
1531174938375,1531174938373,2631233,0.00014840,421.86000000,0
1531175023764,1531175023762,2631234,0.00014830,13.00000000,1
1531175027920,1531175027919,2631235,0.00014840,2090.97000000,0
1531175029760,1531175029756,2631236,0.00014850,53.87000000,0
1531175032826,1531175032824,2631237,0.00014850,49.30000000,0
1531175035135,1531175035132,2631238,0.00014860,38.61000000,0
1531175035868,1531175035866,2631239,0.00014860,14.18000000,1
1531175036753,1531175036751,2631240,0.00014890,32.64000000,0
1531175047908,1531175047904,2631241,0.00014870,84.94000000,1
1531175111519,1531175111517,2631242,0.00014880,77.18000000,1
1531175128524,1531175128519,2631243,0.00014900,396.04000000,0
1531175128524,1531175128519,2631244,0.00014910,10.10000000,0
1531175128524,1531175128519,2631245,0.00014920,1225.15000000,0
1531175128524,1531175128519,2631246,0.00014940,584.33000000,0
1531175131370,1531175131367,2631247,0.00014890,110.96000000,1
1531175158489,1531175158487,2631248,0.00014920,47.51000000,0
1531175158517,1531175158515,2631249,0.00014920,86.98000000,1
1531175158528,1531175158526,2631250,0.00014920,6.09000000,1
1531175165917,1531175165915,2631251,0.00014910,35.78000000,0
1531175198951,1531175198949,2631252,0.00014900,176.52000000,1
1531175199950,1531175199947,2631253,0.00014890,382.69000000,1
1531175201828,1531175201825,2631254,0.00014880,74.29000000,1
1531175202760,1531175202758,2631255,0.00014870,133.47000000,1
1531175203778,1531175203777,2631256,0.00014860,23.58000000,1
1531175205766,1531175205765,2631257,0.00014850,466.42000000,1
1531175206767,1531175206766,2631258,0.00014840,931.24000000,1
1531175207249,1531175207246,2631259,0.00014860,110.96000000,0
1531175207249,1531175207246,2631260,0.00014870,238.24000000,0
1531175207249,1531175207246,2631261,0.00014880,19.16000000,0
1531175208029,1531175208027,2631262,0.00014900,31.64000000,1
1531175210770,1531175210768,2631263,0.00014870,53.65000000,1
1531175213994,1531175213991,2631264,0.00014830,25.00000000,1
1531175215848,1531175215846,2631265,0.00014850,1803.28000000,1
1531175228511,1531175228509,2631266,0.00014900,63.65000000,0
1531175228762,1531175228759,2631267,0.00014900,436.35000000,1
1531175239278,1531175239277,2631268,0.00014890,15.00000000,0
1531175239757,1531175239755,2631269,0.00014900,485.00000000,1
1531175264776,1531175264775,2631270,0.00014900,500.00000000,1
1531175274909,1531175274906,2631271,0.00014900,500.00000000,1
1531175276759,1531175276757,2631272,0.00014870,53.65000000,1
1531175287579,1531175287577,2631273,0.00014900,15.00000000,0
1531175287775,1531175287773,2631274,0.00014900,358.79000000,1
1531175374860,1531175374858,2631275,0.00014840,0.44000000,1
1531175449394,1531175449391,2631276,0.00014850,30.00000000,1
1531175449394,1531175449391,2631277,0.00014840,114.16000000,1
1531175463405,1531175463403,2631278,0.00014900,0.34000000,0
1531175542580,1531175542578,2631279,0.00014900,500.00000000,0
1531175582233,1531175582230,2631280,0.00014900,399.26000000,0
1531175591409,1531175591406,2631281,0.00014900,1131.40000000,0
1531175610925,1531175610922,2631282,0.00014920,15.00000000,0
1531175610925,1531175610922,2631283,0.00014940,52.02000000,0
1531175632302,1531175632300,2631284,0.00014940,1.38000000,0
1531175642819,1531175642817,2631285,0.00014940,11.69000000,1
1531175646280,1531175646278,2631286,0.00014910,11.56000000,1
1531175648873,1531175648871,2631287,0.00014910,11.55000000,1
1531175697701,1531175697695,2631288,0.00014940,101.37000000,0
1531175697701,1531175697695,2631289,0.00014950,19.63000000,0
1531175697701,1531175697695,2631290,0.00014970,152.12000000,0
1531175697701,1531175697695,2631291,0.00014980,60.12000000,0
1531175697701,1531175697695,2631292,0.00014990,271.06000000,0
1531175697701,1531175697695,2631293,0.00015000,177.85000000,0
1531175697715,1531175697713,2631294,0.00015000,84.98000000,1
1531175697723,1531175697722,2631295,0.00015000,60.17000000,1
1531175698855,1531175698853,2631296,0.00015010,17.76000000,0
1531175698950,1531175698948,2631297,0.00015000,25.79000000,1
1531175698977,1531175698975,2631298,0.00015000,28.37000000,1
1531175723227,1531175723224,2631299,0.00015020,252.65000000,0
1531175725746,1531175725743,2631300,0.00015030,43.59000000,0
1531175727614,1531175727612,2631301,0.00015010,921.10000000,1
1531175727614,1531175727612,2631302,0.00015000,4078.90000000,1
1531175731049,1531175731048,2631303,0.00015000,1080.71000000,1
1531175731831,1531175731830,2631304,0.00014970,53.29000000,1
1531175732151,1531175732146,2631305,0.00014910,236.03000000,1
1531175732151,1531175732146,2631306,0.00014890,490.26000000,1
1531175732151,1531175732146,2631307,0.00014870,40.11000000,1
1531175732151,1531175732146,2631308,0.00014860,63.77000000,1
1531175732151,1531175732146,2631309,0.00014850,169.83000000,1
1531175732646,1531175732643,2631310,0.00015000,405.78000000,0
1531175733762,1531175733760,2631311,0.00014950,15.00000000,0
1531175759840,1531175759838,2631312,0.00014860,490.26000000,0
1531175761849,1531175761846,2631313,0.00014850,82.04000000,0
1531175773644,1531175773642,2631314,0.00014840,175.76000000,1
1531175773644,1531175773642,2631315,0.00014830,77.88000000,1
1531175773644,1531175773642,2631316,0.00014810,946.36000000,1
1531175782910,1531175782908,2631317,0.00014810,300.14000000,1
1531175782910,1531175782908,2631318,0.00014800,184.14000000,1
1531175782910,1531175782908,2631319,0.00014790,697.80000000,1
1531175782910,1531175782908,2631320,0.00014780,25.15000000,1
1531175782910,1531175782908,2631321,0.00014770,1792.77000000,1
1531175786965,1531175786962,2631322,0.00014840,10.15000000,0
1531175787840,1531175787839,2631323,0.00014840,32.61000000,1
1531175790789,1531175790788,2631324,0.00014860,0.02000000,0
1531175794050,1531175794048,2631325,0.00014840,0.01000000,1
1531175801549,1531175801547,2631326,0.00014810,53.87000000,1
1531175809619,1531175809617,2631327,0.00014810,95.51000000,1
1531175809839,1531175809837,2631328,0.00014810,104.49000000,1
1531175832800,1531175832797,2631329,0.00014770,16.93000000,1
1531175833854,1531175833852,2631330,0.00014770,6.81000000,0
1531175834294,1531175834292,2631331,0.00014770,26.51000000,0
1531175834427,1531175834424,2631332,0.00014770,7.26000000,0
1531175839527,1531175839524,2631333,0.00014760,49.02000000,1
1531175839527,1531175839524,2631334,0.00014750,450.98000000,1
1531175846837,1531175846835,2631335,0.00014750,258.75000000,1
1531175848912,1531175848910,2631336,0.00014740,27.08000000,1
1531175864140,1531175864137,2631337,0.00014720,1300.00000000,1
1531175864985,1531175864983,2631338,0.00014720,63.47000000,1
1531175867926,1531175867919,2631339,0.00014720,14.52000000,0
1531175871320,1531175871318,2631340,0.00014700,7.99000000,1
1531175871393,1531175871392,2631341,0.00014700,15.98000000,1
1531175872464,1531175872463,2631342,0.00014700,1.05000000,1
1531175876617,1531175876615,2631343,0.00014690,14.94000000,1
1531175877710,1531175877709,2631344,0.00014720,40.11000000,0
1531175883868,1531175883867,2631345,0.00014720,23.41000000,0
1531175884401,1531175884399,2631346,0.00014720,1.68000000,0
1531175892894,1531175892892,2631347,0.00014690,16.72000000,1
1531175892921,1531175892920,2631348,0.00014690,48.60000000,0
1531175893482,1531175893480,2631349,0.00014700,6.81000000,1
1531175901345,1531175901343,2631350,0.00014690,3.51000000,0
1531175901345,1531175901343,2631351,0.00014720,46.76000000,0
1531175903646,1531175903643,2631352,0.00014720,10.87000000,0
1531175908570,1531175908568,2631353,0.00014680,47.07000000,1
1531175908584,1531175908583,2631354,0.00014670,90.63000000,0
1531175914278,1531175914277,2631355,0.00014670,13.77000000,0
1531175920292,1531175920288,2631356,0.00014710,14.96000000,0
1531175920292,1531175920288,2631357,0.00014720,14.93000000,0
1531175922715,1531175922712,2631358,0.00014680,14.96000000,1
1531175922715,1531175922712,2631359,0.00014660,46.38000000,1
1531175934410,1531175934407,2631360,0.00014720,0.03000000,0
1531175934410,1531175934407,2631361,0.00014730,6.83000000,0
1531175935003,1531175935001,2631362,0.00014730,6.86000000,0
1531175939243,1531175939239,2631363,0.00014660,34.88000000,1
1531175939243,1531175939239,2631364,0.00014650,15.40000000,1
1531175939243,1531175939239,2631365,0.00014640,11.75000000,1
1531175949266,1531175949263,2631366,0.00014660,163.91000000,1
1531175949266,1531175949263,2631367,0.00014640,1336.09000000,1
1531175951561,1531175951559,2631368,0.00014720,27.17000000,0
1531175953393,1531175953390,2631369,0.00014660,6.89000000,0
1531175954589,1531175954587,2631370,0.00014720,6.86000000,0
1531175960560,1531175960557,2631371,0.00014660,697.13000000,1
1531175960573,1531175960571,2631372,0.00014660,1052.11000000,0
1531175960574,1531175960571,2631373,0.00014660,0.01000000,0
1531175962010,1531175962008,2631374,0.00014710,15.00000000,0
1531175962010,1531175962008,2631375,0.00014720,24.57000000,0
1531175975857,1531175975854,2631376,0.00014710,87.55000000,0
1531175983096,1531175983093,2631377,0.00014710,8.07000000,0
1531175983327,1531175983325,2631378,0.00014700,210.86000000,0
1531175985817,1531175985815,2631379,0.00014700,99.96000000,0
1531175986514,1531175986512,2631380,0.00014700,61.97000000,0
1531175995860,1531175995859,2631381,0.00014690,20.63000000,1
1531175995867,1531175995866,2631382,0.00014700,105.48000000,0
1531175995882,1531175995879,2631383,0.00014690,4.37000000,1
1531175995900,1531175995898,2631384,0.00014690,260.05000000,0
1531175997867,1531175997865,2631385,0.00014690,597.20000000,0
1531175999874,1531175999873,2631386,0.00014730,31.66000000,0
1531176011530,1531176011528,2631387,0.00014720,30.60000000,1
1531176012014,1531176012012,2631388,0.00014720,16.50000000,0
1531176015909,1531176015907,2631389,0.00014720,144.10000000,0
1531176027139,1531176027136,2631390,0.00014710,121.21000000,1
1531176028308,1531176028307,2631391,0.00014710,20.00000000,0
1531176028308,1531176028307,2631392,0.00014710,20.03000000,0
1531176028754,1531176028752,2631393,0.00014710,15.00000000,0
1531176029030,1531176029029,2631394,0.00014710,1161.21000000,0
1531176029876,1531176029875,2631395,0.00014700,56.10000000,0
1531176049934,1531176049931,2631396,0.00014740,6.84000000,0
1531176050019,1531176050016,2631397,0.00014740,8.16000000,0
1531176057888,1531176057886,2631398,0.00014750,186.73000000,0
1531176059861,1531176059859,2631399,0.00014760,10.21000000,0
1531176093016,1531176093015,2631400,0.00014780,10.15000000,0
1531176093047,1531176093046,2631401,0.00014780,16.83000000,1
1531176095912,1531176095911,2631402,0.00014790,6.83000000,0
1531176129095,1531176129092,2631403,0.00014770,53.87000000,0
1531176129095,1531176129092,2631404,0.00014780,515.72000000,0
1531176129885,1531176129883,2631405,0.00014790,13.57000000,0
1531176131073,1531176131070,2631406,0.00014780,24.97000000,1
1531176131171,1531176131170,2631407,0.00014800,206.10000000,0
1531176132910,1531176132904,2631408,0.00014790,54.49000000,0
1531176156043,1531176156042,2631409,0.00014790,862.21000000,0
1531176186248,1531176186246,2631410,0.00014790,20.30000000,1
1531176190010,1531176190009,2631411,0.00014790,1.47000000,0
1531176192386,1531176192385,2631412,0.00014790,110.81000000,1
1531176353230,1531176353228,2631413,0.00014790,2.37000000,1
1531176354223,1531176354222,2631414,0.00014790,2.37000000,1
1531176355215,1531176355214,2631415,0.00014790,2.37000000,1
1531176356198,1531176356197,2631416,0.00014790,2.37000000,1
1531176357545,1531176357544,2631417,0.00014790,2.37000000,1
1531176358881,1531176358879,2631418,0.00014790,2.37000000,1
1531176360101,1531176360100,2631419,0.00014790,2.37000000,1
1531176361439,1531176361438,2631420,0.00014790,2.37000000,1
1531176362752,1531176362750,2631421,0.00014790,2.37000000,1
1531176364746,1531176364745,2631422,0.00014790,2.37000000,1
1531176390015,1531176390013,2631423,0.00014800,2.00000000,1
1531176398993,1531176398990,2631424,0.00014840,59.55000000,0
1531176399725,1531176399722,2631425,0.00014800,1.00000000,1
1531176530444,1531176530443,2631426,0.00014840,41.62000000,0
1531176530444,1531176530443,2631427,0.00014850,93.38000000,0
1531176556267,1531176556266,2631428,0.00014820,11.91000000,1
1531176626874,1531176626871,2631429,0.00014800,50.00000000,1
1531176632053,1531176632051,2631430,0.00014810,13.94000000,0
1531176707922,1531176707921,2631431,0.00014820,2.28000000,0
1531176707922,1531176707921,2631432,0.00014850,2.72000000,0
1531176779276,1531176779273,2631433,0.00014850,55.00000000,0
1531176875080,1531176875077,2631434,0.00014800,430.57000000,1
1531176876351,1531176876348,2631435,0.00014830,293.70000000,0
1531176876351,1531176876348,2631436,0.00014840,770.84000000,0
1531176876351,1531176876348,2631437,0.00014850,186.92000000,0
1531176901216,1531176901214,2631438,0.00014850,533.58000000,0
1531176918549,1531176918546,2631439,0.00014850,84.87000000,1
1531176964008,1531176964007,2631440,0.00014850,1148.92000000,1
1531176978102,1531176978101,2631441,0.00014850,118.58000000,1
1531176989394,1531176989392,2631442,0.00014850,104.87000000,1
1531176989471,1531176989469,2631443,0.00014850,45.91000000,1
1531176991081,1531176991079,2631444,0.00014850,168.39000000,1
1531176993077,1531176993076,2631445,0.00014820,0.02000000,1
1531177031254,1531177031252,2631446,0.00014820,10.87000000,1
1531177183025,1531177183022,2631447,0.00014860,137.00000000,0
1531177190299,1531177190297,2631448,0.00014860,0.24000000,0
1531177190299,1531177190297,2631449,0.00014870,112.53000000,0
1531177192177,1531177192177,2631450,0.00014870,37.49000000,0
1531177196112,1531177196111,2631451,0.00014870,148.84000000,0
1531177406465,1531177406463,2631452,0.00014870,266.93000000,0
1531177406491,1531177406492,2631453,0.00014870,45.91000000,0
1531177406498,1531177406499,2631454,0.00014870,133.24000000,0
1531177440970,1531177440969,2631455,0.00014880,8.31000000,0
1531177443894,1531177443894,2631456,0.00014880,0.02000000,0
1531177451536,1531177451534,2631457,0.00014820,57.94000000,1
1531177451536,1531177451534,2631458,0.00014810,10.13000000,1
1531177451536,1531177451534,2631459,0.00014800,413.00000000,1
1531177451536,1531177451534,2631460,0.00014790,44.95000000,1
1531177463133,1531177463132,2631461,0.00014860,10.13000000,0
1531177483605,1531177483604,2631462,0.00014860,10.13000000,1
1531177497187,1531177497187,2631463,0.00014860,35.90000000,1
1531177531845,1531177531845,2631464,0.00014860,459.24000000,0
1531177531845,1531177531845,2631465,0.00014870,50.82000000,0
1531177531845,1531177531845,2631466,0.00014880,85.60000000,0
1531177535320,1531177535321,2631467,0.00014850,15.00000000,0
1531177548923,1531177548923,2631468,0.00014880,4.70000000,0
1531177561397,1531177561398,2631469,0.00014880,5.79000000,0
1531177564414,1531177564414,2631470,0.00014880,0.01000000,0
1531177600118,1531177600119,2631471,0.00014880,399.19000000,0
1531177600146,1531177600148,2631472,0.00014880,20.77000000,0
1531177617317,1531177617317,2631473,0.00014830,15.00000000,1
1531177617317,1531177617317,2631474,0.00014820,14.86000000,1
1531177617955,1531177617957,2631475,0.00014870,15.00000000,0
1531177620119,1531177620119,2631476,0.00014880,256.39000000,0
1531177623318,1531177623320,2631477,0.00014880,2.94000000,0
1531177624640,1531177624641,2631478,0.00014880,5.65000000,0
1531177627371,1531177627371,2631479,0.00014880,0.01000000,0
1531177627643,1531177627643,2631480,0.00014880,0.01000000,0
1531177698943,1531177698944,2631481,0.00014870,8.04000000,0
1531177701949,1531177701950,2631482,0.00014870,0.02000000,0
1531177781095,1531177781096,2631483,0.00014880,842.57000000,0
1531177805207,1531177805208,2631484,0.00014830,59.80000000,1
1531177805207,1531177805208,2631485,0.00014820,35.40000000,1
1531177805207,1531177805208,2631486,0.00014810,10.13000000,1
1531177805218,1531177805219,2631487,0.00014810,109.15000000,0
1531177813130,1531177813132,2631488,0.00014860,37.24000000,0
1531177822151,1531177822151,2631489,0.00014850,7.56000000,0
1531177822665,1531177822667,2631490,0.00014840,7.56000000,0
1531177892018,1531177892020,2631491,0.00014850,10.13000000,0
1531177898152,1531177898155,2631492,0.00014840,10.13000000,0
1531177977625,1531177977628,2631493,0.00014860,3.11000000,0
1531178070688,1531178070691,2631494,0.00014860,2.39000000,0
1531178073710,1531178073698,2631495,0.00014860,0.01000000,0
1531178155268,1531178155270,2631496,0.00014800,5.00000000,1
1531178184072,1531178184075,2631497,0.00014820,7.47000000,0
1531178232864,1531178232867,2631498,0.00014850,4.71000000,0
1531178237129,1531178237132,2631499,0.00014850,0.01000000,0
1531178258111,1531178258113,2631500,0.00014820,6.05000000,1
1531178266761,1531178266763,2631501,0.00014820,162.90000000,1
1531178266761,1531178266763,2631502,0.00014800,1212.69000000,1
1531178266762,1531178266763,2631503,0.00014790,631.43000000,1
1531178266762,1531178266763,2631504,0.00014780,3242.98000000,1
1531178272290,1531178272289,2631505,0.00014850,49.00000000,0
1531178272290,1531178272289,2631506,0.00014860,136.75000000,0
1531178272290,1531178272289,2631507,0.00014870,10.13000000,0
1531178272290,1531178272289,2631508,0.00014880,15.00000000,0
1531178272290,1531178272289,2631509,0.00014890,10.20000000,0
1531178272290,1531178272289,2631510,0.00014920,33.32000000,0
1531178272290,1531178272289,2631511,0.00014940,571.91000000,0
1531178272290,1531178272289,2631512,0.00014950,1527.82000000,0
1531178272290,1531178272289,2631513,0.00014960,16.72000000,0
1531178272290,1531178272289,2631514,0.00014970,41.29000000,0
1531178272290,1531178272289,2631515,0.00014990,189.31000000,0
1531178278331,1531178278333,2631516,0.00014850,365.04000000,1
1531178278331,1531178278333,2631517,0.00014840,10.00000000,1
1531178278331,1531178278333,2631518,0.00014830,53.79000000,1
1531178278331,1531178278333,2631519,0.00014820,131.81000000,1
1531178278331,1531178278333,2631520,0.00014810,35.36000000,1
1531178278355,1531178278359,2631521,0.00014790,9.85000000,1
1531178278361,1531178278365,2631522,0.00014790,40.35000000,1
1531178279101,1531178279103,2631523,0.00014850,366.63000000,0
1531178279101,1531178279103,2631524,0.00014860,2.03000000,0
1531178291748,1531178291747,2631525,0.00014830,380.04000000,0
1531178291748,1531178291747,2631526,0.00014840,187.66000000,0
1531178291748,1531178291747,2631527,0.00014860,51.66000000,0
1531178291748,1531178291747,2631528,0.00014950,10.00000000,0
1531178291748,1531178291747,2631529,0.00014960,39.91000000,0
1531178291748,1531178291747,2631530,0.00014990,24.93000000,0
1531178291748,1531178291747,2631531,0.00015000,59.25000000,0
1531178291748,1531178291747,2631532,0.00015010,39.80000000,0
1531178291748,1531178291747,2631533,0.00015020,122.81000000,0
1531178291748,1531178291747,2631534,0.00015030,15.00000000,0
1531178291748,1531178291747,2631535,0.00015040,8.66000000,0
1531178291748,1531178291747,2631536,0.00015050,1439.52000000,0
1531178304284,1531178304288,2631537,0.00014910,20.38000000,1
1531178304389,1531178304391,2631538,0.00014910,28.38000000,1
1531178316759,1531178316763,2631539,0.00014920,97.59000000,1
1531178316822,1531178316825,2631540,0.00014920,0.28000000,1
1531178316822,1531178316825,2631541,0.00014900,15.00000000,1
1531178319368,1531178319371,2631542,0.00014870,10.07000000,1
1531178319368,1531178319371,2631543,0.00014850,2156.71000000,1
1531178322026,1531178322029,2631544,0.00014850,27.14000000,1
1531178325402,1531178325405,2631545,0.00014850,44.40000000,1
1531178326022,1531178326025,2631546,0.00014850,52.15000000,1
1531178328744,1531178328747,2631547,0.00014860,97.59000000,0
1531178329795,1531178329797,2631548,0.00014870,185.68000000,1
1531178329795,1531178329797,2631549,0.00014850,2045.72000000,1
1531178329795,1531178329797,2631550,0.00014820,20.26000000,1
1531178329795,1531178329797,2631551,0.00014800,125.53000000,1
1531178329795,1531178329797,2631552,0.00014790,586.91000000,1
1531178329795,1531178329797,2631553,0.00014780,547.01000000,1
1531178329806,1531178329810,2631554,0.00014780,103.43000000,0
1531178329810,1531178329812,2631555,0.00014780,103.43000000,0
1531178329822,1531178329826,2631556,0.00014780,103.43000000,0
1531178329854,1531178329858,2631557,0.00014780,103.43000000,0
1531178329863,1531178329867,2631558,0.00014780,103.43000000,0
1531178329892,1531178329896,2631559,0.00014770,49.02000000,1
1531178329892,1531178329896,2631560,0.00014760,8.10000000,1
1531178330008,1531178330012,2631561,0.00014780,49.97000000,0
1531178330849,1531178330853,2631562,0.00014780,42.80000000,0
1531178330863,1531178330866,2631563,0.00014780,41.04000000,0
1531178331002,1531178331006,2631564,0.00014780,595.19000000,0
1531178335705,1531178335707,2631565,0.00014760,42.67000000,1
1531178335725,1531178335730,2631566,0.00014750,42.67000000,1
1531178336435,1531178336435,2631567,0.00014780,1572.74000000,0
1531178336435,1531178336435,2631568,0.00014810,53.87000000,0
1531178336435,1531178336435,2631569,0.00014900,183.02000000,0
1531178336435,1531178336435,2631570,0.00014940,10.07000000,0
1531178336435,1531178336435,2631571,0.00014960,283.27000000,0
1531178336435,1531178336435,2631572,0.00014980,15.00000000,0
1531178336435,1531178336435,2631573,0.00015020,133.16000000,0
1531178336435,1531178336435,2631574,0.00015050,350.21000000,0
1531178336435,1531178336435,2631575,0.00015070,9.96000000,0
1531178336435,1531178336435,2631576,0.00015080,33.26000000,0
1531178336435,1531178336435,2631577,0.00015090,43.44000000,0
1531178336435,1531178336435,2631578,0.00015100,31.18000000,0
1531178336636,1531178336639,2631579,0.00014970,40.01000000,1
1531178336664,1531178336668,2631580,0.00014750,40.01000000,1
1531178336674,1531178336678,2631581,0.00014750,40.01000000,1
1531178336682,1531178336684,2631582,0.00014750,8.47000000,1
1531178336806,1531178336810,2631583,0.00014780,8.10000000,1
1531178337072,1531178337075,2631584,0.00014760,103.50000000,1
1531178337393,1531178337397,2631585,0.00014770,45.91000000,1
1531178338762,1531178338764,2631586,0.00014920,0.02000000,0
1531178339618,1531178339621,2631587,0.00014820,10.17000000,0
1531178339618,1531178339621,2631588,0.00014920,73.45000000,0
1531178339618,1531178339621,2631589,0.00014980,45.91000000,0
1531178339618,1531178339621,2631590,0.00014990,3.72000000,0
1531178339856,1531178339860,2631591,0.00014810,40.36000000,1
1531178340020,1531178340024,2631592,0.00014810,63.44000000,1
1531178340608,1531178340612,2631593,0.00014830,53.79000000,1
1531178340622,1531178340625,2631594,0.00014810,17.27000000,1
1531178340622,1531178340625,2631595,0.00014800,32.37000000,1
1531178346576,1531178346580,2631596,0.00014810,116.95000000,1
1531178350546,1531178350547,2631597,0.00014800,40.01000000,1
1531178351062,1531178351066,2631598,0.00014800,103.50000000,1
1531178351140,1531178351144,2631599,0.00014810,15.00000000,0
1531178352023,1531178352025,2631600,0.00014810,192.12000000,0
1531178352023,1531178352025,2631601,0.00014820,14.19000000,0
1531178352023,1531178352025,2631602,0.00014840,53.76000000,0
1531178352023,1531178352025,2631603,0.00014880,20.85000000,0
1531178352023,1531178352025,2631604,0.00014890,7.39000000,0
1531178352023,1531178352025,2631605,0.00014930,121.07000000,0
1531178352035,1531178352038,2631606,0.00014930,158.51000000,1
1531178357088,1531178357090,2631607,0.00014920,43.49000000,0
1531178358591,1531178358595,2631608,0.00014910,9.96000000,0
1531178359238,1531178359242,2631609,0.00014850,13.65000000,1
1531178359338,1531178359342,2631610,0.00014850,31.50000000,1
1531178364108,1531178364112,2631611,0.00014840,99.99000000,1
1531178364148,1531178364152,2631612,0.00014840,37.10000000,1
1531178364148,1531178364152,2631613,0.00014830,8.81000000,1
1531178364741,1531178364746,2631614,0.00014830,44.98000000,1
1531178365681,1531178365685,2631615,0.00014830,48.75000000,0
1531178365681,1531178365685,2631616,0.00014890,137.09000000,0
1531178365681,1531178365685,2631617,0.00014900,132.80000000,0
1531178367879,1531178367882,2631618,0.00014830,144.77000000,1
1531178370528,1531178370529,2631619,0.00014820,364.90000000,1
1531178370528,1531178370529,2631620,0.00014800,100.00000000,1
1531178370528,1531178370529,2631621,0.00014750,166.50000000,1
1531178370528,1531178370529,2631622,0.00014740,1611.07000000,1
1531178370543,1531178370546,2631623,0.00014740,139.47000000,0
1531178370637,1531178370640,2631624,0.00014730,40.60000000,1
1531178370637,1531178370640,2631625,0.00014720,98.87000000,1
1531178371680,1531178371685,2631626,0.00014750,137.91000000,1
1531178371709,1531178371711,2631627,0.00014820,15.00000000,0
1531178375026,1531178375027,2631628,0.00014740,54.12000000,1
1531178375026,1531178375027,2631629,0.00014730,189.21000000,1
1531178375026,1531178375027,2631630,0.00014710,27.82000000,1
1531178375026,1531178375027,2631631,0.00014700,260.36000000,1
1531178375026,1531178375027,2631632,0.00014680,98.40000000,1
1531178375026,1531178375027,2631633,0.00014670,46.46000000,1
1531178375026,1531178375027,2631634,0.00014660,118.53000000,1
1531178375026,1531178375027,2631635,0.00014650,2989.02000000,1
1531178375036,1531178375041,2631636,0.00014650,70.05000000,0
1531178375053,1531178375055,2631637,0.00014790,70.05000000,0
1531178376200,1531178376203,2631638,0.00014740,10.11000000,1
1531178376285,1531178376289,2631639,0.00014740,196.08000000,1
1531178377396,1531178377401,2631640,0.00014740,14.25000000,0
1531178377497,1531178377502,2631641,0.00014710,54.23000000,1
1531178378794,1531178378798,2631642,0.00014690,30.57000000,1
1531178378794,1531178378798,2631643,0.00014670,54.37000000,1
1531178379025,1531178379025,2631644,0.00014670,0.01000000,1
1531178379025,1531178379025,2631645,0.00014640,29.75000000,1
1531178379025,1531178379025,2631646,0.00014630,48.88000000,1
1531178379025,1531178379025,2631647,0.00014610,301.75000000,1
1531178379025,1531178379025,2631648,0.00014600,1192.08000000,1
1531178379036,1531178379038,2631649,0.00014600,244.47000000,0
1531178379626,1531178379629,2631650,0.00014660,37.73000000,0
1531178379670,1531178379674,2631651,0.00014660,335.21000000,0
1531178380064,1531178380067,2631652,0.00014660,144.77000000,1
1531178380074,1531178380078,2631653,0.00014660,60.23000000,1
1531178380230,1531178380234,2631654,0.00014630,40.87000000,1
1531178380230,1531178380234,2631655,0.00014600,233.10000000,1
1531178380336,1531178380339,2631656,0.00014660,7.26000000,0
1531178380562,1531178380564,2631657,0.00014660,34.65000000,0
1531178381453,1531178381455,2631658,0.00014600,91.25000000,1
1531178382888,1531178382893,2631659,0.00014620,45.90000000,0
1531178382911,1531178382913,2631660,0.00014620,14.52000000,0
1531178384608,1531178384610,2631661,0.00014600,1178.12000000,1
1531178384608,1531178384610,2631662,0.00014590,685.40000000,1
1531178386083,1531178386087,2631663,0.00014590,40.38000000,0
1531178388416,1531178388419,2631664,0.00014570,39.73000000,1
1531178388602,1531178388602,2631665,0.00014550,488.47000000,1
1531178388602,1531178388602,2631666,0.00014540,149.43000000,1
1531178388602,1531178388602,2631667,0.00014530,58.03000000,1
1531178388602,1531178388602,2631668,0.00014500,416.97000000,1
1531178388602,1531178388602,2631669,0.00014490,551.24000000,1
1531178388616,1531178388619,2631670,0.00014490,144.41000000,0
1531178388625,1531178388629,2631671,0.00014490,0.01000000,0
1531178388828,1531178388832,2631672,0.00014580,40.57000000,0
1531178389929,1531178389932,2631673,0.00014560,46.46000000,1
1531178390070,1531178390073,2631674,0.00014560,59.85000000,1
1531178390258,1531178390260,2631675,0.00014540,14.00000000,1
1531178390313,1531178390315,2631676,0.00014540,15.00000000,0
1531178391060,1531178391064,2631677,0.00014540,15.03000000,0
1531178391206,1531178391209,2631678,0.00014530,49.00000000,1
1531178391206,1531178391209,2631679,0.00014490,28.00000000,1
1531178391206,1531178391209,2631680,0.00014480,717.03000000,1
1531178391206,1531178391209,2631681,0.00014470,427.80000000,1
1531178391219,1531178391222,2631682,0.00014470,32.04000000,0
1531178391219,1531178391222,2631683,0.00014470,0.01000000,0
1531178391391,1531178391394,2631684,0.00014530,19.53000000,0
1531178391391,1531178391394,2631685,0.00014540,9.52000000,0
1531178391849,1531178391853,2631686,0.00014520,78.90000000,0
1531178392061,1531178392061,2631687,0.00014520,307.14000000,0
1531178392061,1531178392061,2631688,0.00014530,27.82000000,0
1531178392061,1531178392061,2631689,0.00014540,346.08000000,0
1531178392061,1531178392061,2631690,0.00014560,147.30000000,0
1531178392061,1531178392061,2631691,0.00014570,126.95000000,0
1531178392061,1531178392061,2631692,0.00014620,40.57000000,0
1531178392061,1531178392061,2631693,0.00014630,90.52000000,0
1531178392061,1531178392061,2631694,0.00014640,305.13000000,0
1531178392061,1531178392061,2631695,0.00014650,87.67000000,0
1531178392061,1531178392061,2631696,0.00014660,482.33000000,0
1531178392061,1531178392061,2631697,0.00014670,105.46000000,0
1531178392121,1531178392124,2631698,0.00014500,37.92000000,1
1531178392609,1531178392613,2631699,0.00014500,2.35000000,1
1531178393012,1531178393015,2631700,0.00014640,28.00000000,0
1531178393012,1531178393015,2631701,0.00014670,17.00000000,0
1531178393469,1531178393468,2631702,0.00014510,285.60000000,1
1531178393469,1531178393468,2631703,0.00014500,72.33000000,1
1531178393469,1531178393468,2631704,0.00014490,41.24000000,1
1531178393469,1531178393468,2631705,0.00014470,375.14000000,1
1531178393469,1531178393468,2631706,0.00014460,432.26000000,1
1531178393469,1531178393468,2631707,0.00014450,173.93000000,1
1531178393469,1531178393468,2631708,0.00014440,310.36000000,1
1531178393728,1531178393731,2631709,0.00014440,175.88000000,1
1531178394954,1531178394957,2631710,0.00014500,0.01000000,1
1531178396679,1531178396681,2631711,0.00014510,147.22000000,0
1531178396838,1531178396843,2631712,0.00014510,32.48000000,0
1531178397233,1531178397237,2631713,0.00014530,1.93000000,0
1531178397893,1531178397894,2631714,0.00014520,497.45000000,0
1531178397893,1531178397894,2631715,0.00014530,283.67000000,0
1531178397893,1531178397894,2631716,0.00014540,132.56000000,0
1531178397893,1531178397894,2631717,0.00014550,54.83000000,0
1531178398204,1531178398207,2631718,0.00014580,41.39000000,0
1531178398204,1531178398207,2631719,0.00014630,41.24000000,0
1531178398640,1531178398645,2631720,0.00014630,62.89000000,1
1531178399157,1531178399162,2631721,0.00014630,62.28000000,1
1531178399308,1531178399311,2631722,0.00014630,34.81000000,1
1531178399398,1531178399403,2631723,0.00014630,441.66000000,1
1531178399455,1531178399455,2631724,0.00014560,1263.17000000,1
1531178399455,1531178399455,2631725,0.00014510,59.25000000,1
1531178399455,1531178399455,2631726,0.00014500,96.09000000,1
1531178399455,1531178399455,2631727,0.00014440,129.78000000,1
1531178399455,1531178399455,2631728,0.00014430,378.56000000,1
1531178399455,1531178399455,2631729,0.00014410,538.25000000,1
1531178399455,1531178399455,2631730,0.00014400,232.42000000,1
1531178399455,1531178399455,2631731,0.00014390,267.55000000,1
1531178399971,1531178399973,2631732,0.00014480,68.77000000,1
1531178400044,1531178400048,2631733,0.00014480,65.18000000,1
1531178400212,1531178400215,2631734,0.00014510,29.57000000,0
1531178400272,1531178400277,2631735,0.00014520,35.07000000,1
1531178400532,1531178400535,2631736,0.00014510,37.43000000,0
1531178401803,1531178401807,2631737,0.00014550,6.86000000,0
1531178402614,1531178402618,2631738,0.00014550,45.00000000,0
1531178402723,1531178402726,2631739,0.00014550,7.11000000,0
1531178402723,1531178402726,2631740,0.00014590,1.49000000,0
1531178403301,1531178403301,2631741,0.00014510,919.19000000,1
1531178403301,1531178403301,2631742,0.00014500,290.12000000,1
1531178403301,1531178403301,2631743,0.00014490,366.56000000,1
1531178403301,1531178403301,2631744,0.00014480,8976.01000000,1
1531178403316,1531178403319,2631745,0.00014480,292.27000000,0
1531178403323,1531178403327,2631746,0.00014480,0.01000000,0
1531178405077,1531178405081,2631747,0.00014510,13.76000000,1
1531178406870,1531178406867,2631748,0.00014480,41.34000000,1
1531178406870,1531178406867,2631749,0.00014460,63.72000000,1
1531178406870,1531178406867,2631750,0.00014420,330.06000000,1
1531178406870,1531178406867,2631751,0.00014400,39.51000000,1
1531178406870,1531178406867,2631752,0.00014390,31.21000000,1
1531178406870,1531178406867,2631753,0.00014380,120.02000000,1
1531178406870,1531178406867,2631754,0.00014370,532.35000000,1
1531178406870,1531178406867,2631755,0.00014360,69.17000000,1
1531178406870,1531178406867,2631756,0.00014350,376.84000000,1
1531178406870,1531178406867,2631757,0.00014340,737.37000000,1
1531178406883,1531178406887,2631758,0.00014340,193.75000000,0
1531178406890,1531178406893,2631759,0.00014370,104.91000000,0
1531178406900,1531178406904,2631760,0.00014370,169.74000000,0
1531178406910,1531178406915,2631761,0.00014370,29.77000000,0
1531178406939,1531178406943,2631762,0.00014370,134.74000000,0
1531178407283,1531178407286,2631763,0.00014390,8.35000000,1
1531178407518,1531178407521,2631764,0.00014410,14.78000000,0
1531178408100,1531178408101,2631765,0.00014410,21.20000000,0
1531178408157,1531178408161,2631766,0.00014400,61.52000000,0
1531178408195,1531178408199,2631767,0.00014400,42.46000000,0
1531178408239,1531178408244,2631768,0.00014400,42.46000000,0
1531178408268,1531178408272,2631769,0.00014400,42.00000000,0
1531178408397,1531178408400,2631770,0.00014400,58.10000000,0
1531178408442,1531178408447,2631771,0.00014400,63.72000000,0
1531178408718,1531178408723,2631772,0.00014370,20.38000000,1
1531178408722,1531178408726,2631773,0.00014380,38.44000000,0
1531178408833,1531178408837,2631774,0.00014400,13.01000000,0
1531178409456,1531178409459,2631775,0.00014380,56.72000000,1
1531178409456,1531178409459,2631776,0.00014370,114.62000000,1
1531178409456,1531178409459,2631777,0.00014350,10.43000000,1
1531178409457,1531178409459,2631778,0.00014320,320.70000000,1
1531178409457,1531178409459,2631779,0.00014310,167.43000000,1
1531178409457,1531178409459,2631780,0.00014300,21.54000000,1
1531178409469,1531178409474,2631781,0.00014300,138.33000000,0
1531178409887,1531178409889,2631782,0.00014320,8.39000000,0
1531178410166,1531178410169,2631783,0.00014400,183.92000000,0
1531178410652,1531178410657,2631784,0.00014400,13.45000000,0
1531178410849,1531178410854,2631785,0.00014370,13.15000000,0
1531178410885,1531178410889,2631786,0.00014400,5.12000000,0
1531178411055,1531178411057,2631787,0.00014390,34.65000000,0
1531178411180,1531178411182,2631788,0.00014400,183.92000000,0
1531178411878,1531178411881,2631789,0.00014400,21.92000000,0
1531178412010,1531178412013,2631790,0.00014400,114.20000000,0
1531178412068,1531178412073,2631791,0.00014390,82.17000000,0
1531178412171,1531178412174,2631792,0.00014390,55.62000000,0
1531178412215,1531178412219,2631793,0.00014390,7.39000000,0
1531178412446,1531178412449,2631794,0.00014390,11.94000000,0
1531178412566,1531178412569,2631795,0.00014330,41.34000000,1
1531178412709,1531178412713,2631796,0.00014380,93.02000000,0
1531178412844,1531178412841,2631797,0.00014380,11.13000000,1
1531178412844,1531178412841,2631798,0.00014340,49.72000000,1
1531178412844,1531178412841,2631799,0.00014320,246.11000000,1
1531178412844,1531178412841,2631800,0.00014300,150.18000000,1
1531178412844,1531178412841,2631801,0.00014290,7.01000000,1
1531178412844,1531178412841,2631802,0.00014280,84.06000000,1
1531178412844,1531178412841,2631803,0.00014270,38.47000000,1
1531178412844,1531178412841,2631804,0.00014240,280.90000000,1
1531178412844,1531178412841,2631805,0.00014230,278.28000000,1
1531178412844,1531178412841,2631806,0.00014220,35.10000000,1
1531178412844,1531178412841,2631807,0.00014210,316.74000000,1
1531178412844,1531178412841,2631808,0.00014200,21.61000000,1
1531178412844,1531178412841,2631809,0.00014180,266.62000000,1
1531178412844,1531178412841,2631810,0.00014170,1034.09000000,1
1531178412844,1531178412841,2631811,0.00014160,28.73000000,1
1531178412866,1531178412870,2631812,0.00014160,2262.20000000,0
1531178412871,1531178412873,2631813,0.00014160,1136.92000000,0
1531178412872,1531178412876,2631814,0.00014160,294.78000000,0
1531178412877,1531178412881,2631815,0.00014160,70.62000000,0
1531178412886,1531178412889,2631816,0.00014160,294.55000000,0
1531178412894,1531178412897,2631817,0.00014160,1716.71000000,0
1531178412937,1531178412942,2631818,0.00014390,213.59000000,0
1531178412937,1531178412942,2631819,0.00014400,361.10000000,0
1531178413179,1531178413183,2631820,0.00014390,29.75000000,0
1531178413223,1531178413227,2631821,0.00014350,174.64000000,1
1531178413226,1531178413231,2631822,0.00014220,29.75000000,1
1531178414067,1531178414071,2631823,0.00014240,9.77000000,0
1531178414219,1531178414223,2631824,0.00014220,78.85000000,1
1531178414247,1531178414248,2631825,0.00014240,0.01000000,0
1531178414430,1531178414435,2631826,0.00014290,43.28000000,0
1531178414664,1531178414668,2631827,0.00014290,72.93000000,1
1531178414664,1531178414668,2631828,0.00014230,8.43000000,1
1531178414680,1531178414685,2631829,0.00014230,14.39000000,0
1531178415013,1531178415016,2631830,0.00014290,8.43000000,1
1531178415035,1531178415038,2631831,0.00014300,40.80000000,0
1531178415035,1531178415038,2631832,0.00014310,0.95000000,0
1531178415140,1531178415143,2631833,0.00014290,0.93000000,1
1531178415140,1531178415143,2631834,0.00014220,40.59000000,1
1531178415310,1531178415313,2631835,0.00014300,225.55000000,0
1531178415310,1531178415313,2631836,0.00014310,104.30000000,0
1531178415484,1531178415486,2631837,0.00014330,21.06000000,0
1531178415484,1531178415486,2631838,0.00014350,13.40000000,0
1531178417382,1531178417385,2631839,0.00014240,381.19000000,1
1531178417382,1531178417385,2631840,0.00014230,675.28000000,1
1531178417382,1531178417385,2631841,0.00014220,4150.81000000,1
1531178417382,1531178417385,2631842,0.00014200,1438.17000000,1
1531178417382,1531178417385,2631843,0.00014160,82.70000000,1
1531178417781,1531178417784,2631844,0.00014280,8.40000000,1
1531178417781,1531178417784,2631845,0.00014160,159.58000000,1
1531178417985,1531178417990,2631846,0.00014160,155.35000000,1
1531178418486,1531178418489,2631847,0.00014170,207.94000000,1
1531178418486,1531178418489,2631848,0.00014160,28.85000000,1
1531178418573,1531178418576,2631849,0.00014280,34.64000000,0
1531178419366,1531178419368,2631850,0.00014230,0.15000000,1
1531178419386,1531178419391,2631851,0.00014240,11.64000000,0
1531178419399,1531178419403,2631852,0.00014230,95.95000000,1
1531178419399,1531178419403,2631853,0.00014200,80.63000000,1
1531178419506,1531178419511,2631854,0.00014270,41.52000000,0
1531178419614,1531178419617,2631855,0.00014210,7.11000000,0
1531178419852,1531178419856,2631856,0.00014200,29.30000000,1
1531178419985,1531178419989,2631857,0.00014210,14.22000000,0
1531178420052,1531178420057,2631858,0.00014210,21.33000000,0
1531178420115,1531178420119,2631859,0.00014210,67.53000000,0
1531178420213,1531178420217,2631860,0.00014270,166.42000000,0
1531178420213,1531178420217,2631861,0.00014280,28.50000000,0
1531178420233,1531178420237,2631862,0.00014280,35.47000000,1
1531178420266,1531178420268,2631863,0.00014280,40.95000000,1
1531178420277,1531178420280,2631864,0.00014280,62.44000000,1
1531178420330,1531178420333,2631865,0.00014280,7.11000000,1
1531178420379,1531178420382,2631866,0.00014280,295.13000000,1
1531178420401,1531178420404,2631867,0.00014280,150.46000000,1
1531178420406,1531178420410,2631868,0.00014280,90.00000000,1
1531178420435,1531178420438,2631869,0.00014280,82.19000000,1
1531178420580,1531178420583,2631870,0.00014290,785.37000000,0
1531178420592,1531178420597,2631871,0.00014280,42.50000000,1
1531178420628,1531178420631,2631872,0.00014280,49.72000000,1
1531178420654,1531178420657,2631873,0.00014280,129.62000000,1
1531178420738,1531178420741,2631874,0.00014280,41.74000000,1
1531178420801,1531178420805,2631875,0.00014280,11.16000000,1
1531178421006,1531178421011,2631876,0.00014280,7.11000000,1
1531178421047,1531178421048,2631877,0.00014280,1710.72000000,1
1531178421047,1531178421048,2631878,0.00014200,1286.72000000,1
1531178421047,1531178421048,2631879,0.00014160,4456.04000000,1
1531178421089,1531178421093,2631880,0.00014250,10.67000000,1
1531178421101,1531178421106,2631881,0.00014310,41.52000000,0
1531178421668,1531178421671,2631882,0.00014220,11.93000000,1
1531178421668,1531178421671,2631883,0.00014200,15.75000000,1
1531178421954,1531178421958,2631884,0.00014270,69.92000000,1
1531178422146,1531178422149,2631885,0.00014270,40.60000000,1
1531178422231,1531178422235,2631886,0.00014270,105.23000000,1
1531178423078,1531178423081,2631887,0.00014220,7.11000000,1
1531178423078,1531178423081,2631888,0.00014200,26.40000000,1
1531178423078,1531178423081,2631889,0.00014160,15.01000000,1
1531178423078,1531178423081,2631890,0.00014150,6.42000000,1
1531178423709,1531178423713,2631891,0.00014160,55.49000000,1
1531178423886,1531178423890,2631892,0.00014250,44.51000000,0
1531178424446,1531178424448,2631893,0.00014160,130.36000000,1
1531178424446,1531178424448,2631894,0.00014150,132.52000000,1
1531178424552,1531178424557,2631895,0.00014240,69.53000000,0
1531178424657,1531178424661,2631896,0.00014150,300.98000000,1
1531178424851,1531178424856,2631897,0.00014150,60.49000000,1
1531178424939,1531178424941,2631898,0.00014240,0.23000000,0
1531178424939,1531178424941,2631899,0.00014250,17.21000000,0
1531178425175,1531178425153,2631900,0.00014240,92.62000000,0
1531178425176,1531178425167,2631901,0.00014240,53.96000000,0
1531178425183,1531178425188,2631902,0.00014240,30.42000000,0
1531178425209,1531178425214,2631903,0.00014230,31.22000000,0
1531178425275,1531178425279,2631904,0.00014230,73.70000000,0
1531178425524,1531178425528,2631905,0.00014150,61.23000000,1
1531178426422,1531178426426,2631906,0.00014230,16.45000000,0
1531178426438,1531178426441,2631907,0.00014230,14.55000000,0
1531178428518,1531178428520,2631908,0.00014160,279.17000000,1
1531178428518,1531178428520,2631909,0.00014140,84.92000000,1
1531178428518,1531178428520,2631910,0.00014110,51.29000000,1
1531178428518,1531178428520,2631911,0.00014100,91.80000000,1
1531178428530,1531178428534,2631912,0.00014100,321.28000000,0
1531178428556,1531178428560,2631913,0.00014240,8.85000000,0
1531178428556,1531178428560,2631914,0.00014250,0.23000000,0
1531178428556,1531178428560,2631915,0.00014260,312.19000000,0
1531178428829,1531178428833,2631916,0.00014230,82.32000000,0
1531178429451,1531178429454,2631917,0.00014160,55.27000000,1
1531178429488,1531178429492,2631918,0.00014180,42.38000000,0
1531178429814,1531178429818,2631919,0.00014160,40.83000000,1
1531178429828,1531178429833,2631920,0.00014160,21.78000000,0
1531178430150,1531178430155,2631921,0.00014130,61.01000000,1
1531178430560,1531178430564,2631922,0.00014190,8.92000000,0
1531178431245,1531178431241,2631923,0.00014150,61.19000000,1
1531178432264,1531178432267,2631924,0.00014150,60.90000000,1
1531178432502,1531178432505,2631925,0.00014150,152.91000000,1
1531178432502,1531178432505,2631926,0.00014140,1015.37000000,1
1531178432502,1531178432505,2631927,0.00014130,799.75000000,1
1531178432502,1531178432505,2631928,0.00014110,863.00000000,1
1531178432502,1531178432505,2631929,0.00014100,4261.70000000,1
1531178432654,1531178432658,2631930,0.00014100,61.84000000,1
1531178433029,1531178433033,2631931,0.00014100,61.46000000,1
1531178433327,1531178433332,2631932,0.00014180,25.52000000,0
1531178433422,1531178433426,2631933,0.00014180,20.89000000,0
1531178433529,1531178433530,2631934,0.00014210,13.78000000,0
1531178434125,1531178434127,2631935,0.00014170,20.89000000,0
1531178434691,1531178434693,2631936,0.00014170,32.42000000,0
1531178435617,1531178435620,2631937,0.00014190,69.33000000,0
1531178435861,1531178435864,2631938,0.00014120,106.23000000,1
1531178435861,1531178435864,2631939,0.00014100,171.44000000,1
1531178436133,1531178436137,2631940,0.00014190,81.98000000,0
1531178436442,1531178436445,2631941,0.00014140,41.84000000,1
1531178437172,1531178437175,2631942,0.00014180,215.29000000,0
1531178437284,1531178437279,2631943,0.00014160,141.41000000,0
1531178437284,1531178437279,2631944,0.00014160,0.01000000,0
1531178437315,1531178437319,2631945,0.00014180,50.02000000,0
1531178437755,1531178437758,2631946,0.00014140,233.16000000,1
1531178437755,1531178437758,2631947,0.00014120,863.00000000,1
1531178437755,1531178437758,2631948,0.00014100,239.66000000,1
1531178437755,1531178437758,2631949,0.00014090,462.96000000,1
1531178437755,1531178437758,2631950,0.00014080,14.92000000,1
1531178437755,1531178437758,2631951,0.00014070,2486.66000000,1
1531178437755,1531178437758,2631952,0.00014050,888.26000000,1
