event_time,trade_time,trade_id,price,quantity,maker
1531160279958,1531160279954,11920683,0.00002113,5197.00000000,0
1531160279984,1531160279982,11920684,0.00002113,13890.00000000,0
1531160285380,1531160285377,11920685,0.00002113,19900.00000000,0
1531160288269,1531160288266,11920686,0.00002112,566.00000000,1
1531160294788,1531160294785,11920687,0.00002112,934.00000000,1
1531160295993,1531160295990,11920688,0.00002112,566.00000000,1
1531160296100,1531160296096,11920689,0.00002112,2532.00000000,1
1531160297518,1531160297514,11920690,0.00002112,1191.00000000,1
1531160297536,1531160297533,11920691,0.00002112,2089.00000000,0
1531160297544,1531160297541,11920692,0.00002113,1544.00000000,0
1531160297558,1531160297555,11920693,0.00002113,1465.00000000,0
1531160300194,1531160300190,11920694,0.00002112,96.00000000,0
1531160301933,1531160301929,11920695,0.00002112,93.00000000,0
1531160302864,1531160302861,11920696,0.00002114,30.00000000,0
1531160302902,1531160302899,11920697,0.00002114,25.00000000,0
1531160302945,1531160302945,11920698,0.00002114,27.00000000,0
1531160302999,1531160302996,11920699,0.00002114,164.00000000,0
1531160303146,1531160303143,11920700,0.00002114,24.00000000,0
1531160304761,1531160304758,11920701,0.00002114,113.00000000,0
1531160323484,1531160323481,11920702,0.00002112,56.00000000,0
1531160324260,1531160324256,11920703,0.00002112,34.00000000,0
1531160324298,1531160324297,11920704,0.00002112,34.00000000,0
1531160324324,1531160324321,11920705,0.00002112,34.00000000,0
1531160324410,1531160324408,11920706,0.00002112,44.00000000,0
1531160324416,1531160324412,11920707,0.00002112,214.00000000,0
1531160324471,1531160324471,11920708,0.00002112,28.00000000,0
1531160324518,1531160324514,11920709,0.00002112,33.00000000,0
1531160324534,1531160324531,11920710,0.00002112,25.00000000,0
1531160324626,1531160324622,11920711,0.00002112,33.00000000,0
1531160324706,1531160324701,11920712,0.00002112,196.00000000,0
1531160324747,1531160324743,11920713,0.00002112,31.00000000,0
1531160324783,1531160324780,11920714,0.00002112,44.00000000,0
1531160324820,1531160324814,11920715,0.00002112,33.00000000,0
1531160324959,1531160324955,11920716,0.00002112,44.00000000,0
1531160325155,1531160325153,11920717,0.00002112,33.00000000,0
1531160325587,1531160325582,11920718,0.00002111,88.00000000,1
1531160325599,1531160325596,11920719,0.00002111,6951.00000000,0
1531160325609,1531160325606,11920720,0.00002112,3552.00000000,0
1531160325629,1531160325625,11920721,0.00002112,4854.00000000,0
1531160327344,1531160327341,11920722,0.00002115,428.00000000,0
1531160330861,1531160330858,11920723,0.00002113,10539.00000000,0
1531160330869,1531160330866,11920724,0.00002112,916.00000000,1
1531160334462,1531160334459,11920725,0.00002112,50.00000000,0
1531160344415,1531160344410,11920726,0.00002111,4751.00000000,1
1531160344425,1531160344422,11920727,0.00002111,1128.00000000,0
1531160344439,1531160344436,11920728,0.00002111,157.00000000,1
1531160344455,1531160344451,11920729,0.00002111,4594.00000000,1
1531160344475,1531160344470,11920730,0.00002112,4926.00000000,0
1531160353159,1531160353156,11920731,0.00002115,2.00000000,0
1531160353679,1531160353675,11920732,0.00002112,640.00000000,1
1531160354020,1531160354020,11920733,0.00002115,150.00000000,0
1531160359159,1531160359156,11920734,0.00002112,120.00000000,1
1531160359769,1531160359766,11920735,0.00002112,192.00000000,1
1531160360156,1531160360152,11920736,0.00002113,8363.00000000,0
1531160360176,1531160360172,11920737,0.00002114,105.00000000,0
1531160360201,1531160360198,11920738,0.00002114,5729.00000000,0
1531160374504,1531160374504,11920739,0.00002114,407.00000000,0
1531160374918,1531160374915,11920740,0.00002114,2856.00000000,0
1531160378668,1531160378665,11920741,0.00002113,317.00000000,1
1531160378705,1531160378702,11920742,0.00002114,129.00000000,0
1531160378924,1531160378921,11920743,0.00002115,9565.00000000,0
1531160384343,1531160384339,11920744,0.00002115,10847.00000000,0
1531160385341,1531160385340,11920745,0.00002115,8874.00000000,0
1531160385577,1531160385574,11920746,0.00002113,172.00000000,1
1531160385579,1531160385576,11920747,0.00002115,9521.00000000,0
1531160385957,1531160385954,11920748,0.00002114,6659.00000000,0
1531160392481,1531160392479,11920749,0.00002115,366.00000000,0
1531160392773,1531160392768,11920750,0.00002113,72.00000000,1
1531160392773,1531160392768,11920751,0.00002112,233.00000000,1
1531160392773,1531160392768,11920752,0.00002111,116.00000000,1
1531160392773,1531160392768,11920753,0.00002110,10982.00000000,1
1531160393818,1531160393816,11920754,0.00002114,6.00000000,1
1531160404881,1531160404879,11920755,0.00002115,751.00000000,0
1531160404975,1531160404971,11920756,0.00002115,15427.00000000,0
1531160405896,1531160405892,11920757,0.00002116,82.00000000,0
1531160408595,1531160408592,11920758,0.00002114,1682.00000000,1
1531160413559,1531160413554,11920759,0.00002116,7234.00000000,0
1531160428271,1531160428270,11920760,0.00002115,1085.00000000,1
1531160432376,1531160432373,11920761,0.00002115,7713.00000000,1
1531160432387,1531160432383,11920762,0.00002115,4955.00000000,0
1531160432400,1531160432397,11920763,0.00002115,7713.00000000,1
1531160435807,1531160435802,11920764,0.00002115,1085.00000000,0
1531160435807,1531160435802,11920765,0.00002116,13254.00000000,0
1531160435807,1531160435802,11920766,0.00002117,119.00000000,0
1531160435807,1531160435802,11920767,0.00002118,5986.00000000,0
1531160435843,1531160435839,11920768,0.00002118,800.00000000,1
1531160435851,1531160435849,11920769,0.00002118,602.00000000,1
1531160435894,1531160435891,11920770,0.00002118,602.00000000,1
1531160435918,1531160435915,11920771,0.00002118,602.00000000,1
1531160436097,1531160436096,11920772,0.00002118,29505.00000000,1
1531160436857,1531160436854,11920773,0.00002116,2124.00000000,1
1531160439497,1531160439493,11920774,0.00002114,96.00000000,1
1531160446267,1531160446265,11920775,0.00002115,798.00000000,0
1531160448903,1531160448901,11920776,0.00002115,762.00000000,0
1531160452463,1531160452461,11920777,0.00002115,472.00000000,0
1531160455376,1531160455373,11920778,0.00002115,2500.00000000,0
1531160455459,1531160455456,11920779,0.00002115,10903.00000000,0
1531160456605,1531160456600,11920780,0.00002117,500.00000000,1
1531160460708,1531160460704,11920781,0.00002115,48.00000000,1
1531160464936,1531160464933,11920782,0.00002117,391.00000000,0
1531160464958,1531160464954,11920783,0.00002117,7784.00000000,0
1531160474840,1531160474836,11920784,0.00002116,8096.00000000,0
1531160477992,1531160477987,11920785,0.00002115,1069.00000000,1
1531160477992,1531160477987,11920786,0.00002114,931.00000000,1
1531160483768,1531160483767,11920787,0.00002117,478.00000000,0
1531160486896,1531160486864,11920788,0.00002117,910.00000000,0
1531160487019,1531160487015,11920789,0.00002117,1362.00000000,0
1531160489012,1531160489008,11920790,0.00002116,303.00000000,1
1531160503660,1531160503658,11920791,0.00002117,7385.00000000,0
1531160503899,1531160503895,11920792,0.00002116,2000.00000000,1
1531160513116,1531160513116,11920793,0.00002117,200.00000000,0
1531160522674,1531160522669,11920794,0.00002116,410.00000000,1
1531160537336,1531160537332,11920795,0.00002116,4116.00000000,1
1531160537972,1531160537968,11920796,0.00002116,469.00000000,1
1531160541685,1531160541681,11920797,0.00002116,351.00000000,1
1531160548128,1531160548124,11920798,0.00002116,807.00000000,1
1531160566397,1531160566394,11920799,0.00002115,469.00000000,1
1531160566420,1531160566417,11920800,0.00002115,1214.00000000,1
1531160566439,1531160566437,11920801,0.00002115,435.00000000,1
1531160568765,1531160568761,11920802,0.00002116,297.00000000,0
1531160583364,1531160583340,11920803,0.00002116,60.00000000,0
1531160583364,1531160583340,11920804,0.00002117,440.00000000,0
1531160594713,1531160594710,11920805,0.00002116,455.00000000,1
1531160594713,1531160594710,11920806,0.00002114,216.00000000,1
1531160595567,1531160595563,11920807,0.00002117,267.00000000,0
1531160606812,1531160606809,11920808,0.00002116,1100.00000000,1
1531160612312,1531160612309,11920809,0.00002115,269.00000000,1
1531160612324,1531160612321,11920810,0.00002115,107.00000000,0
1531160612334,1531160612331,11920811,0.00002115,269.00000000,1
1531160613188,1531160613185,11920812,0.00002116,1400.00000000,0
1531160623160,1531160623156,11920813,0.00002115,1399.00000000,1
1531160623184,1531160623181,11920814,0.00002115,1093.00000000,1
1531160623557,1531160623552,11920815,0.00002115,500.00000000,1
1531160628570,1531160628567,11920816,0.00002114,2325.00000000,1
1531160628570,1531160628567,11920817,0.00002113,173.00000000,1
1531160632704,1531160632701,11920818,0.00002116,92.00000000,0
1531160633299,1531160633295,11920819,0.00002115,1164.00000000,0
1531160633313,1531160633311,11920820,0.00002114,1022.00000000,1
1531160642772,1531160642768,11920821,0.00002115,1928.00000000,0
1531160642781,1531160642778,11920822,0.00002114,825.00000000,1
1531160659080,1531160659076,11920823,0.00002114,15939.00000000,1
1531160659091,1531160659086,11920824,0.00002114,47138.00000000,1
1531160667688,1531160667684,11920825,0.00002114,20402.00000000,1
1531160681433,1531160681430,11920826,0.00002115,483.00000000,1
1531160683159,1531160683155,11920827,0.00002115,425.00000000,0
1531160683672,1531160683667,11920828,0.00002115,411.00000000,0
1531160687885,1531160687881,11920829,0.00002114,100.00000000,1
1531160709515,1531160709509,11920830,0.00002115,330.00000000,0
1531160709533,1531160709528,11920831,0.00002115,331.00000000,0
1531160710485,1531160710481,11920832,0.00002115,2001.00000000,0
1531160711657,1531160711654,11920833,0.00002114,635.00000000,1
1531160722695,1531160722690,11920834,0.00002115,2001.00000000,0
1531160729863,1531160729858,11920835,0.00002114,352.00000000,1
1531160732476,1531160732473,11920836,0.00002114,2032.00000000,1
1531160751090,1531160751086,11920837,0.00002115,357.00000000,0
1531160781479,1531160781477,11920838,0.00002114,264.00000000,1
1531160785461,1531160785457,11920839,0.00002114,2101.00000000,1
1531160791117,1531160791112,11920840,0.00002114,59.00000000,1
1531160803273,1531160803272,11920841,0.00002115,1811.00000000,0
1531160812748,1531160812745,11920842,0.00002114,500.00000000,1
1531160813339,1531160813335,11920843,0.00002115,911.00000000,0
1531160822497,1531160822495,11920844,0.00002115,472.00000000,0
1531160828767,1531160828762,11920845,0.00002115,900.00000000,0
1531160832381,1531160832376,11920846,0.00002114,52.00000000,1
1531160876651,1531160876646,11920847,0.00002115,500.00000000,0
1531160883994,1531160883989,11920848,0.00002114,1226.00000000,1
1531160888776,1531160888771,11920849,0.00002115,911.00000000,0
1531160904901,1531160904897,11920850,0.00002114,200.00000000,1
1531160911988,1531160911983,11920851,0.00002115,2306.00000000,0
1531160916714,1531160916711,11920852,0.00002114,975.00000000,1
1531160919243,1531160919238,11920853,0.00002115,911.00000000,0
1531160923001,1531160923001,11920854,0.00002115,472.00000000,0
1531160924954,1531160924951,11920855,0.00002114,95.00000000,1
1531160935659,1531160935654,11920856,0.00002115,2203.00000000,0
1531160943306,1531160943303,11920857,0.00002115,964.00000000,0
1531160946484,1531160946482,11920858,0.00002114,48.00000000,1
1531160951348,1531160951345,11920859,0.00002115,472.00000000,0
1531160964806,1531160964802,11920860,0.00002115,53632.00000000,0
1531160970450,1531160970447,11920861,0.00002116,489.00000000,1
1531160970855,1531160970850,11920862,0.00002117,500.00000000,1
1531160984807,1531160984804,11920863,0.00002116,1468.00000000,1
1531160984838,1531160984835,11920864,0.00002116,564.00000000,1
1531160985401,1531160985397,11920865,0.00002117,7789.00000000,0
1531160985411,1531160985407,11920866,0.00002116,1463.00000000,1
1531160987032,1531160987030,11920867,0.00002116,1984.00000000,0
1531160989208,1531160989204,11920868,0.00002116,1872.00000000,1
1531160989351,1531160989347,11920869,0.00002116,338.00000000,1
1531160990095,1531160990093,11920870,0.00002116,1693.00000000,1
1531160990122,1531160990120,11920871,0.00002116,1419.00000000,1
1531160995678,1531160995674,11920872,0.00002115,52.00000000,1
1531161008377,1531161008372,11920873,0.00002115,1852.00000000,1
1531161012208,1531161012204,11920874,0.00002116,1841.00000000,0
1531161012325,1531161012321,11920875,0.00002116,70.00000000,1
1531161012394,1531161012391,11920876,0.00002116,1418.00000000,1
1531161012574,1531161012569,11920877,0.00002116,93.00000000,1
1531161013400,1531161013395,11920878,0.00002116,2328.00000000,1
1531161014035,1531161014031,11920879,0.00002116,12527.00000000,1
1531161018525,1531161018520,11920880,0.00002116,2000.00000000,1
1531161020869,1531161020865,11920881,0.00002117,223.00000000,0
1531161020898,1531161020894,11920882,0.00002117,1675.00000000,0
1531161024248,1531161024242,11920883,0.00002117,88888.00000000,0
1531161024248,1531161024242,11920884,0.00002118,94.00000000,0
1531161024248,1531161024242,11920885,0.00002119,2321.00000000,0
1531161024248,1531161024242,11920886,0.00002120,2013.00000000,0
1531161028199,1531161028195,11920887,0.00002120,11.00000000,0
1531161032077,1531161032073,11920888,0.00002117,1418.00000000,1
1531161032144,1531161032139,11920889,0.00002117,1282.00000000,1
1531161033194,1531161033190,11920890,0.00002116,751.00000000,1
1531161041326,1531161041321,11920891,0.00002117,1057.00000000,0
1531161050577,1531161050573,11920892,0.00002117,236.00000000,0
1531161052597,1531161052594,11920893,0.00002117,1671.00000000,0
1531161057014,1531161057009,11920894,0.00002118,503.00000000,1
1531161057083,1531161057082,11920895,0.00002118,2168.00000000,1
1531161061396,1531161061391,11920896,0.00002118,1967.00000000,0
1531161061404,1531161061400,11920897,0.00002117,343.00000000,1
1531161071270,1531161071267,11920898,0.00002116,1791.00000000,1
1531161071285,1531161071281,11920899,0.00002117,1907.00000000,0
1531161079528,1531161079524,11920900,0.00002116,1579.00000000,1
1531161079557,1531161079553,11920901,0.00002116,1791.00000000,1
1531161084039,1531161084036,11920902,0.00002117,51.00000000,0
1531161092036,1531161092032,11920903,0.00002116,2000.00000000,1
1531161097063,1531161097059,11920904,0.00002117,98.00000000,0
1531161098397,1531161098392,11920905,0.00002116,876.00000000,1
1531161098418,1531161098415,11920906,0.00002116,1579.00000000,1
1531161107370,1531161107366,11920907,0.00002117,50.00000000,0
1531161112565,1531161112561,11920908,0.00002117,87.00000000,0
1531161124580,1531161124575,11920909,0.00002116,160.00000000,1
1531161166576,1531161166572,11920910,0.00002117,45.00000000,0
1531161174927,1531161174923,11920911,0.00002116,3.00000000,1
1531161183599,1531161183595,11920912,0.00002116,1956.00000000,1
1531161186078,1531161186073,11920913,0.00002116,798.00000000,1
1531161202945,1531161202942,11920914,0.00002116,45.00000000,1
1531161208444,1531161208439,11920915,0.00002116,2661.00000000,1
1531161208540,1531161208538,11920916,0.00002116,964.00000000,1
1531161217989,1531161217984,11920917,0.00002116,718.00000000,1
1531161218418,1531161218413,11920918,0.00002117,1911.00000000,0
1531161221628,1531161221625,11920919,0.00002116,52.00000000,1
1531161225348,1531161225345,11920920,0.00002117,5488.00000000,0
1531161228441,1531161228437,11920921,0.00002117,7089.00000000,0
1531161243579,1531161243574,11920922,0.00002117,3356.00000000,0
1531161246665,1531161246663,11920923,0.00002117,218.00000000,0
1531161247856,1531161247851,11920924,0.00002117,807.00000000,0
1531161251062,1531161251058,11920925,0.00002116,5000.00000000,1
1531161259873,1531161259869,11920926,0.00002117,1.00000000,0
1531161268401,1531161268396,11920927,0.00002116,15.00000000,1
1531161272112,1531161272109,11920928,0.00002117,304.00000000,0
1531161273220,1531161273217,11920929,0.00002117,1591.00000000,0
1531161275453,1531161275449,11920930,0.00002116,4334.00000000,1
1531161297717,1531161297715,11920931,0.00002116,52.00000000,1
1531161298493,1531161298488,11920932,0.00002116,925.00000000,1
1531161298774,1531161298769,11920933,0.00002116,257.00000000,1
1531161303841,1531161303837,11920934,0.00002116,179.00000000,1
1531161307809,1531161307805,11920935,0.00002116,565.00000000,1
1531161318119,1531161318117,11920936,0.00002117,859.00000000,0
1531161328704,1531161328698,11920937,0.00002116,20000.00000000,1
1531161337009,1531161337007,11920938,0.00002116,2060.00000000,1
1531161356429,1531161356426,11920939,0.00002116,1177.00000000,1
1531161373070,1531161373066,11920940,0.00002116,46.00000000,1
1531161374578,1531161374575,11920941,0.00002116,305.00000000,1
1531161378621,1531161378618,11920942,0.00002116,308.00000000,1
1531161395517,1531161395512,11920943,0.00002116,915.00000000,0
1531161397372,1531161397368,11920944,0.00002116,300.00000000,1
1531161401441,1531161401435,11920945,0.00002116,994.00000000,1
1531161401609,1531161401604,11920946,0.00002116,300.00000000,0
1531161413072,1531161413068,11920947,0.00002116,217.00000000,1
1531161413102,1531161413099,11920948,0.00002116,76.00000000,1
1531161419503,1531161419500,11920949,0.00002116,52.00000000,1
1531161420828,1531161420823,11920950,0.00002116,167.00000000,1
1531161429828,1531161429826,11920951,0.00002116,1459.00000000,1
1531161431846,1531161431844,11920952,0.00002116,1228.00000000,1
1531161431948,1531161431943,11920953,0.00002116,234.00000000,1
1531161446318,1531161446314,11920954,0.00002116,100.00000000,0
1531161448697,1531161448693,11920955,0.00002116,169.00000000,0
1531161449268,1531161449264,11920956,0.00002116,589.00000000,1
1531161450437,1531161450432,11920957,0.00002117,51.00000000,0
1531161458468,1531161458464,11920958,0.00002116,52.00000000,1
1531161462256,1531161462253,11920959,0.00002117,3000.00000000,0
1531161475581,1531161475578,11920960,0.00002117,25.00000000,0
1531161483008,1531161483004,11920961,0.00002117,5625.00000000,0
1531161507259,1531161507254,11920962,0.00002117,100.00000000,0
1531161527750,1531161527746,11920963,0.00002117,3205.00000000,0
1531161530293,1531161530290,11920964,0.00002117,267.00000000,0
1531161531004,1531161530999,11920965,0.00002116,5000.00000000,1
1531161534316,1531161534311,11920966,0.00002117,885.00000000,0
1531161535127,1531161535122,11920967,0.00002117,1063.00000000,0
1531161540427,1531161540423,11920968,0.00002116,564.00000000,1
1531161541830,1531161541827,11920969,0.00002117,1240.00000000,0
1531161545972,1531161545968,11920970,0.00002117,10000.00000000,0
1531161547404,1531161547400,11920971,0.00002116,503.00000000,1
1531161555007,1531161555005,11920972,0.00002116,674.00000000,1
1531161562811,1531161562807,11920973,0.00002116,281.00000000,1
1531161567550,1531161567546,11920974,0.00002116,219.00000000,1
1531161570399,1531161570394,11920975,0.00002117,259.00000000,0
1531161593065,1531161593060,11920976,0.00002116,19115.00000000,1
1531161600464,1531161600461,11920977,0.00002116,600.00000000,1
1531161614982,1531161614977,11920978,0.00002117,201.00000000,0
1531161618624,1531161618620,11920979,0.00002116,1066.00000000,1
1531161622655,1531161622651,11920980,0.00002117,3000.00000000,0
1531161626628,1531161626622,11920981,0.00002117,910.00000000,0
1531161630202,1531161630199,11920982,0.00002116,400.00000000,1
1531161642318,1531161642312,11920983,0.00002116,31341.00000000,1
1531161642323,1531161642320,11920984,0.00002115,837.00000000,1
1531161642329,1531161642324,11920985,0.00002114,20189.00000000,1
1531161642329,1531161642324,11920986,0.00002113,11152.00000000,1
1531161645451,1531161645445,11920987,0.00002113,16832.00000000,1
1531161645451,1531161645445,11920988,0.00002112,378.00000000,1
1531161645451,1531161645445,11920989,0.00002111,5321.00000000,1
1531161645451,1531161645445,11920990,0.00002110,196.00000000,1
1531161648099,1531161648094,11920991,0.00002114,92.00000000,0
1531161648334,1531161648330,11920992,0.00002114,2.00000000,0
1531161656968,1531161656963,11920993,0.00002113,110.00000000,0
1531161656979,1531161656973,11920994,0.00002112,87.00000000,1
1531161663503,1531161663499,11920995,0.00002112,5028.00000000,1
1531161663525,1531161663521,11920996,0.00002112,5689.00000000,1
1531161674899,1531161674896,11920997,0.00002112,6803.00000000,0
1531161674914,1531161674908,11920998,0.00002114,885.00000000,0
1531161674934,1531161674930,11920999,0.00002114,3866.00000000,0
1531161685749,1531161685743,11921000,0.00002113,4806.00000000,0
1531161685766,1531161685762,11921001,0.00002112,2205.00000000,1
1531161690758,1531161690754,11921002,0.00002112,356.00000000,0
1531161690775,1531161690771,11921003,0.00002114,184.00000000,0
1531161699559,1531161699554,11921004,0.00002114,9934.00000000,0
1531161699571,1531161699567,11921005,0.00002113,1496.00000000,1
1531161699588,1531161699584,11921006,0.00002113,5069.00000000,1
1531161708160,1531161708156,11921007,0.00002115,2444.00000000,0
1531161708175,1531161708171,11921008,0.00002115,5247.00000000,0
1531161708414,1531161708410,11921009,0.00002112,95.00000000,1
1531161708414,1531161708410,11921010,0.00002111,94.00000000,1
1531161708414,1531161708410,11921011,0.00002110,864.00000000,1
1531161712304,1531161712300,11921012,0.00002114,92.00000000,0
1531161720139,1531161720136,11921013,0.00002115,1682.00000000,0
1531161720154,1531161720150,11921014,0.00002115,1366.00000000,0
1531161735193,1531161735187,11921015,0.00002112,206.00000000,1
1531161735216,1531161735212,11921016,0.00002112,982.00000000,1
1531161738596,1531161738591,11921017,0.00002115,300.00000000,0
1531161744301,1531161744297,11921018,0.00002113,474.00000000,0
1531161744315,1531161744311,11921019,0.00002114,501.00000000,0
1531161744342,1531161744337,11921020,0.00002114,187.00000000,0
1531161755755,1531161755752,11921021,0.00002113,48.00000000,1
1531161760331,1531161760328,11921022,0.00002112,52.00000000,1
1531161772218,1531161772213,11921023,0.00002113,1066.00000000,0
1531161772236,1531161772233,11921024,0.00002113,118.00000000,1
1531161785786,1531161785782,11921025,0.00002114,442.00000000,0
1531161785786,1531161785783,11921026,0.00002112,329.00000000,1
1531161806009,1531161806004,11921027,0.00002112,228.00000000,1
1531161808125,1531161808120,11921028,0.00002112,107.00000000,1
1531161835107,1531161835103,11921029,0.00002111,25.00000000,1
1531161840161,1531161840157,11921030,0.00002113,92.00000000,0
1531161840879,1531161840875,11921031,0.00002113,775.00000000,0
1531161840893,1531161840889,11921032,0.00002113,499.00000000,0
1531161854369,1531161854364,11921033,0.00002113,181.00000000,1
1531161854387,1531161854382,11921034,0.00002113,1061.00000000,0
1531161854399,1531161854395,11921035,0.00002113,181.00000000,1
1531161856044,1531161856040,11921036,0.00002113,410.00000000,0
1531161856044,1531161856040,11921037,0.00002114,590.00000000,0
1531161864199,1531161864195,11921038,0.00002113,1223.00000000,0
1531161864216,1531161864211,11921039,0.00002112,537.00000000,1
1531161871694,1531161871690,11921040,0.00002113,3155.00000000,0
1531161871706,1531161871702,11921041,0.00002112,1161.00000000,1
1531161886566,1531161886542,11921042,0.00002112,1795.00000000,0
1531161886566,1531161886552,11921043,0.00002113,1069.00000000,0
1531161902484,1531161902479,11921044,0.00002114,51.00000000,0
1531161918128,1531161918125,11921045,0.00002114,792.00000000,0
1531161939189,1531161939183,11921046,0.00002113,530.00000000,1
1531161939189,1531161939183,11921047,0.00002111,73.00000000,1
1531161947338,1531161947334,11921048,0.00002111,2682.00000000,1
1531161947338,1531161947334,11921049,0.00002110,3318.00000000,1
1531161953501,1531161953496,11921050,0.00002112,340.00000000,0
1531161953511,1531161953507,11921051,0.00002111,377.00000000,1
1531161953536,1531161953531,11921052,0.00002111,132.00000000,1
1531161960484,1531161960477,11921053,0.00002113,482.00000000,0
1531161961210,1531161961204,11921054,0.00002113,813.00000000,0
1531161978064,1531161978059,11921055,0.00002113,869.00000000,1
1531161978073,1531161978069,11921056,0.00002113,2360.00000000,0
1531161978090,1531161978086,11921057,0.00002113,869.00000000,1
1531161978146,1531161978141,11921058,0.00002113,332.00000000,0
1531161982742,1531161982739,11921059,0.00002114,709.00000000,0
1531161984354,1531161984350,11921060,0.00002113,656.00000000,0
1531161984840,1531161984838,11921061,0.00002113,656.00000000,0
1531161988166,1531161988163,11921062,0.00002113,2876.00000000,0
1531161988184,1531161988179,11921063,0.00002113,1769.00000000,0
1531161994398,1531161994393,11921064,0.00002114,115.00000000,0
1531161996516,1531161996513,11921065,0.00002114,143.00000000,0
1531161998351,1531161998347,11921066,0.00002113,1790.00000000,1
1531162004679,1531162004676,11921067,0.00002113,201.00000000,0
1531162007978,1531162007972,11921068,0.00002113,565.00000000,0
1531162009920,1531162009917,11921069,0.00002112,1772.00000000,1
1531162009949,1531162009947,11921070,0.00002112,2918.00000000,1
1531162009972,1531162009967,11921071,0.00002112,1095.00000000,1
1531162009992,1531162009990,11921072,0.00002113,525.00000000,0
1531162011192,1531162011188,11921073,0.00002113,2556.00000000,1
1531162011563,1531162011559,11921074,0.00002114,1196.00000000,0
1531162019687,1531162019681,11921075,0.00002114,1.00000000,0
1531162019962,1531162019957,11921076,0.00002114,2999.00000000,1
1531162024207,1531162024201,11921077,0.00002114,95.00000000,0
1531162024207,1531162024201,11921078,0.00002115,814.00000000,0
1531162025215,1531162025211,11921079,0.00002114,498.00000000,1
1531162027962,1531162027959,11921080,0.00002114,2891.00000000,1
1531162052726,1531162052722,11921081,0.00002114,320.00000000,0
1531162052750,1531162052746,11921082,0.00002115,317.00000000,0
1531162052831,1531162052826,11921083,0.00002115,581.00000000,0
1531162053332,1531162053328,11921084,0.00002115,1129.00000000,1
1531162053892,1531162053886,11921085,0.00002114,320.00000000,1
1531162054013,1531162054009,11921086,0.00002115,90.00000000,0
1531162059554,1531162059551,11921087,0.00002111,969.00000000,1
1531162059577,1531162059572,11921088,0.00002111,1542.00000000,1
1531162063886,1531162063881,11921089,0.00002115,4359.00000000,1
1531162066642,1531162066639,11921090,0.00002114,1175.00000000,0
1531162066650,1531162066646,11921091,0.00002112,1940.00000000,1
1531162066675,1531162066669,11921092,0.00002112,933.00000000,1
1531162071047,1531162071043,11921093,0.00002115,500.00000000,1
1531162071941,1531162071937,11921094,0.00002116,65.00000000,0
1531162078846,1531162078844,11921095,0.00002112,94.00000000,1
1531162078846,1531162078844,11921096,0.00002111,148.00000000,1
1531162079811,1531162079806,11921097,0.00002113,4769.00000000,0
1531162079830,1531162079826,11921098,0.00002115,483.00000000,0
1531162079846,1531162079840,11921099,0.00002115,2774.00000000,0
1531162084462,1531162084459,11921100,0.00002114,2728.00000000,0
1531162084476,1531162084471,11921101,0.00002112,1922.00000000,1
1531162090679,1531162090674,11921102,0.00002115,1384.00000000,0
1531162090697,1531162090692,11921103,0.00002115,312.00000000,0
1531162096437,1531162096433,11921104,0.00002114,2436.00000000,0
1531162096446,1531162096440,11921105,0.00002115,782.00000000,0
1531162096473,1531162096469,11921106,0.00002115,1434.00000000,0
1531162128934,1531162128930,11921107,0.00002115,319.00000000,1
1531162158035,1531162158030,11921108,0.00002115,9723.00000000,1
1531162158791,1531162158786,11921109,0.00002116,94.00000000,0
1531162158791,1531162158786,11921110,0.00002117,815.00000000,0
1531162159550,1531162159545,11921111,0.00002117,1.00000000,0
1531162159833,1531162159826,11921112,0.00002117,42938.00000000,0
1531162159833,1531162159826,11921113,0.00002118,2936.00000000,0
1531162159833,1531162159826,11921114,0.00002120,4126.00000000,0
1531162163654,1531162163650,11921115,0.00002119,1702.00000000,0
1531162163654,1531162163650,11921116,0.00002120,1298.00000000,0
1531162164489,1531162164485,11921117,0.00002118,503.00000000,1
1531162164500,1531162164498,11921118,0.00002118,564.00000000,1
1531162166899,1531162166895,11921119,0.00002118,1386.00000000,1
1531162166961,1531162166958,11921120,0.00002117,464.00000000,1
1531162178078,1531162178074,11921121,0.00002116,464.00000000,0
1531162178078,1531162178074,11921122,0.00002117,464.00000000,0
1531162178078,1531162178074,11921123,0.00002119,4072.00000000,0
1531162181874,1531162181868,11921124,0.00002119,1702.00000000,0
1531162181942,1531162181938,11921125,0.00002119,1015.00000000,1
1531162182021,1531162182017,11921126,0.00002119,564.00000000,1
1531162182022,1531162182018,11921127,0.00002119,519.00000000,1
1531162183769,1531162183763,11921128,0.00002119,374.00000000,0
1531162183770,1531162183763,11921129,0.00002120,534.00000000,0
1531162189625,1531162189620,11921130,0.00002118,2471.00000000,0
1531162189632,1531162189628,11921131,0.00002119,176.00000000,0
1531162189649,1531162189646,11921132,0.00002119,847.00000000,0
1531162192897,1531162192895,11921133,0.00002118,500.00000000,1
1531162199817,1531162199814,11921134,0.00002118,48.00000000,0
1531162199845,1531162199839,11921135,0.00002118,1048.00000000,0
1531162205837,1531162205832,11921136,0.00002119,103.00000000,0
1531162213821,1531162213817,11921137,0.00002118,1094.00000000,0
1531162213842,1531162213837,11921138,0.00002118,356.00000000,0
1531162225641,1531162225637,11921139,0.00002118,874.00000000,1
1531162225651,1531162225648,11921140,0.00002118,144.00000000,1
1531162225659,1531162225654,11921141,0.00002118,273.00000000,1
1531162235711,1531162235709,11921142,0.00002118,3000.00000000,0
1531162235887,1531162235882,11921143,0.00002118,145.00000000,0
1531162235887,1531162235882,11921144,0.00002119,762.00000000,0
1531162246681,1531162246676,11921145,0.00002117,272.00000000,1
1531162246697,1531162246693,11921146,0.00002118,204.00000000,0
1531162251891,1531162251887,11921147,0.00002118,797.00000000,1
1531162256121,1531162256116,11921148,0.00002118,252.00000000,0
1531162256138,1531162256134,11921149,0.00002118,714.00000000,0
1531162258889,1531162258884,11921150,0.00002118,228.00000000,1
1531162267265,1531162267261,11921151,0.00002118,503.00000000,1
1531162267890,1531162267885,11921152,0.00002118,1343.00000000,1
1531162273982,1531162273980,11921153,0.00002117,103.00000000,1
1531162276988,1531162276987,11921154,0.00002115,1149.00000000,1
1531162277683,1531162277679,11921155,0.00002118,624.00000000,0
1531162277683,1531162277679,11921156,0.00002119,3260.00000000,0
1531162288903,1531162288898,11921157,0.00002116,1538.00000000,1
1531162289617,1531162289613,11921158,0.00002119,400.00000000,0
1531162298082,1531162298077,11921159,0.00002115,19.00000000,1
1531162299455,1531162299450,11921160,0.00002116,51.00000000,1
1531162303506,1531162303503,11921161,0.00002116,19.00000000,1
1531162303506,1531162303503,11921162,0.00002115,1181.00000000,1
1531162313503,1531162313499,11921163,0.00002119,480.00000000,0
1531162313525,1531162313520,11921164,0.00002119,1081.00000000,0
1531162326979,1531162326974,11921165,0.00002118,687.00000000,0
1531162329118,1531162329112,11921166,0.00002116,2884.00000000,0
1531162329132,1531162329126,11921167,0.00002118,1495.00000000,0
1531162329157,1531162329151,11921168,0.00002118,301.00000000,0
1531162329901,1531162329899,11921169,0.00002118,120.00000000,1
1531162329911,1531162329906,11921170,0.00002118,567.00000000,1
1531162334873,1531162334869,11921171,0.00002119,65.00000000,0
1531162334873,1531162334869,11921172,0.00002120,17241.00000000,0
1531162337899,1531162337896,11921173,0.00002118,50.00000000,1
1531162344649,1531162344644,11921174,0.00002117,690.00000000,1
1531162344666,1531162344662,11921175,0.00002117,48.00000000,1
1531162353593,1531162353589,11921176,0.00002117,916.00000000,0
1531162418348,1531162418343,11921177,0.00002116,20.00000000,1
1531162423988,1531162423984,11921178,0.00002116,50.00000000,1
1531162430460,1531162430455,11921179,0.00002116,891.00000000,1
1531162435130,1531162435124,11921180,0.00002118,749.00000000,0
1531162435156,1531162435152,11921181,0.00002118,817.00000000,0
1531162442650,1531162442646,11921182,0.00002118,50.00000000,1
1531162446391,1531162446386,11921183,0.00002118,70.00000000,1
1531162451834,1531162451829,11921184,0.00002118,26.00000000,1
1531162464955,1531162464950,11921185,0.00002118,447.00000000,1
1531162466009,1531162466004,11921186,0.00002118,250.00000000,0
1531162466708,1531162466701,11921187,0.00002118,250.00000000,0
1531162472197,1531162472192,11921188,0.00002117,1493.00000000,0
1531162472225,1531162472220,11921189,0.00002117,572.00000000,0
1531162480116,1531162480111,11921190,0.00002116,50.00000000,1
1531162487582,1531162487577,11921191,0.00002117,367.00000000,0
1531162487582,1531162487577,11921192,0.00002118,174.00000000,0
1531162487638,1531162487633,11921193,0.00002118,100.00000000,1
1531162488457,1531162488453,11921194,0.00002118,250.00000000,1
1531162488929,1531162488924,11921195,0.00002118,174.00000000,1
1531162499181,1531162499175,11921196,0.00002117,989.00000000,1
1531162504216,1531162504210,11921197,0.00002117,250.00000000,1
1531162506841,1531162506837,11921198,0.00002118,2348.00000000,0
1531162506856,1531162506851,11921199,0.00002117,668.00000000,1
1531162518440,1531162518436,11921200,0.00002117,250.00000000,0
1531162519566,1531162519561,11921201,0.00002117,668.00000000,1
1531162519566,1531162519561,11921202,0.00002116,251.00000000,1
1531162524941,1531162524937,11921203,0.00002118,377.00000000,1
1531162533936,1531162533932,11921204,0.00002118,470.00000000,1
1531162535939,1531162535934,11921205,0.00002118,596.00000000,1
1531162542248,1531162542243,11921206,0.00002118,773.00000000,0
1531162542248,1531162542243,11921207,0.00002119,70.00000000,0
1531162542248,1531162542243,11921208,0.00002120,65.00000000,0
1531162546085,1531162546081,11921209,0.00002120,2799.00000000,0
1531162551676,1531162551669,11921210,0.00002117,3521.00000000,0
1531162551688,1531162551683,11921211,0.00002119,1375.00000000,0
1531162551702,1531162551697,11921212,0.00002119,1286.00000000,0
1531162557876,1531162557870,11921213,0.00002120,100.00000000,0
1531162563844,1531162563839,11921214,0.00002119,442.00000000,0
1531162569808,1531162569803,11921215,0.00002118,1090.00000000,0
1531162571722,1531162571718,11921216,0.00002119,400.00000000,0
1531162572393,1531162572387,11921217,0.00002119,436.00000000,0
1531162578887,1531162578882,11921218,0.00002116,605.00000000,1
1531162583041,1531162583038,11921219,0.00002116,1468.00000000,0
1531162583078,1531162583074,11921220,0.00002119,2098.00000000,0
1531162600309,1531162600304,11921221,0.00002117,4900.00000000,0
1531162609228,1531162609223,11921222,0.00002116,247.00000000,1
1531162612560,1531162612554,11921223,0.00002117,3998.00000000,0
1531162612571,1531162612567,11921224,0.00002116,2106.00000000,1
1531162616359,1531162616354,11921225,0.00002116,944.00000000,1
1531162616377,1531162616374,11921226,0.00002116,2458.00000000,1
1531162624106,1531162624102,11921227,0.00002117,541.00000000,0
1531162636435,1531162636430,11921228,0.00002118,51.00000000,0
1531162640409,1531162640402,11921229,0.00002116,319.00000000,1
1531162640430,1531162640425,11921230,0.00002116,10260.00000000,0
1531162640438,1531162640435,11921231,0.00002117,3624.00000000,0
1531162647837,1531162647832,11921232,0.00002116,50.00000000,1
1531162652476,1531162652471,11921233,0.00002117,4511.00000000,1
1531162652491,1531162652487,11921234,0.00002117,2114.00000000,0
1531162652501,1531162652498,11921235,0.00002117,2595.00000000,1
1531162652503,1531162652499,11921236,0.00002117,1916.00000000,1
1531162652526,1531162652521,11921237,0.00002116,269.00000000,1
1531162658538,1531162658533,11921238,0.00002116,4000.00000000,0
1531162658547,1531162658543,11921239,0.00002116,5000.00000000,0
1531162660984,1531162660978,11921240,0.00002115,1859.00000000,1
1531162660992,1531162660987,11921241,0.00002115,6725.00000000,0
1531162661006,1531162661002,11921242,0.00002116,1310.00000000,0
1531162666158,1531162666154,11921243,0.00002118,2900.00000000,1
1531162666508,1531162666504,11921244,0.00002120,907.00000000,0
1531162670953,1531162670950,11921245,0.00002119,3182.00000000,1
1531162671943,1531162671938,11921246,0.00002118,365.00000000,1
1531162684062,1531162684056,11921247,0.00002117,1587.00000000,0
1531162700132,1531162700127,11921248,0.00002117,1108.00000000,0
1531162703635,1531162703629,11921249,0.00002118,69.00000000,0
1531162703635,1531162703629,11921250,0.00002119,931.00000000,0
1531162704575,1531162704570,11921251,0.00002116,142.00000000,1
1531162709859,1531162709856,11921252,0.00002116,740.00000000,0
1531162715709,1531162715704,11921253,0.00002116,1694.00000000,0
1531162716037,1531162716033,11921254,0.00002116,1924.00000000,0
1531162717022,1531162717017,11921255,0.00002117,2000.00000000,1
1531162729174,1531162729170,11921256,0.00002118,564.00000000,1
1531162730020,1531162730015,11921257,0.00002118,1142.00000000,1
1531162736157,1531162736152,11921258,0.00002119,14746.00000000,0
1531162740018,1531162740011,11921259,0.00002118,411.00000000,1
1531162747140,1531162747136,11921260,0.00002118,503.00000000,1
1531162750385,1531162750380,11921261,0.00002119,643.00000000,0
1531162750399,1531162750393,11921262,0.00002118,882.00000000,1
1531162767882,1531162767878,11921263,0.00002118,126.00000000,0
1531162773423,1531162773418,11921264,0.00002118,600.00000000,1
1531162779145,1531162779140,11921265,0.00002118,282.00000000,1
1531162814057,1531162814050,11921266,0.00002117,473.00000000,1
1531162819150,1531162819146,11921267,0.00002117,473.00000000,1
1531162828240,1531162828222,11921268,0.00002117,52.00000000,1
1531162839180,1531162839175,11921269,0.00002117,871.00000000,1
1531162853253,1531162853248,11921270,0.00002117,1.00000000,0
1531162853253,1531162853248,11921271,0.00002118,453.00000000,0
1531162861749,1531162861744,11921272,0.00002116,220.00000000,1
1531162861762,1531162861758,11921273,0.00002116,6409.00000000,0
1531162861776,1531162861771,11921274,0.00002117,2883.00000000,0
1531162875797,1531162875791,11921275,0.00002116,197.00000000,1
1531162877957,1531162877952,11921276,0.00002117,12068.00000000,0
1531162877969,1531162877964,11921277,0.00002116,3114.00000000,1
1531162877990,1531162877985,11921278,0.00002116,5097.00000000,1
1531162887160,1531162887155,11921279,0.00002116,197.00000000,0
1531162892025,1531162892018,11921280,0.00002116,5198.00000000,1
1531162898502,1531162898498,11921281,0.00002117,4532.00000000,0
1531162898583,1531162898578,11921282,0.00002116,1532.00000000,1
1531162906726,1531162906722,11921283,0.00002117,112.00000000,0
1531162910351,1531162910346,11921284,0.00002116,11218.00000000,0
1531162910363,1531162910358,11921285,0.00002117,1907.00000000,0
1531162910386,1531162910381,11921286,0.00002117,5131.00000000,0
1531162910969,1531162910964,11921287,0.00002117,112.00000000,1
1531162913301,1531162913297,11921288,0.00002115,481.00000000,1
1531162914961,1531162914955,11921289,0.00002117,1464.00000000,1
1531162919835,1531162919830,11921290,0.00002116,2408.00000000,0
1531162919850,1531162919843,11921291,0.00002117,1116.00000000,0
1531162930287,1531162930281,11921292,0.00002117,1.00000000,0
1531162933580,1531162933575,11921293,0.00002117,863.00000000,0
1531162933596,1531162933590,11921294,0.00002117,757.00000000,0
1531162951742,1531162951736,11921295,0.00002117,1.00000000,1
1531162957299,1531162957295,11921296,0.00002117,209.00000000,0
1531162958127,1531162958121,11921297,0.00002116,390.00000000,1
1531162958139,1531162958134,11921298,0.00002116,410.00000000,0
1531162958148,1531162958142,11921299,0.00002117,548.00000000,0
1531162958972,1531162958968,11921300,0.00002117,210.00000000,1
1531162966352,1531162966345,11921301,0.00002117,351.00000000,0
1531162966373,1531162966367,11921302,0.00002116,640.00000000,1
1531162966552,1531162966545,11921303,0.00002116,160.00000000,0
1531162981265,1531162981260,11921304,0.00002115,519.00000000,1
1531162981282,1531162981276,11921305,0.00002115,1317.00000000,0
1531162981289,1531162981285,11921306,0.00002116,835.00000000,0
1531162987238,1531162987233,11921307,0.00002117,1692.00000000,0
1531162987239,1531162987236,11921308,0.00002117,1693.00000000,0
1531162998460,1531162998454,11921309,0.00002115,519.00000000,1
1531162998470,1531162998464,11921310,0.00002115,2069.00000000,0
1531162998481,1531162998477,11921311,0.00002116,1423.00000000,0
1531162998491,1531162998484,11921312,0.00002115,519.00000000,1
1531162998558,1531162998556,11921313,0.00002115,565.00000000,0
1531162999083,1531162999077,11921314,0.00002115,752.00000000,0
1531163006137,1531163006131,11921315,0.00002115,100.00000000,1
1531163009870,1531163009864,11921316,0.00002116,1173.00000000,0
1531163009890,1531163009885,11921317,0.00002116,1249.00000000,0
1531163025213,1531163025206,11921318,0.00002115,1767.00000000,1
1531163025238,1531163025233,11921319,0.00002116,764.00000000,0
1531163025251,1531163025246,11921320,0.00002116,1300.00000000,0
1531163029317,1531163029296,11921321,0.00002115,442.00000000,1
1531163029855,1531163029848,11921322,0.00002116,564.00000000,0
1531163030071,1531163030068,11921323,0.00002116,934.00000000,0
1531163034199,1531163034193,11921324,0.00002116,121.00000000,1
1531163040499,1531163040495,11921325,0.00002116,1211.00000000,0
1531163058036,1531163058030,11921326,0.00002116,559.00000000,0
1531163067921,1531163067916,11921327,0.00002116,308.00000000,1
1531163067943,1531163067937,11921328,0.00002116,1257.00000000,1
1531163078323,1531163078317,11921329,0.00002114,1478.00000000,1
1531163080678,1531163080673,11921330,0.00002117,472.00000000,0
1531163086175,1531163086169,11921331,0.00002116,1005.00000000,0
1531163086195,1531163086188,11921332,0.00002115,107.00000000,1
1531163086214,1531163086211,11921333,0.00002115,585.00000000,1
1531163091028,1531163091025,11921334,0.00002116,962.00000000,0
1531163091046,1531163091040,11921335,0.00002116,137.00000000,0
1531163092057,1531163092053,11921336,0.00002116,241.00000000,1
1531163107158,1531163107154,11921337,0.00002116,1733.00000000,0
1531163110773,1531163110768,11921338,0.00002116,1000.00000000,1
1531163117057,1531163117053,11921339,0.00002116,2170.00000000,1
1531163135117,1531163135111,11921340,0.00002116,565.00000000,0
1531163135545,1531163135540,11921341,0.00002116,735.00000000,0
1531163144918,1531163144912,11921342,0.00002116,100.00000000,0
1531163144918,1531163144912,11921343,0.00002117,900.00000000,0
1531163147729,1531163147725,11921344,0.00002116,737.00000000,0
1531163154773,1531163154768,11921345,0.00002116,300.00000000,0
1531163162154,1531163162148,11921346,0.00002116,3217.00000000,1
1531163167309,1531163167306,11921347,0.00002116,564.00000000,0
1531163169675,1531163169669,11921348,0.00002116,597.00000000,0
1531163183570,1531163183565,11921349,0.00002116,897.00000000,1
1531163183586,1531163183581,11921350,0.00002116,1273.00000000,1
1531163196063,1531163196058,11921351,0.00002116,54.00000000,1
1531163199201,1531163199196,11921352,0.00002117,200.00000000,0
1531163212606,1531163212600,11921353,0.00002115,1786.00000000,1
1531163212634,1531163212628,11921354,0.00002116,961.00000000,0
1531163219531,1531163219526,11921355,0.00002117,768.00000000,0
1531163220394,1531163220388,11921356,0.00002117,79.00000000,1
1531163225150,1531163225144,11921357,0.00002117,8030.00000000,1
1531163230656,1531163230652,11921358,0.00002116,888.00000000,1
1531163230761,1531163230755,11921359,0.00002116,589.00000000,1
1531163245063,1531163245058,11921360,0.00002116,357.00000000,1
1531163245079,1531163245073,11921361,0.00002116,235.00000000,1
1531163252247,1531163252240,11921362,0.00002116,1493.00000000,1
1531163259778,1531163259773,11921363,0.00002116,90.00000000,1
1531163260936,1531163260929,11921364,0.00002116,171.00000000,1
1531163262457,1531163262450,11921365,0.00002115,2367.00000000,1
1531163262457,1531163262450,11921366,0.00002114,686.00000000,1
1531163262457,1531163262450,11921367,0.00002113,4196.00000000,1
1531163262457,1531163262450,11921368,0.00002112,1619.00000000,1
1531163263554,1531163263549,11921369,0.00002115,94.00000000,0
1531163264136,1531163264131,11921370,0.00002112,8.00000000,1
1531163265658,1531163265652,11921371,0.00002116,42.00000000,0
1531163265658,1531163265652,11921372,0.00002118,52.00000000,0
1531163277195,1531163277189,11921373,0.00002117,1375.00000000,1
1531163290838,1531163290832,11921374,0.00002116,2476.00000000,1
1531163290838,1531163290832,11921375,0.00002115,13769.00000000,1
1531163296322,1531163296317,11921376,0.00002117,1043.00000000,0
1531163296334,1531163296329,11921377,0.00002116,383.00000000,1
1531163296362,1531163296355,11921378,0.00002116,399.00000000,1
1531163304056,1531163304048,11921379,0.00002117,100.00000000,1
1531163305183,1531163305178,11921380,0.00002117,340.00000000,0
1531163305200,1531163305196,11921381,0.00002116,1230.00000000,1
1531163305230,1531163305223,11921382,0.00002116,219.00000000,1
1531163313498,1531163313494,11921383,0.00002116,37.00000000,1
1531163315671,1531163315666,11921384,0.00002117,2338.00000000,0
1531163315693,1531163315686,11921385,0.00002116,67.00000000,1
1531163315713,1531163315708,11921386,0.00002116,759.00000000,1
1531163327675,1531163327670,11921387,0.00002116,37.00000000,0
1531163331082,1531163331077,11921388,0.00002117,639.00000000,1
1531163334012,1531163334007,11921389,0.00002117,690.00000000,0
1531163334022,1531163334018,11921390,0.00002116,759.00000000,1
1531163350311,1531163350306,11921391,0.00002116,37.00000000,0
1531163350311,1531163350306,11921392,0.00002118,300.00000000,0
1531163350311,1531163350307,11921393,0.00002115,10.00000000,1
1531163354098,1531163354092,11921394,0.00002117,500.00000000,1
1531163354941,1531163354935,11921395,0.00002118,578.00000000,0
1531163356433,1531163356430,11921396,0.00002117,405.00000000,0
1531163356659,1531163356654,11921397,0.00002117,466.00000000,0
1531163357233,1531163357227,11921398,0.00002117,1172.00000000,1
1531163368377,1531163368371,11921399,0.00002117,204.00000000,0
1531163368377,1531163368371,11921400,0.00002118,664.00000000,0
1531163379203,1531163379198,11921401,0.00002117,1123.00000000,0
1531163379210,1531163379205,11921402,0.00002116,287.00000000,1
1531163379226,1531163379221,11921403,0.00002116,574.00000000,1
1531163388362,1531163388356,11921404,0.00002116,1399.00000000,1
1531163388383,1531163388378,11921405,0.00002116,1466.00000000,1
1531163397581,1531163397577,11921406,0.00002116,486.00000000,0
1531163397645,1531163397642,11921407,0.00002116,485.00000000,0
1531163398294,1531163398290,11921408,0.00002116,486.00000000,0
1531163411705,1531163411700,11921409,0.00002115,837.00000000,1
1531163425133,1531163425127,11921410,0.00002116,5000.00000000,0
1531163425268,1531163425264,11921411,0.00002117,249.00000000,0
1531163431406,1531163431400,11921412,0.00002117,259.00000000,1
1531163431428,1531163431423,11921413,0.00002117,1429.00000000,1
1531163438748,1531163438745,11921414,0.00002117,826.00000000,0
1531163442837,1531163442832,11921415,0.00002117,1204.00000000,0
1531163450785,1531163450780,11921416,0.00002118,217.00000000,0
1531163450785,1531163450780,11921417,0.00002119,255.00000000,0
1531163460003,1531163459997,11921418,0.00002118,447.00000000,1
1531163460032,1531163460025,11921419,0.00002117,214.00000000,1
1531163491339,1531163491335,11921420,0.00002117,343.00000000,0
1531163495160,1531163495154,11921421,0.00002117,657.00000000,0
1531163497840,1531163497834,11921422,0.00002119,21717.00000000,0
1531163506602,1531163506597,11921423,0.00002117,258.00000000,1
1531163506642,1531163506636,11921424,0.00002118,177.00000000,0
1531163506664,1531163506659,11921425,0.00002118,259.00000000,0
1531163519968,1531163519963,11921426,0.00002117,2241.00000000,0
1531163519987,1531163519984,11921427,0.00002118,1088.00000000,0
1531163525230,1531163525224,11921428,0.00002119,15654.00000000,0
1531163531893,1531163531862,11921429,0.00002118,1856.00000000,0
1531163531893,1531163531871,11921430,0.00002117,852.00000000,1
1531163545016,1531163545011,11921431,0.00002117,742.00000000,1
1531163546400,1531163546393,11921432,0.00002119,471.00000000,0
1531163559302,1531163559263,11921433,0.00002118,1671.00000000,0
1531163559302,1531163559277,11921434,0.00002117,440.00000000,1
1531163559302,1531163559295,11921435,0.00002117,996.00000000,1
1531163561955,1531163561950,11921436,0.00002117,564.00000000,0
1531163569026,1531163569021,11921437,0.00002117,563.00000000,0
1531163573442,1531163573437,11921438,0.00002117,5.00000000,0
1531163577966,1531163577960,11921439,0.00002117,868.00000000,0
1531163577966,1531163577960,11921440,0.00002119,4449.00000000,0
1531163577966,1531163577960,11921441,0.00002120,156.00000000,0
1531163590588,1531163590583,11921442,0.00002119,223.00000000,0
1531163590606,1531163590599,11921443,0.00002119,296.00000000,0
1531163596787,1531163596781,11921444,0.00002119,222.00000000,0
1531163596802,1531163596797,11921445,0.00002118,93.00000000,1
1531163605401,1531163605396,11921446,0.00002118,717.00000000,1
1531163605416,1531163605409,11921447,0.00002118,48.00000000,1
1531163618277,1531163618274,11921448,0.00002118,3618.00000000,0
1531163618285,1531163618280,11921449,0.00002117,48.00000000,1
1531163618303,1531163618297,11921450,0.00002117,1448.00000000,1
1531163633313,1531163633306,11921451,0.00002117,1029.00000000,1
1531163636725,1531163636722,11921452,0.00002120,471.00000000,0
1531163638192,1531163638188,11921453,0.00002118,159.00000000,1
1531163640894,1531163640889,11921454,0.00002120,357.00000000,0
1531163651352,1531163651347,11921455,0.00002119,368.00000000,1
1531163651361,1531163651355,11921456,0.00002119,124.00000000,0
1531163651380,1531163651374,11921457,0.00002119,368.00000000,1
1531163654966,1531163654959,11921458,0.00002118,1841.00000000,1
1531163655066,1531163655062,11921459,0.00002117,2383.00000000,0
1531163660410,1531163660405,11921460,0.00002118,1079.00000000,1
1531163678984,1531163678980,11921461,0.00002119,204.00000000,0
1531163683460,1531163683455,11921462,0.00002118,92.00000000,1
1531163703850,1531163703843,11921463,0.00002119,2051.00000000,0
1531163703863,1531163703859,11921464,0.00002118,729.00000000,1
1531163703881,1531163703875,11921465,0.00002118,1140.00000000,1
1531163709979,1531163709973,11921466,0.00002118,509.00000000,1
1531163716151,1531163716147,11921467,0.00002119,70.00000000,1
1531163725813,1531163725806,11921468,0.00002118,250.00000000,1
1531163725834,1531163725831,11921469,0.00002118,852.00000000,0
1531163725849,1531163725844,11921470,0.00002119,621.00000000,0
1531163725864,1531163725859,11921471,0.00002119,716.00000000,0
1531163730938,1531163730933,11921472,0.00002118,381.00000000,1
1531163730963,1531163730958,11921473,0.00002118,51.00000000,1
1531163736056,1531163736050,11921474,0.00002120,2938.00000000,0
1531163748080,1531163748077,11921475,0.00002118,521.00000000,0
1531163751002,1531163750997,11921476,0.00002119,418.00000000,1
1531163751904,1531163751897,11921477,0.00002119,307.00000000,1
1531163751904,1531163751897,11921478,0.00002118,5259.00000000,1
1531163754099,1531163754095,11921479,0.00002118,386.00000000,1
1531163761736,1531163761732,11921480,0.00002118,270.00000000,1
1531163770155,1531163770149,11921481,0.00002119,1451.00000000,1
1531163775080,1531163775076,11921482,0.00002119,1054.00000000,1
1531163776434,1531163776429,11921483,0.00002118,900.00000000,1
1531163776512,1531163776507,11921484,0.00002118,2656.00000000,1
1531163779153,1531163779147,11921485,0.00002120,319.00000000,0
1531163788090,1531163788084,11921486,0.00002119,419.00000000,1
1531163788449,1531163788443,11921487,0.00002119,44.00000000,1
1531163790087,1531163790082,11921488,0.00002119,246.00000000,1
1531163812659,1531163812653,11921489,0.00002119,551.00000000,1
1531163812786,1531163812780,11921490,0.00002119,54.00000000,1
1531163816207,1531163816202,11921491,0.00002120,471.00000000,0
1531163819032,1531163819026,11921492,0.00002119,4325.00000000,1
1531163827075,1531163827070,11921493,0.00002119,875.00000000,1
1531163828048,1531163828042,11921494,0.00002119,875.00000000,1
1531163828851,1531163828846,11921495,0.00002119,753.00000000,1
1531163830549,1531163830545,11921496,0.00002119,211.00000000,1
1531163831809,1531163831804,11921497,0.00002119,81.00000000,1
1531163834083,1531163834077,11921498,0.00002119,18753.00000000,1
1531163845477,1531163845470,11921499,0.00002118,439.00000000,1
1531163845503,1531163845500,11921500,0.00002119,248.00000000,0
1531163845520,1531163845514,11921501,0.00002119,239.00000000,0
1531163860159,1531163860154,11921502,0.00002118,453.00000000,1
1531163860179,1531163860176,11921503,0.00002119,221.00000000,0
1531163860193,1531163860188,11921504,0.00002119,201.00000000,0
1531163863090,1531163863085,11921505,0.00002119,1349.00000000,1
1531163865781,1531163865777,11921506,0.00002118,453.00000000,1
1531163867762,1531163867754,11921507,0.00002118,189.00000000,1
1531163869100,1531163869097,11921508,0.00002118,291.00000000,1
1531163869489,1531163869484,11921509,0.00002118,189.00000000,1
1531163871044,1531163871042,11921510,0.00002118,291.00000000,1
1531163871410,1531163871407,11921511,0.00002118,189.00000000,1
1531163872781,1531163872776,11921512,0.00002118,189.00000000,1
1531163873251,1531163873246,11921513,0.00002118,189.00000000,1
1531163873724,1531163873717,11921514,0.00002118,1482.00000000,1
1531163873743,1531163873737,11921515,0.00002118,1460.00000000,1
1531163873757,1531163873752,11921516,0.00002119,1300.00000000,0
1531163874666,1531163874661,11921517,0.00002117,346.00000000,1
1531163874956,1531163874953,11921518,0.00002117,346.00000000,1
1531163876441,1531163876436,11921519,0.00002117,863.00000000,1
1531163890631,1531163890625,11921520,0.00002118,1121.00000000,1
1531163890644,1531163890641,11921521,0.00002118,265.00000000,1
1531163891209,1531163891205,11921522,0.00002117,863.00000000,1
1531163907716,1531163907709,11921523,0.00002118,678.00000000,1
1531163907736,1531163907730,11921524,0.00002118,383.00000000,1
1531163913549,1531163913543,11921525,0.00002117,2321.00000000,1
1531163929348,1531163929342,11921526,0.00002117,100.00000000,0
1531163934891,1531163934888,11921527,0.00002116,9.00000000,1
1531163941545,1531163941540,11921528,0.00002117,71.00000000,0
1531163956259,1531163956256,11921529,0.00002117,2.00000000,0
1531163965696,1531163965690,11921530,0.00002117,1.00000000,0
1531163969872,1531163969866,11921531,0.00002117,1.00000000,0
1531163974000,1531163973995,11921532,0.00002116,69.00000000,1
1531163982414,1531163982408,11921533,0.00002117,5.00000000,0
1531164022171,1531164022166,11921534,0.00002116,130.00000000,1
1531164023495,1531164023489,11921535,0.00002117,128.00000000,0
1531164030113,1531164030109,11921536,0.00002119,2346.00000000,1
1531164038849,1531164038844,11921537,0.00002118,62.00000000,1
1531164043115,1531164043110,11921538,0.00002119,962.00000000,1
1531164044123,1531164044118,11921539,0.00002120,300.00000000,0
1531164049107,1531164049103,11921540,0.00002119,3035.00000000,1
1531164050114,1531164050109,11921541,0.00002119,1808.00000000,1
1531164062603,1531164062597,11921542,0.00002116,1068.00000000,1
1531164062603,1531164062597,11921543,0.00002115,400.00000000,1
1531164062603,1531164062597,11921544,0.00002114,2026.00000000,1
1531164070789,1531164070783,11921545,0.00002117,2169.00000000,0
1531164070802,1531164070797,11921546,0.00002117,936.00000000,0
1531164086580,1531164086574,11921547,0.00002117,94.00000000,0
1531164090305,1531164090298,11921548,0.00002117,355.00000000,1
1531164090319,1531164090314,11921549,0.00002117,2369.00000000,0
1531164090337,1531164090331,11921550,0.00002118,2129.00000000,0
1531164113645,1531164113639,11921551,0.00002116,384.00000000,1
1531164123077,1531164123072,11921552,0.00002117,1973.00000000,0
1531164123092,1531164123087,11921553,0.00002116,2697.00000000,1
1531164123107,1531164123101,11921554,0.00002116,1282.00000000,1
1531164137676,1531164137673,11921555,0.00002116,2537.00000000,1
1531164137694,1531164137690,11921556,0.00002116,2483.00000000,1
1531164150961,1531164150957,11921557,0.00002116,10102.00000000,0
1531164150974,1531164150968,11921558,0.00002117,4100.00000000,0
1531164150995,1531164150990,11921559,0.00002117,6735.00000000,0
1531164200957,1531164200953,11921560,0.00002117,563.00000000,0
1531164234197,1531164234190,11921561,0.00002117,563.00000000,0
1531164241328,1531164241322,11921562,0.00002116,1399.00000000,1
1531164243945,1531164243940,11921563,0.00002116,57.00000000,1
1531164244190,1531164244189,11921564,0.00002116,190.00000000,1
1531164244639,1531164244635,11921565,0.00002116,284.00000000,1
1531164244804,1531164244797,11921566,0.00002116,95.00000000,1
1531164244858,1531164244854,11921567,0.00002116,52.00000000,1
1531164245269,1531164245263,11921568,0.00002116,2080.00000000,1
1531164245299,1531164245297,11921569,0.00002116,78.00000000,1
1531164245330,1531164245323,11921570,0.00002116,57.00000000,1
1531164246004,1531164246003,11921571,0.00002116,473.00000000,1
1531164246061,1531164246057,11921572,0.00002116,142.00000000,1
1531164248054,1531164248049,11921573,0.00002116,331.00000000,1
1531164251095,1531164251090,11921574,0.00002117,700.00000000,0
1531164251494,1531164251487,11921575,0.00002117,1.00000000,0
1531164256559,1531164256553,11921576,0.00002116,200.00000000,1
1531164264520,1531164264514,11921577,0.00002117,199.00000000,0
1531164264520,1531164264514,11921578,0.00002118,174.00000000,0
1531164275069,1531164275063,11921579,0.00002117,332.00000000,0
1531164275070,1531164275066,11921580,0.00002117,333.00000000,0
1531164278494,1531164278487,11921581,0.00002117,768.00000000,0
1531164284696,1531164284692,11921582,0.00002117,564.00000000,0
1531164284697,1531164284692,11921583,0.00002117,563.00000000,0
1531164287766,1531164287759,11921584,0.00002116,837.00000000,1
1531164287787,1531164287782,11921585,0.00002116,45982.00000000,0
1531164287797,1531164287794,11921586,0.00002117,39661.00000000,0
1531164300486,1531164300480,11921587,0.00002117,1127.00000000,1
1531164300500,1531164300495,11921588,0.00002117,58033.00000000,0
1531164300514,1531164300509,11921589,0.00002117,1127.00000000,1
1531164300529,1531164300523,11921590,0.00002116,6951.00000000,1
1531164300658,1531164300653,11921591,0.00002116,15209.00000000,0
1531164300753,1531164300747,11921592,0.00002116,5635.00000000,0
1531164300872,1531164300868,11921593,0.00002116,5635.00000000,0
1531164301147,1531164301144,11921594,0.00002116,2904.00000000,0
1531164303779,1531164303771,11921595,0.00002115,53.00000000,1
1531164303815,1531164303809,11921596,0.00002116,1690.00000000,0
1531164307153,1531164307146,11921597,0.00002116,1690.00000000,0
1531164307825,1531164307820,11921598,0.00002116,7105.00000000,0
1531164307853,1531164307847,11921599,0.00002117,39661.00000000,0
1531164318249,1531164318243,11921600,0.00002117,373.00000000,0
1531164322546,1531164322542,11921601,0.00002117,64.00000000,0
1531164322600,1531164322595,11921602,0.00002118,6315.00000000,0
1531164323693,1531164323687,11921603,0.00002116,52.00000000,1
1531164325650,1531164325643,11921604,0.00002117,39939.00000000,0
1531164325666,1531164325661,11921605,0.00002116,24008.00000000,1
1531164334242,1531164334238,11921606,0.00002116,35.00000000,0
1531164340712,1531164340706,11921607,0.00002115,1849.00000000,1
1531164340712,1531164340706,11921608,0.00002114,86.00000000,1
1531164340842,1531164340837,11921609,0.00002116,17.00000000,0
1531164342716,1531164342711,11921610,0.00002116,1114.00000000,1
1531164344481,1531164344474,11921611,0.00002117,35.00000000,0
1531164360153,1531164360147,11921612,0.00002116,22929.00000000,1
1531164360166,1531164360162,11921613,0.00002116,45039.00000000,0
1531164360179,1531164360173,11921614,0.00002116,22929.00000000,1
1531164360183,1531164360177,11921615,0.00002116,1131.00000000,0
1531164364463,1531164364458,11921616,0.00002116,15810.00000000,1
1531164364473,1531164364466,11921617,0.00002116,3161.00000000,0
1531164364480,1531164364475,11921618,0.00002116,15810.00000000,1
1531164369543,1531164369537,11921619,0.00002115,7.00000000,1
1531164376861,1531164376855,11921620,0.00002115,5.00000000,1
1531164379306,1531164379300,11921621,0.00002115,4.00000000,1
1531164381209,1531164381204,11921622,0.00002117,507.00000000,0
1531164381346,1531164381340,11921623,0.00002116,3.00000000,1
1531164384263,1531164384260,11921624,0.00002116,35207.00000000,1
1531164385860,1531164385855,11921625,0.00002114,2.00000000,1
1531164387166,1531164387162,11921626,0.00002116,3.00000000,0
1531164387425,1531164387420,11921627,0.00002116,1.00000000,1
1531164390229,1531164390227,11921628,0.00002116,1.00000000,1
1531164392047,1531164392041,11921629,0.00002116,1.00000000,1
1531164394381,1531164394375,11921630,0.00002116,1.00000000,1
1531164400083,1531164400078,11921631,0.00002116,1.00000000,1
1531164402042,1531164402036,11921632,0.00002116,1.00000000,1
1531164404418,1531164404413,11921633,0.00002116,1.00000000,1
1531164412924,1531164412918,11921634,0.00002116,212.00000000,1
1531164413276,1531164413270,11921635,0.00002117,200.00000000,0
1531164414657,1531164414651,11921636,0.00002116,692.00000000,1
1531164415443,1531164415440,11921637,0.00002117,1397.00000000,0
1531164417475,1531164417469,11921638,0.00002117,28.00000000,0
1531164427262,1531164427256,11921639,0.00002116,7.00000000,1
1531164428732,1531164428726,11921640,0.00002117,563.00000000,0
1531164428884,1531164428878,11921641,0.00002116,5.00000000,1
1531164429188,1531164429186,11921642,0.00002117,896.00000000,0
1531164433000,1531164432994,11921643,0.00002116,4.00000000,1
1531164434154,1531164434148,11921644,0.00002117,563.00000000,0
1531164436812,1531164436806,11921645,0.00002116,3.00000000,1
1531164437256,1531164437250,11921646,0.00002117,563.00000000,0
1531164437988,1531164437985,11921647,0.00002116,1300.00000000,1
1531164439886,1531164439882,11921648,0.00002116,9.00000000,1
1531164442042,1531164442038,11921649,0.00002116,52.00000000,1
1531164445924,1531164445920,11921650,0.00002116,81.00000000,1
1531164446617,1531164446611,11921651,0.00002117,1.00000000,0
1531164447077,1531164447071,11921652,0.00002117,28.00000000,0
1531164477639,1531164477634,11921653,0.00002116,18113.00000000,1
1531164477656,1531164477652,11921654,0.00002116,2136.00000000,0
1531164477683,1531164477680,11921655,0.00002116,8558.00000000,0
1531164477773,1531164477768,11921656,0.00002116,60.00000000,0
1531164477831,1531164477825,11921657,0.00002116,4533.00000000,0
1531164477831,1531164477828,11921658,0.00002116,1462.00000000,0
1531164478412,1531164478406,11921659,0.00002116,5025.00000000,0
1531164480926,1531164480923,11921660,0.00002116,1690.00000000,0
1531164484061,1531164484056,11921661,0.00002116,1690.00000000,0
1531164487175,1531164487171,11921662,0.00002116,563.00000000,0
1531164490274,1531164490268,11921663,0.00002116,563.00000000,0
1531164495076,1531164495073,11921664,0.00002116,1690.00000000,0
1531164495083,1531164495080,11921665,0.00002116,1691.00000000,0
1531164498407,1531164498403,11921666,0.00002116,1690.00000000,0
1531164512586,1531164512581,11921667,0.00002116,1690.00000000,0
1531164519264,1531164519250,11921668,0.00002115,64.00000000,1
1531164533511,1531164533507,11921669,0.00002115,1376.00000000,1
1531164552799,1531164552793,11921670,0.00002115,251.00000000,1
1531164588199,1531164588194,11921671,0.00002116,50.00000000,0
1531164592014,1531164592013,11921672,0.00002116,85.00000000,0
1531164612235,1531164612230,11921673,0.00002115,1038.00000000,1
1531164630111,1531164630105,11921674,0.00002115,6.00000000,1
1531164643648,1531164643642,11921675,0.00002116,1.00000000,0
1531164654037,1531164654035,11921676,0.00002115,1.00000000,1
1531164702769,1531164702763,11921677,0.00002115,144.00000000,1
1531164730254,1531164730248,11921678,0.00002115,1061.00000000,1
1531164731953,1531164731946,11921679,0.00002116,1691.00000000,0
1531164742644,1531164742639,11921680,0.00002116,1121.00000000,0
1531164763831,1531164763824,11921681,0.00002115,15194.00000000,1
1531164765702,1531164765697,11921682,0.00002115,291.00000000,1
1531164802106,1531164802103,11921683,0.00002116,6565.00000000,0
1531164802333,1531164802330,11921684,0.00002116,5815.00000000,0
1531164817786,1531164817781,11921685,0.00002116,1690.00000000,0
1531164820955,1531164820950,11921686,0.00002116,563.00000000,0
1531164823352,1531164823345,11921687,0.00002116,564.00000000,0
1531164824095,1531164824089,11921688,0.00002116,563.00000000,0
1531164833738,1531164833732,11921689,0.00002116,8139.00000000,0
1531164833757,1531164833753,11921690,0.00002116,178.00000000,0
1531164833775,1531164833771,11921691,0.00002116,5634.00000000,0
1531164835610,1531164835609,11921692,0.00002116,1691.00000000,0
1531164836921,1531164836915,11921693,0.00002116,1690.00000000,0
1531164839764,1531164839758,11921694,0.00002116,4679.00000000,0
1531164845848,1531164845844,11921695,0.00002116,171.00000000,0
1531164851213,1531164851207,11921696,0.00002116,5316.00000000,0
1531164855812,1531164855808,11921697,0.00002116,4047.00000000,1
1531164855837,1531164855830,11921698,0.00002116,3976.00000000,1
1531164855859,1531164855854,11921699,0.00002116,1673.00000000,1
1531164857009,1531164857004,11921700,0.00002115,24.00000000,1
1531164860219,1531164860213,11921701,0.00002117,847.00000000,0
1531164865315,1531164865309,11921702,0.00002117,534.00000000,1
1531164865336,1531164865331,11921703,0.00002117,10310.00000000,1
1531164878771,1531164878766,11921704,0.00002118,30540.00000000,0
1531164878779,1531164878773,11921705,0.00002117,5151.00000000,1
1531164878797,1531164878792,11921706,0.00002117,14683.00000000,1
1531164892704,1531164892698,11921707,0.00002118,817.00000000,0
1531164892712,1531164892706,11921708,0.00002117,10572.00000000,1
1531164892731,1531164892725,11921709,0.00002117,531.00000000,1
1531164906822,1531164906817,11921710,0.00002117,10274.00000000,1
1531164908824,1531164908822,11921711,0.00002117,863.00000000,1
1531164910571,1531164910566,11921712,0.00002117,6136.00000000,1
1531164910748,1531164910742,11921713,0.00002117,863.00000000,0
1531164922285,1531164922281,11921714,0.00002117,6229.00000000,1
1531164922305,1531164922299,11921715,0.00002117,8638.00000000,1
1531164934238,1531164934235,11921716,0.00002116,51.00000000,1
1531164938642,1531164938635,11921717,0.00002118,7045.00000000,0
1531164938694,1531164938689,11921718,0.00002117,5376.00000000,1
1531164938710,1531164938704,11921719,0.00002117,5033.00000000,1
1531164943434,1531164943428,11921720,0.00002116,1462.00000000,1
1531164944399,1531164944393,11921721,0.00002119,201.00000000,0
1531164955374,1531164955368,11921722,0.00002118,26865.00000000,0
1531164955384,1531164955377,11921723,0.00002117,13300.00000000,1
1531164957126,1531164957122,11921724,0.00002119,5.00000000,0
1531164971367,1531164971361,11921725,0.00002118,18718.00000000,0
1531164971381,1531164971376,11921726,0.00002117,8210.00000000,1
1531164971747,1531164971742,11921727,0.00002119,92.00000000,0
1531164977307,1531164977302,11921728,0.00002117,4210.00000000,1
1531164985406,1531164985401,11921729,0.00002117,659.00000000,1
1531164987770,1531164987764,11921730,0.00002119,2320.00000000,0
1531164990699,1531164990693,11921731,0.00002117,65830.00000000,1
1531164993715,1531164993709,11921732,0.00002118,5.00000000,1
1531164998291,1531164998286,11921733,0.00002118,187.00000000,1
1531164999818,1531164999812,11921734,0.00002118,194.00000000,0
1531165006877,1531165006873,11921735,0.00002117,1890.00000000,1
1531165006900,1531165006895,11921736,0.00002117,32229.00000000,1
1531165006916,1531165006911,11921737,0.00002117,845.00000000,1
1531165007858,1531165007855,11921738,0.00002116,1000.00000000,1
1531165012480,1531165012474,11921739,0.00002117,71309.00000000,1
1531165013166,1531165013163,11921740,0.00002118,282.00000000,0
1531165013166,1531165013163,11921741,0.00002119,190.00000000,0
1531165015910,1531165015904,11921742,0.00002119,471.00000000,0
1531165030513,1531165030507,11921743,0.00002118,16657.00000000,0
1531165030521,1531165030516,11921744,0.00002117,14361.00000000,1
1531165047093,1531165047087,11921745,0.00002118,4256.00000000,0
1531165047107,1531165047102,11921746,0.00002117,2454.00000000,1
1531165047121,1531165047116,11921747,0.00002117,96652.00000000,1
1531165049910,1531165049904,11921748,0.00002119,1324.00000000,0
1531165049910,1531165049904,11921749,0.00002120,4980.00000000,0
1531165058979,1531165058972,11921750,0.00002117,103362.00000000,1
1531165066746,1531165066741,11921751,0.00002117,77165.00000000,1
1531165068021,1531165068015,11921752,0.00002120,394.00000000,0
1531165073674,1531165073668,11921753,0.00002117,103362.00000000,1
1531165084805,1531165084802,11921754,0.00002117,82310.00000000,1
1531165084820,1531165084814,11921755,0.00002117,21052.00000000,1
1531165084964,1531165084958,11921756,0.00002116,286.00000000,1
1531165084964,1531165084958,11921757,0.00002115,327.00000000,1
1531165085248,1531165085245,11921758,0.00002120,48.00000000,0
1531165098443,1531165098439,11921759,0.00002117,49632.00000000,1
1531165098456,1531165098451,11921760,0.00002117,53730.00000000,1
1531165099672,1531165099666,11921761,0.00002119,94.00000000,0
1531165099672,1531165099666,11921762,0.00002120,20906.00000000,0
1531165104147,1531165104141,11921763,0.00002117,103362.00000000,1
1531165118179,1531165118173,11921764,0.00002117,76295.00000000,1
1531165118202,1531165118198,11921765,0.00002117,27067.00000000,1
1531165124683,1531165124676,11921766,0.00002117,91499.00000000,1
1531165124702,1531165124696,11921767,0.00002117,11863.00000000,1
1531165140052,1531165140046,11921768,0.00002117,5832.00000000,1
1531165144953,1531165144951,11921769,0.00002117,348.00000000,1
1531165147710,1531165147704,11921770,0.00002117,182.00000000,0
1531165155603,1531165155597,11921771,0.00002117,445.00000000,0
1531165156200,1531165156193,11921772,0.00002117,35.00000000,0
1531165164337,1531165164332,11921773,0.00002117,26.00000000,0
1531165186258,1531165186251,11921774,0.00002116,165.00000000,1
1531165186258,1531165186251,11921775,0.00002115,21468.00000000,1
1531165203443,1531165203438,11921776,0.00002116,3075.00000000,1
1531165203457,1531165203452,11921777,0.00002116,285.00000000,0
1531165203469,1531165203466,11921778,0.00002116,226.00000000,1
1531165203480,1531165203475,11921779,0.00002116,2849.00000000,1
1531165209697,1531165209690,11921780,0.00002116,125.00000000,1
1531165211428,1531165211422,11921781,0.00002116,183.00000000,1
1531165211440,1531165211434,11921782,0.00002116,308.00000000,0
1531165211453,1531165211450,11921783,0.00002116,183.00000000,1
1531165218329,1531165218322,11921784,0.00002115,2759.00000000,1
1531165218329,1531165218322,11921785,0.00002114,391.00000000,1
1531165222625,1531165222619,11921786,0.00002115,49.00000000,1
1531165223923,1531165223918,11921787,0.00002116,608.00000000,0
1531165230526,1531165230513,11921788,0.00002116,608.00000000,1
1531165230526,1531165230513,11921789,0.00002114,9975.00000000,1
1531165230526,1531165230513,11921790,0.00002113,2874.00000000,1
1531165230526,1531165230513,11921791,0.00002112,25733.00000000,1
1531165230526,1531165230513,11921792,0.00002111,3392.00000000,1
1531165230526,1531165230513,11921793,0.00002110,28678.00000000,1
1531165230526,1531165230513,11921794,0.00002109,11530.00000000,1
1531165230526,1531165230513,11921795,0.00002109,6600.00000000,1
1531165230526,1531165230513,11921796,0.00002109,10000.00000000,1
1531165231623,1531165231617,11921797,0.00002113,328.00000000,1
1531165231964,1531165231960,11921798,0.00002114,257.00000000,0
1531165231968,1531165231964,11921799,0.00002114,272.00000000,0
1531165231972,1531165231967,11921800,0.00002114,257.00000000,0
1531165231983,1531165231978,11921801,0.00002114,33.00000000,0
1531165232015,1531165232010,11921802,0.00002117,94.00000000,0
1531165232365,1531165232359,11921803,0.00002115,278.00000000,1
1531165233248,1531165233246,11921804,0.00002116,6538.00000000,1
1531165236254,1531165236247,11921805,0.00002115,278.00000000,1
1531165243635,1531165243629,11921806,0.00002116,564.00000000,0
1531165245885,1531165245880,11921807,0.00002115,16873.00000000,0
1531165245895,1531165245890,11921808,0.00002114,365.00000000,1
1531165245911,1531165245905,11921809,0.00002114,6441.00000000,1
1531165246442,1531165246436,11921810,0.00002116,321.00000000,0
1531165264902,1531165264897,11921811,0.00002115,53.00000000,1
1531165266725,1531165266719,11921812,0.00002115,1667.00000000,1
1531165271987,1531165271982,11921813,0.00002116,563.00000000,0
1531165275136,1531165275131,11921814,0.00002116,563.00000000,0
1531165276238,1531165276232,11921815,0.00002116,75.00000000,0
1531165277270,1531165277265,11921816,0.00002115,1648.00000000,1
1531165278294,1531165278288,11921817,0.00002116,563.00000000,0
1531165287591,1531165287584,11921818,0.00002115,82.00000000,1
1531165288625,1531165288619,11921819,0.00002116,472.00000000,0
1531165300163,1531165300158,11921820,0.00002116,330.00000000,0
1531165306852,1531165306846,11921821,0.00002116,3420.00000000,1
1531165306871,1531165306865,11921822,0.00002116,4376.00000000,0
1531165306886,1531165306880,11921823,0.00002116,3420.00000000,1
1531165317950,1531165317944,11921824,0.00002116,3845.00000000,1
1531165321538,1531165321532,11921825,0.00002116,63.00000000,1
1531165325293,1531165325287,11921826,0.00002116,500.00000000,1
1531165337674,1531165337666,11921827,0.00002117,98.00000000,0
1531165353267,1531165353261,11921828,0.00002117,100.00000000,0
1531165356603,1531165356597,11921829,0.00002117,5708.00000000,0
1531165357637,1531165357631,11921830,0.00002117,409.00000000,0
1531165365931,1531165365924,11921831,0.00002116,7192.00000000,1
1531165366126,1531165366119,11921832,0.00002116,563.00000000,0
1531165366165,1531165366159,11921833,0.00002116,1826.00000000,0
1531165367091,1531165367084,11921834,0.00002116,10219.00000000,0
1531165372732,1531165372727,11921835,0.00002116,761.00000000,1
1531165372746,1531165372741,11921836,0.00002116,395.00000000,0
1531165372763,1531165372757,11921837,0.00002116,761.00000000,1
1531165392938,1531165392933,11921838,0.00002117,150.00000000,0
1531165404729,1531165404723,11921839,0.00002116,103.00000000,1
1531165431796,1531165431788,11921840,0.00002117,1690.00000000,0
1531165435079,1531165435073,11921841,0.00002117,121.00000000,0
1531165473618,1531165473612,11921842,0.00002116,270.00000000,1
1531165483226,1531165483220,11921843,0.00002117,8554.00000000,0
1531165483259,1531165483253,11921844,0.00002117,1511.00000000,0
1531165483365,1531165483360,11921845,0.00002117,5177.00000000,0
1531165483480,1531165483474,11921846,0.00002117,5177.00000000,0
1531165484545,1531165484538,11921847,0.00002117,8759.00000000,0
1531165484545,1531165484538,11921848,0.00002118,1241.00000000,0
1531165496395,1531165496391,11921849,0.00002117,5177.00000000,1
1531165500436,1531165500432,11921850,0.00002117,646.00000000,1
1531165516055,1531165516048,11921851,0.00002117,5264.00000000,0
1531165520386,1531165520381,11921852,0.00002118,4926.00000000,0
1531165523441,1531165523436,11921853,0.00002118,1640.00000000,0
1531165531422,1531165531416,11921854,0.00002117,559.00000000,1
1531165541693,1531165541687,11921855,0.00002117,5264.00000000,0
1531165560546,1531165560542,11921856,0.00002117,1266.00000000,1
1531165566048,1531165566043,11921857,0.00002117,4664.00000000,0
1531165577532,1531165577527,11921858,0.00002117,1159.00000000,1
1531165577554,1531165577549,11921859,0.00002117,3830.00000000,0
1531165577575,1531165577569,11921860,0.00002117,1159.00000000,1
1531165586708,1531165586703,11921861,0.00002117,157.00000000,1
1531165589151,1531165589148,11921862,0.00002117,4476.00000000,1
1531165589169,1531165589163,11921863,0.00002117,2078.00000000,1
1531165599457,1531165599452,11921864,0.00002117,9685.00000000,1
1531165599483,1531165599477,11921865,0.00002117,4466.00000000,1
1531165599501,1531165599496,11921866,0.00002117,3460.00000000,1
1531165627993,1531165627987,11921867,0.00002117,2323.00000000,1
1531165665242,1531165665235,11921868,0.00002116,3159.00000000,1
1531165669184,1531165669177,11921869,0.00002116,153.00000000,0
1531165669184,1531165669177,11921870,0.00002117,74.00000000,0
1531165669184,1531165669177,11921871,0.00002118,21.00000000,0
1531165682092,1531165682089,11921872,0.00002118,35.00000000,0
1531165683919,1531165683914,11921873,0.00002118,1416.00000000,0
1531165686914,1531165686908,11921874,0.00002117,9764.00000000,0
1531165686929,1531165686922,11921875,0.00002116,4283.00000000,1
1531165689526,1531165689522,11921876,0.00002118,35.00000000,0
1531165697196,1531165697190,11921877,0.00002116,254.00000000,1
1531165703776,1531165703771,11921878,0.00002117,9805.00000000,0
1531165703791,1531165703784,11921879,0.00002116,4227.00000000,1
1531165712862,1531165712859,11921880,0.00002116,829.00000000,1
1531165721762,1531165721757,11921881,0.00002117,423.00000000,0
1531165721773,1531165721768,11921882,0.00002116,331.00000000,1
1531165740482,1531165740475,11921883,0.00002116,54040.00000000,1
1531165740925,1531165740919,11921884,0.00002116,50946.00000000,1
1531165746071,1531165746065,11921885,0.00002115,93.00000000,1
1531165747549,1531165747543,11921886,0.00002116,707.00000000,0
1531165751086,1531165751080,11921887,0.00002115,8688.00000000,1
1531165751105,1531165751099,11921888,0.00002115,64147.00000000,0
1531165751125,1531165751120,11921889,0.00002116,18674.00000000,0
1531165777314,1531165777307,11921890,0.00002116,296.00000000,1
1531165778694,1531165778688,11921891,0.00002116,24974.00000000,1
1531165778724,1531165778719,11921892,0.00002116,4607.00000000,1
1531165781217,1531165781211,11921893,0.00002116,35.00000000,1
1531165783214,1531165783208,11921894,0.00002116,89.00000000,1
1531165783592,1531165783586,11921895,0.00002116,9363.00000000,1
1531165788796,1531165788790,11921896,0.00002116,39.00000000,1
1531165795399,1531165795397,11921897,0.00002116,85.00000000,1
1531165816369,1531165816363,11921898,0.00002117,300.00000000,0
1531165822787,1531165822781,11921899,0.00002116,62.00000000,1
1531165829083,1531165829079,11921900,0.00002117,10066.00000000,0
1531165829133,1531165829127,11921901,0.00002116,1420.00000000,1
1531165829187,1531165829182,11921902,0.00002116,284.00000000,1
1531165829198,1531165829192,11921903,0.00002116,284.00000000,1
1531165829250,1531165829245,11921904,0.00002116,568.00000000,1
1531165840189,1531165840183,11921905,0.00002116,500.00000000,1
1531165847672,1531165847666,11921906,0.00002116,5322.00000000,1
1531165847905,1531165847898,11921907,0.00002116,100.00000000,1
1531165854109,1531165854104,11921908,0.00002116,328.00000000,1
1531165854805,1531165854802,11921909,0.00002116,332.00000000,1
1531165855196,1531165855190,11921910,0.00002116,357.00000000,1
1531165858580,1531165858574,11921911,0.00002117,638.00000000,0
1531165858674,1531165858667,11921912,0.00002117,1690.00000000,0
1531165860130,1531165860123,11921913,0.00002116,37463.00000000,1
1531165860153,1531165860147,11921914,0.00002116,40142.00000000,0
1531165865600,1531165865594,11921915,0.00002116,343.00000000,1
1531165870184,1531165870181,11921916,0.00002116,37120.00000000,1
1531165870196,1531165870189,11921917,0.00002116,43236.00000000,0
1531165870205,1531165870200,11921918,0.00002116,37120.00000000,1
1531165870297,1531165870290,11921919,0.00002116,5634.00000000,0
1531165870333,1531165870329,11921920,0.00002116,1689.00000000,0
1531165870334,1531165870329,11921921,0.00002116,1691.00000000,0
1531165870557,1531165870552,11921922,0.00002116,8990.00000000,0
1531165881242,1531165881236,11921923,0.00002115,301.00000000,0
1531165881254,1531165881247,11921924,0.00002115,1692.00000000,0
1531165882682,1531165882677,11921925,0.00002115,45637.00000000,0
1531165882695,1531165882688,11921926,0.00002116,22994.00000000,0
1531165883683,1531165883675,11921927,0.00002118,231.00000000,0
1531165884218,1531165884211,11921928,0.00002118,300.00000000,0
1531165891937,1531165891931,11921929,0.00002117,11625.00000000,1
1531165891956,1531165891951,11921930,0.00002117,42696.00000000,1
1531165891973,1531165891967,11921931,0.00002116,54611.00000000,1
1531165891995,1531165891990,11921932,0.00002115,1993.00000000,1
1531165892043,1531165892039,11921933,0.00002115,1690.00000000,0
1531165892180,1531165892176,11921934,0.00002115,1465.00000000,0
1531165894806,1531165894800,11921935,0.00002115,300.00000000,0
1531165895718,1531165895715,11921936,0.00002115,1690.00000000,0
1531165897061,1531165897056,11921937,0.00002115,301.00000000,0
1531165903615,1531165903610,11921938,0.00002114,34259.00000000,1
1531165903633,1531165903628,11921939,0.00002115,40191.00000000,0
1531165903654,1531165903648,11921940,0.00002116,22994.00000000,0
1531165919110,1531165919105,11921941,0.00002114,35461.00000000,1
1531165919133,1531165919127,11921942,0.00002114,46199.00000000,1
1531165934117,1531165934112,11921943,0.00002115,191.00000000,1
1531165934767,1531165934761,11921944,0.00002115,41636.00000000,1
1531165937272,1531165937267,11921945,0.00002115,191.00000000,0
1531165944709,1531165944704,11921946,0.00002116,71107.00000000,1
1531165944729,1531165944724,11921947,0.00002116,5163.00000000,1
1531165948498,1531165948491,11921948,0.00002116,29254.00000000,1
1531165964910,1531165964902,11921949,0.00002115,1369.00000000,1
1531165964910,1531165964902,11921950,0.00002114,94.00000000,1
1531165964910,1531165964902,11921951,0.00002113,394.00000000,1
1531165964910,1531165964902,11921952,0.00002112,846.00000000,1
1531165964910,1531165964902,11921953,0.00002111,6198.00000000,1
1531165966103,1531165966098,11921954,0.00002114,110.00000000,0
1531165966112,1531165966107,11921955,0.00002114,221.00000000,0
1531165966195,1531165966189,11921956,0.00002114,110.00000000,1
1531165967600,1531165967594,11921957,0.00002114,94.00000000,0
1531165970599,1531165970593,11921958,0.00002114,227.00000000,0
1531165970863,1531165970858,11921959,0.00002114,53.00000000,0
1531165971513,1531165971507,11921960,0.00002112,111.00000000,1
1531165971541,1531165971538,11921961,0.00002111,4626.00000000,0
1531165975014,1531165975009,11921962,0.00002112,110.00000000,1
1531165990093,1531165990088,11921963,0.00002113,343.00000000,1
1531165998037,1531165998030,11921964,0.00002114,4943.00000000,1
1531165998053,1531165998047,11921965,0.00002114,89210.00000000,1
1531166006539,1531166006535,11921966,0.00002113,1047.00000000,1
1531166006566,1531166006560,11921967,0.00002113,1133.00000000,0
1531166006656,1531166006651,11921968,0.00002113,5074.00000000,0
1531166006659,1531166006652,11921969,0.00002113,5079.00000000,0
1531166006688,1531166006682,11921970,0.00002113,1926.00000000,0
1531166006818,1531166006813,11921971,0.00002113,4775.00000000,0
1531166012846,1531166012844,11921972,0.00002116,55.00000000,0
1531166023938,1531166023934,11921973,0.00002114,665.00000000,1
1531166025299,1531166025296,11921974,0.00002114,33708.00000000,1
1531166025311,1531166025304,11921975,0.00002114,4101.00000000,0
1531166025323,1531166025318,11921976,0.00002114,33708.00000000,1
1531166035142,1531166035135,11921977,0.00002113,13820.00000000,1
1531166035150,1531166035144,11921978,0.00002113,5491.00000000,0
1531166035157,1531166035150,11921979,0.00002113,13820.00000000,1
1531166035174,1531166035168,11921980,0.00002114,665.00000000,0
1531166045329,1531166045323,11921981,0.00002115,179.00000000,0
1531166051464,1531166051458,11921982,0.00002114,33708.00000000,1
1531166053931,1531166053925,11921983,0.00002114,50.00000000,0
1531166054559,1531166054554,11921984,0.00002114,331.00000000,0
1531166055034,1531166055029,11921985,0.00002113,58201.00000000,1
1531166055063,1531166055056,11921986,0.00002114,284.00000000,0
1531166072568,1531166072563,11921987,0.00002114,34089.00000000,1
1531166072578,1531166072577,11921988,0.00002114,71003.00000000,0
1531166072588,1531166072583,11921989,0.00002114,34089.00000000,1
1531166072615,1531166072609,11921990,0.00002114,284.00000000,0
1531166081507,1531166081502,11921991,0.00002115,94.00000000,0
1531166106504,1531166106497,11921992,0.00002114,4000.00000000,1
1531166118232,1531166118226,11921993,0.00002115,241.00000000,0
1531166118232,1531166118226,11921994,0.00002116,231.00000000,0
1531166125911,1531166125905,11921995,0.00002115,27512.00000000,1
1531166184346,1531166184340,11921996,0.00002115,25672.00000000,1
1531166184480,1531166184478,11921997,0.00002114,4170.00000000,1
1531166194290,1531166194283,11921998,0.00002115,24784.00000000,1
1531166194308,1531166194303,11921999,0.00002115,24486.00000000,1
1531166206080,1531166206076,11922000,0.00002115,5343.00000000,1
1531166215250,1531166215243,11922001,0.00002116,472.00000000,0
1531166218844,1531166218842,11922002,0.00002116,563.00000000,0
1531166220203,1531166220195,11922003,0.00002116,15262.00000000,0
1531166221248,1531166221242,11922004,0.00002115,37645.00000000,1
1531166221268,1531166221261,11922005,0.00002115,43667.00000000,0
1531166221287,1531166221283,11922006,0.00002115,37645.00000000,1
1531166227420,1531166227413,11922007,0.00002116,9451.00000000,0
1531166229788,1531166229783,11922008,0.00002115,727.00000000,1
1531166231548,1531166231542,11922009,0.00002115,50160.00000000,1
1531166231568,1531166231566,11922010,0.00002115,28311.00000000,1
1531166238416,1531166238410,11922011,0.00002115,727.00000000,0
1531166251546,1531166251540,11922012,0.00002115,28311.00000000,1
1531166251649,1531166251643,11922013,0.00002115,727.00000000,0
1531166252086,1531166252079,11922014,0.00002116,4043.00000000,0
1531166267323,1531166267317,11922015,0.00002116,34030.00000000,0
1531166267339,1531166267336,11922016,0.00002115,29636.00000000,1
1531166267355,1531166267348,11922017,0.00002115,30937.00000000,1
1531166279494,1531166279488,11922018,0.00002115,51821.00000000,1
1531166279518,1531166279511,11922019,0.00002115,47788.00000000,1
1531166282933,1531166282928,11922020,0.00002114,326.00000000,1
1531166283846,1531166283839,11922021,0.00002114,6649.00000000,1
1531166289134,1531166289129,11922022,0.00002115,42979.00000000,1
1531166294191,1531166294187,11922023,0.00002114,94.00000000,1
1531166335291,1531166335285,11922024,0.00002115,62.00000000,0
1531166337296,1531166337290,11922025,0.00002114,107.00000000,1
1531166338115,1531166338110,11922026,0.00002115,881.00000000,0
1531166338247,1531166338241,11922027,0.00002115,1898.00000000,0
1531166338251,1531166338246,11922028,0.00002115,564.00000000,0
1531166338256,1531166338254,11922029,0.00002115,563.00000000,0
1531166343553,1531166343546,11922030,0.00002114,335.00000000,1
1531166368528,1531166368522,11922031,0.00002114,1664.00000000,1
1531166371244,1531166371238,11922032,0.00002114,335.00000000,1
1531166387859,1531166387855,11922033,0.00002115,820.00000000,0
1531166387880,1531166387874,11922034,0.00002115,821.00000000,0
1531166387918,1531166387912,11922035,0.00002115,821.00000000,0
1531166391951,1531166391945,11922036,0.00002114,250.00000000,1
1531166436953,1531166436949,11922037,0.00002115,410.00000000,0
1531166438169,1531166438162,11922038,0.00002115,94.00000000,0
1531166439682,1531166439675,11922039,0.00002115,82.00000000,0
1531166453482,1531166453478,11922040,0.00002115,3517.00000000,0
1531166476669,1531166476665,11922041,0.00002115,63.00000000,0
1531166490468,1531166490460,11922042,0.00002115,231.00000000,0
1531166491804,1531166491797,11922043,0.00002115,232.00000000,0
1531166493347,1531166493341,11922044,0.00002115,232.00000000,0
1531166498593,1531166498588,11922045,0.00002115,727.00000000,0
1531166509355,1531166509349,11922046,0.00002114,7077.00000000,1
1531166509386,1531166509381,11922047,0.00002114,664.00000000,0
1531166509474,1531166509467,11922048,0.00002114,5638.00000000,0
1531166509608,1531166509607,11922049,0.00002114,1805.00000000,0
1531166509789,1531166509785,11922050,0.00002114,157.00000000,0
1531166513372,1531166513366,11922051,0.00002115,233.00000000,0
1531166520353,1531166520347,11922052,0.00002115,100.00000000,0
1531166524819,1531166524812,11922053,0.00002114,20666.00000000,1
1531166524838,1531166524832,11922054,0.00002114,1575.00000000,0
1531166524854,1531166524848,11922055,0.00002114,12111.00000000,1
1531166524877,1531166524871,11922056,0.00002114,8555.00000000,1
1531166529677,1531166529670,11922057,0.00002115,100.00000000,0
1531166531121,1531166531115,11922058,0.00002114,9969.00000000,1
1531166531136,1531166531131,11922059,0.00002114,3987.00000000,0
1531166531150,1531166531145,11922060,0.00002114,9969.00000000,1
1531166532665,1531166532659,11922061,0.00002115,1000.00000000,0
1531166541766,1531166541761,11922062,0.00002115,50.00000000,0
1531166544017,1531166544012,11922063,0.00002115,1691.00000000,0
1531166547130,1531166547125,11922064,0.00002115,1691.00000000,0
1531166555602,1531166555596,11922065,0.00002115,205.00000000,0
1531166611745,1531166611740,11922066,0.00002114,11770.00000000,1
1531166611757,1531166611752,11922067,0.00002114,19300.00000000,0
1531166611769,1531166611763,11922068,0.00002114,11770.00000000,1
1531166632878,1531166632872,11922069,0.00002114,647.00000000,1
1531166644162,1531166644156,11922070,0.00002114,17267.00000000,1
1531166644169,1531166644163,11922071,0.00002114,15192.00000000,0
1531166644186,1531166644180,11922072,0.00002114,1198.00000000,1
1531166644208,1531166644203,11922073,0.00002114,16069.00000000,1
1531166650803,1531166650797,11922074,0.00002114,421.00000000,1
1531166725508,1531166725501,11922075,0.00002114,1598.00000000,1
1531166725524,1531166725519,11922076,0.00002115,360.00000000,0
1531166725544,1531166725539,11922077,0.00002115,720.00000000,0
1531166750380,1531166750373,11922078,0.00002115,281.00000000,0
1531166754419,1531166754413,11922079,0.00002115,1367.00000000,0
1531166754420,1531166754413,11922080,0.00002115,1367.00000000,0
1531166754466,1531166754461,11922081,0.00002115,1367.00000000,0
1531166770337,1531166770330,11922082,0.00002115,472.00000000,0
1531166794694,1531166794668,11922083,0.00002115,1142.00000000,0
1531166794694,1531166794668,11922084,0.00002117,237.00000000,0
1531166824569,1531166824568,11922085,0.00002115,147.00000000,0
1531166830050,1531166830042,11922086,0.00002114,1650.00000000,1
1531166830050,1531166830042,11922087,0.00002113,51.00000000,1
1531166830050,1531166830042,11922088,0.00002112,253.00000000,1
1531166830050,1531166830042,11922089,0.00002111,213.00000000,1
1531166831473,1531166831466,11922090,0.00002117,94.00000000,0
1531166838611,1531166838605,11922091,0.00002114,2153.00000000,0
1531166838618,1531166838613,11922092,0.00002113,1795.00000000,1
1531166854235,1531166854232,11922093,0.00002115,8042.00000000,0
1531166854253,1531166854247,11922094,0.00002114,4324.00000000,1
1531166887756,1531166887753,11922095,0.00002113,8251.00000000,1
1531166911467,1531166911461,11922096,0.00002113,788.00000000,1
1531166914792,1531166914787,11922097,0.00002114,1416.00000000,1
1531166926271,1531166926264,11922098,0.00002115,14594.00000000,1
1531166926292,1531166926286,11922099,0.00002115,989.00000000,0
1531166926311,1531166926308,11922100,0.00002115,7243.00000000,1
1531166926341,1531166926335,11922101,0.00002115,7351.00000000,1
1531166935278,1531166935273,11922102,0.00002115,1557.00000000,0
1531166935296,1531166935290,11922103,0.00002114,262.00000000,1
1531166935316,1531166935310,11922104,0.00002114,812.00000000,1
1531166951120,1531166951115,11922105,0.00002115,892.00000000,1
1531166955841,1531166955841,11922106,0.00002114,999.00000000,0
1531166957110,1531166957095,11922107,0.00002114,1.00000000,0
1531166964315,1531166964308,11922108,0.00002115,1163.00000000,1
1531166977685,1531166977679,11922109,0.00002114,108.00000000,1
1531166991419,1531166991416,11922110,0.00002115,4521.00000000,0
1531167007646,1531167007640,11922111,0.00002114,173.00000000,1
1531167018750,1531167018746,11922112,0.00002115,577.00000000,0
1531167020226,1531167020221,11922113,0.00002115,4066.00000000,0
1531167020259,1531167020254,11922114,0.00002115,570.00000000,0
1531167020332,1531167020330,11922115,0.00002115,1513.00000000,0
1531167035722,1531167035718,11922116,0.00002114,1367.00000000,1
1531167056984,1531167056978,11922117,0.00002114,3200.00000000,1
1531167057055,1531167057038,11922118,0.00002114,1693.00000000,0
1531167059341,1531167059335,11922119,0.00002114,4221.00000000,0
1531167059355,1531167059350,11922120,0.00002114,4218.00000000,0
1531167060178,1531167060171,11922121,0.00002114,5079.00000000,0
1531167061819,1531167061812,11922122,0.00002113,297.00000000,1
1531167061981,1531167061980,11922123,0.00002114,963.00000000,0
1531167063355,1531167063349,11922124,0.00002114,5079.00000000,0
1531167065099,1531167065094,11922125,0.00002113,963.00000000,1
1531167065552,1531167065546,11922126,0.00002114,7720.00000000,0
1531167067162,1531167067157,11922127,0.00002114,5079.00000000,0
1531167070801,1531167070796,11922128,0.00002114,1419.00000000,0
1531167073941,1531167073939,11922129,0.00002114,1693.00000000,0
1531167077092,1531167077086,11922130,0.00002114,1693.00000000,0
1531167080722,1531167080716,11922131,0.00002114,564.00000000,0
1531167081729,1531167081724,11922132,0.00002114,1749.00000000,0
1531167092234,1531167092233,11922133,0.00002114,4104.00000000,1
1531167092248,1531167092242,11922134,0.00002114,8042.00000000,0
1531167092260,1531167092254,11922135,0.00002114,4104.00000000,1
1531167096815,1531167096809,11922136,0.00002114,263.00000000,1
1531167096842,1531167096840,11922137,0.00002114,5309.00000000,1
1531167104807,1531167104801,11922138,0.00002115,1008.00000000,0
1531167107556,1531167107551,11922139,0.00002114,50.00000000,1
1531167124870,1531167124863,11922140,0.00002114,139.00000000,1
1531167130936,1531167130930,11922141,0.00002114,210.00000000,1
1531167142143,1531167142138,11922142,0.00002115,3799.00000000,0
1531167145383,1531167145376,11922143,0.00002114,2301.00000000,1
1531167146742,1531167146736,11922144,0.00002114,263.00000000,0
1531167148117,1531167148111,11922145,0.00002114,1706.00000000,0
1531167148117,1531167148111,11922146,0.00002115,2362.00000000,0
1531167159296,1531167159290,11922147,0.00002114,475.00000000,0
1531167159306,1531167159299,11922148,0.00002113,217.00000000,1
1531167162893,1531167162889,11922149,0.00002114,3.00000000,0
1531167168456,1531167168452,11922150,0.00002115,357.00000000,0
1531167172052,1531167172046,11922151,0.00002113,7898.00000000,1
1531167172065,1531167172060,11922152,0.00002113,3877.00000000,1
1531167180615,1531167180609,11922153,0.00002113,803.00000000,1
1531167180637,1531167180630,11922154,0.00002113,3755.00000000,1
1531167197108,1531167197102,11922155,0.00002113,2841.00000000,1
1531167197130,1531167197123,11922156,0.00002113,495.00000000,1
1531167206623,1531167206616,11922157,0.00002113,1420.00000000,0
1531167207206,1531167207199,11922158,0.00002113,3580.00000000,0
1531167212431,1531167212428,11922159,0.00002114,14462.00000000,0
1531167212441,1531167212436,11922160,0.00002113,4856.00000000,1
1531167212458,1531167212453,11922161,0.00002113,9642.00000000,1
1531167217376,1531167217369,11922162,0.00002113,9724.00000000,1
1531167217391,1531167217386,11922163,0.00002113,9695.00000000,1
1531167223513,1531167223509,11922164,0.00002115,36.00000000,0
1531167236135,1531167236128,11922165,0.00002114,1326.00000000,1
1531167236284,1531167236277,11922166,0.00002114,5652.00000000,1
1531167236414,1531167236407,11922167,0.00002114,1642.00000000,1
1531167244245,1531167244239,11922168,0.00002114,4769.00000000,1
1531167244257,1531167244252,11922169,0.00002114,326.00000000,0
1531167244266,1531167244262,11922170,0.00002114,1371.00000000,1
1531167244279,1531167244275,11922171,0.00002114,3398.00000000,1
1531167259700,1531167259693,11922172,0.00002113,6.00000000,1
1531167265389,1531167265382,11922173,0.00002113,4145.00000000,1
1531167265419,1531167265413,11922174,0.00002114,6046.00000000,0
1531167265438,1531167265432,11922175,0.00002114,3398.00000000,0
1531167273171,1531167273169,11922176,0.00002114,458.00000000,1
1531167273315,1531167273311,11922177,0.00002114,3896.00000000,1
1531167277015,1531167277013,11922178,0.00002114,1564.00000000,1
1531167277029,1531167277024,11922179,0.00002114,13704.00000000,0
1531167277041,1531167277038,11922180,0.00002114,1564.00000000,1
1531167285160,1531167285155,11922181,0.00002114,4354.00000000,0
1531167297145,1531167297141,11922182,0.00002114,1564.00000000,1
1531167309974,1531167309973,11922183,0.00002114,108.00000000,0
1531167310098,1531167310092,11922184,0.00002113,717.00000000,1
1531167310110,1531167310105,11922185,0.00002113,232.00000000,0
1531167310123,1531167310117,11922186,0.00002114,4295.00000000,0
1531167314579,1531167314573,11922187,0.00002115,782.00000000,0
1531167318549,1531167318541,11922188,0.00002114,343.00000000,1
1531167318564,1531167318557,11922189,0.00002114,1280.00000000,1
1531167322765,1531167322761,11922190,0.00002113,343.00000000,0
1531167337075,1531167337069,11922191,0.00002115,51.00000000,0
1531167355059,1531167355053,11922192,0.00002115,443.00000000,0
1531167380861,1531167380859,11922193,0.00002114,580.00000000,1
1531167411996,1531167411992,11922194,0.00002114,357.00000000,1
1531167453371,1531167453365,11922195,0.00002114,113.00000000,1
1531167468032,1531167468026,11922196,0.00002114,473.00000000,0
1531167468133,1531167468132,11922197,0.00002114,474.00000000,0
1531167469793,1531167469789,11922198,0.00002114,869.00000000,0
1531167470335,1531167470335,11922199,0.00002114,1.00000000,0
1531167470335,1531167470335,11922200,0.00002115,47.00000000,0
1531167475368,1531167475364,11922201,0.00002115,852.00000000,0
1531167480663,1531167480657,11922202,0.00002114,1695.00000000,0
1531167480793,1531167480787,11922203,0.00002114,1163.00000000,0
1531167480798,1531167480792,11922204,0.00002114,565.00000000,0
1531167481042,1531167481039,11922205,0.00002114,2202.00000000,0
1531167515461,1531167515455,11922206,0.00002114,999.00000000,1
1531167527853,1531167527848,11922207,0.00002114,81.00000000,1
1531167531425,1531167531419,11922208,0.00002115,614.00000000,0
1531167548468,1531167548462,11922209,0.00002114,3187.00000000,1
1531167558226,1531167558220,11922210,0.00002114,1129.00000000,1
1531167615578,1531167615572,11922211,0.00002114,2180.00000000,1
1531167618660,1531167618653,11922212,0.00002114,855.00000000,1
1531167622745,1531167622744,11922213,0.00002114,219.00000000,0
1531167624641,1531167624634,11922214,0.00002114,356.00000000,0
1531167626246,1531167626240,11922215,0.00002114,166.00000000,0
1531167634222,1531167634216,11922216,0.00002114,307.00000000,0
1531167643872,1531167643867,11922217,0.00002114,7886.00000000,0
1531167657631,1531167657623,11922218,0.00002113,760.00000000,1
1531167702347,1531167702342,11922219,0.00002114,74.00000000,0
1531167718014,1531167718008,11922220,0.00002114,1601.00000000,0
1531167729415,1531167729410,11922221,0.00002114,20000.00000000,0
1531167755361,1531167755356,11922222,0.00002114,4805.00000000,0
1531167755379,1531167755379,11922223,0.00002114,4597.00000000,0
1531167755404,1531167755399,11922224,0.00002114,343.00000000,0
1531167755407,1531167755401,11922225,0.00002114,1419.00000000,0
1531167758043,1531167758038,11922226,0.00002114,281.00000000,0
1531167758485,1531167758484,11922227,0.00002113,224.00000000,1
1531167758485,1531167758484,11922228,0.00002112,207.00000000,1
1531167758485,1531167758484,11922229,0.00002111,4166.00000000,1
1531167765657,1531167765650,11922230,0.00002113,3136.00000000,1
1531167765670,1531167765665,11922231,0.00002113,2164.00000000,0
1531167765686,1531167765680,11922232,0.00002113,1158.00000000,1
1531167765702,1531167765700,11922233,0.00002113,1978.00000000,1
1531167772354,1531167772349,11922234,0.00002113,2809.00000000,1
1531167772370,1531167772367,11922235,0.00002113,2251.00000000,0
1531167772386,1531167772385,11922236,0.00002113,801.00000000,1
1531167772408,1531167772403,11922237,0.00002113,2008.00000000,1
1531167777795,1531167777790,11922238,0.00002112,703.00000000,1
1531167777815,1531167777809,11922239,0.00002112,1181.00000000,1
1531167784431,1531167784431,11922240,0.00002114,80.00000000,0
1531167790904,1531167790898,11922241,0.00002112,2112.00000000,1
1531167803024,1531167803019,11922242,0.00002112,1561.00000000,1
1531167803042,1531167803037,11922243,0.00002112,928.00000000,1
1531167812213,1531167812207,11922244,0.00002113,1735.00000000,1
1531167812232,1531167812226,11922245,0.00002113,1268.00000000,1
1531167817518,1531167817511,11922246,0.00002113,550.00000000,1
1531167817518,1531167817511,11922247,0.00002112,1008.00000000,1
1531167819209,1531167819203,11922248,0.00002114,13620.00000000,0
1531167819897,1531167819892,11922249,0.00002114,37895.00000000,0
1531167820885,1531167820877,11922250,0.00002114,30567.00000000,0
1531167822445,1531167822438,11922251,0.00002114,1493.00000000,0
1531167829480,1531167829474,11922252,0.00002115,385.00000000,0
1531167832288,1531167832282,11922253,0.00002113,3652.00000000,1
1531167832310,1531167832306,11922254,0.00002113,3463.00000000,1
1531167848726,1531167848722,11922255,0.00002113,581.00000000,1
1531167848748,1531167848746,11922256,0.00002113,1877.00000000,1
1531167858411,1531167858407,11922257,0.00002115,4540.00000000,0
1531167858484,1531167858479,11922258,0.00002115,3783.00000000,0
1531167858714,1531167858710,11922259,0.00002114,6176.00000000,0
