event_time,trade_time,trade_id,price,quantity,maker
1531160271035,1531160271030,20698713,0.00203190,0.42000000,1
1531160271035,1531160271030,20698714,0.00203110,0.50000000,1
1531160271035,1531160271030,20698715,0.00203100,0.58000000,1
1531160271193,1531160271190,20698716,0.00203250,1.10000000,0
1531160271633,1531160271630,20698717,0.00203250,1.00000000,0
1531160274440,1531160274438,20698718,0.00203250,0.80000000,0
1531160277746,1531160277743,20698719,0.00203220,1.00000000,1
1531160280441,1531160280438,20698720,0.00203220,0.88000000,1
1531160280441,1531160280438,20698721,0.00203100,0.62000000,1
1531160281161,1531160281158,20698722,0.00203220,0.10000000,0
1531160281647,1531160281644,20698723,0.00203100,6.01000000,1
1531160283306,1531160283303,20698724,0.00203220,0.01000000,0
1531160285686,1531160285683,20698725,0.00203220,0.01000000,0
1531160285736,1531160285734,20698726,0.00203100,20.00000000,1
1531160286747,1531160286742,20698727,0.00203100,0.45000000,1
1531160286747,1531160286742,20698728,0.00203040,9.55000000,1
1531160288307,1531160288302,20698729,0.00203210,0.32000000,0
1531160288338,1531160288333,20698730,0.00203040,0.76000000,1
1531160288338,1531160288333,20698731,0.00203030,41.24000000,1
1531160288690,1531160288688,20698732,0.00203030,0.07000000,1
1531160288725,1531160288722,20698733,0.00203030,0.07000000,1
1531160288759,1531160288756,20698734,0.00203030,0.07000000,1
1531160289729,1531160289726,20698735,0.00203030,0.82000000,1
1531160289729,1531160289726,20698736,0.00203020,0.68000000,1
1531160289735,1531160289731,20698737,0.00203020,85.62000000,1
1531160290222,1531160290219,20698738,0.00203210,0.01000000,0
1531160290748,1531160290744,20698739,0.00203010,75.00000000,1
1531160290894,1531160290892,20698740,0.00203040,1.00000000,0
1531160290917,1531160290914,20698741,0.00203040,2.00000000,0
1531160290957,1531160290954,20698742,0.00203040,0.52000000,0
1531160290969,1531160290965,20698743,0.00203040,2.00000000,0
1531160291195,1531160291191,20698744,0.00203040,1.09000000,0
1531160291748,1531160291742,20698745,0.00203010,0.96000000,1
1531160291748,1531160291742,20698746,0.00203000,157.04000000,1
1531160291748,1531160291742,20698747,0.00203000,0.93000000,1
1531160291749,1531160291742,20698748,0.00203000,49.10000000,1
1531160292758,1531160292755,20698749,0.00203000,50.00000000,1
1531160292878,1531160292874,20698750,0.00203010,3.31000000,1
1531160292878,1531160292874,20698751,0.00203000,46.69000000,1
1531160292967,1531160292963,20698752,0.00203000,50.00000000,1
1531160293054,1531160293051,20698753,0.00203000,16.00000000,1
1531160293810,1531160293807,20698754,0.00203190,0.01000000,0
1531160294019,1531160294016,20698755,0.00203150,0.01000000,0
1531160294087,1531160294081,20698756,0.00203150,0.01000000,0
1531160297718,1531160297717,20698757,0.00203000,1.50000000,1
1531160297999,1531160297999,20698758,0.00203140,1.32000000,0
1531160298053,1531160298050,20698759,0.00203140,0.52000000,0
1531160298080,1531160298077,20698760,0.00203140,0.45000000,0
1531160298355,1531160298354,20698761,0.00203000,25.00000000,1
1531160298425,1531160298422,20698762,0.00203000,0.09000000,1
1531160298463,1531160298460,20698763,0.00203000,0.07000000,1
1531160298503,1531160298499,20698764,0.00203000,0.09000000,1
1531160298529,1531160298527,20698765,0.00203000,0.09000000,1
1531160298626,1531160298623,20698766,0.00203000,0.09000000,1
1531160298633,1531160298629,20698767,0.00203000,0.07000000,1
1531160298787,1531160298785,20698768,0.00203000,0.09000000,1
1531160298868,1531160298864,20698769,0.00203000,0.09000000,1
1531160298918,1531160298915,20698770,0.00203000,0.09000000,1
1531160300878,1531160300876,20698771,0.00203120,0.01000000,0
1531160302559,1531160302555,20698772,0.00203070,0.35000000,0
1531160303069,1531160303065,20698773,0.00203000,0.08000000,1
1531160305499,1531160305495,20698774,0.00203070,0.10000000,0
1531160313736,1531160313733,20698775,0.00203070,0.01000000,0
1531160314629,1531160314626,20698776,0.00203000,6.00000000,1
1531160319927,1531160319923,20698777,0.00203070,0.03000000,0
1531160321529,1531160321526,20698778,0.00203070,0.01000000,0
1531160321662,1531160321657,20698779,0.00203070,0.01000000,0
1531160324044,1531160324035,20698780,0.00203000,281.37000000,1
1531160324544,1531160324541,20698781,0.00203000,1.86000000,0
1531160325194,1531160325191,20698782,0.00203000,0.01000000,0
1531160325239,1531160325235,20698783,0.00202980,27.70000000,1
1531160325327,1531160325323,20698784,0.00203000,0.01000000,0
1531160325384,1531160325381,20698785,0.00203000,0.01000000,0
1531160325874,1531160325871,20698786,0.00203000,27.04000000,0
1531160326431,1531160326429,20698787,0.00203000,0.55000000,0
1531160326777,1531160326773,20698788,0.00202980,0.09000000,1
1531160326802,1531160326799,20698789,0.00202980,0.09000000,1
1531160326855,1531160326851,20698790,0.00202980,0.07000000,1
1531160326895,1531160326893,20698791,0.00202980,0.09000000,1
1531160326924,1531160326923,20698792,0.00202980,0.08000000,1
1531160326983,1531160326979,20698793,0.00202980,0.08000000,1
1531160327016,1531160327013,20698794,0.00202980,0.06000000,1
1531160327060,1531160327056,20698795,0.00202980,0.09000000,1
1531160327085,1531160327080,20698796,0.00202980,0.07000000,1
1531160327239,1531160327236,20698797,0.00202980,0.09000000,1
1531160327271,1531160327267,20698798,0.00202980,0.06000000,1
1531160327299,1531160327294,20698799,0.00202980,0.09000000,1
1531160327337,1531160327333,20698800,0.00202980,0.08000000,1
1531160327340,1531160327340,20698801,0.00202980,0.08000000,1
1531160327378,1531160327377,20698802,0.00202980,0.08000000,1
1531160328408,1531160328404,20698803,0.00203000,7.34000000,0
1531160331400,1531160331397,20698804,0.00203000,0.01000000,0
1531160331670,1531160331669,20698805,0.00203000,12.80000000,0
1531160337319,1531160337316,20698806,0.00202980,14.00000000,1
1531160339953,1531160339948,20698807,0.00202990,0.97000000,0
1531160342697,1531160342695,20698808,0.00202990,0.02000000,0
1531160342744,1531160342740,20698809,0.00202980,14.22000000,1
1531160343856,1531160343852,20698810,0.00202980,0.50000000,0
1531160344812,1531160344809,20698811,0.00202980,0.45000000,0
1531160344947,1531160344943,20698812,0.00202970,5.40000000,1
1531160346077,1531160346077,20698813,0.00202980,1.00000000,0
1531160346625,1531160346620,20698814,0.00202970,3.19000000,1
1531160346689,1531160346685,20698815,0.00202970,29.45000000,0
1531160350542,1531160350538,20698816,0.00202970,1.00000000,0
1531160352339,1531160352335,20698817,0.00202970,2.52000000,0
1531160353746,1531160353743,20698818,0.00202970,2.00000000,0
1531160355030,1531160355027,20698819,0.00202970,0.04000000,0
1531160355079,1531160355074,20698820,0.00202970,0.57000000,0
1531160355393,1531160355390,20698821,0.00202960,1.57000000,1
1531160355408,1531160355405,20698822,0.00202950,0.09000000,1
1531160355435,1531160355432,20698823,0.00202950,0.07000000,1
1531160358239,1531160358234,20698824,0.00202950,1.62000000,1
1531160360261,1531160360259,20698825,0.00202960,0.03000000,0
1531160361832,1531160361829,20698826,0.00202950,1.76000000,1
1531160361945,1531160361942,20698827,0.00202950,5.90000000,0
1531160363379,1531160363373,20698828,0.00202940,4.15000000,1
1531160363379,1531160363373,20698829,0.00202930,13.55000000,1
1531160363379,1531160363373,20698830,0.00202920,13.98000000,1
1531160363379,1531160363373,20698831,0.00202910,3.84000000,1
1531160363379,1531160363373,20698832,0.00202890,13.11000000,1
1531160363379,1531160363373,20698833,0.00202880,2.95000000,1
1531160363379,1531160363373,20698834,0.00202870,1.54000000,1
1531160363379,1531160363373,20698835,0.00202860,6.71000000,1
1531160363379,1531160363373,20698836,0.00202850,16.93000000,1
1531160363379,1531160363373,20698837,0.00202840,1.33000000,1
1531160363379,1531160363373,20698838,0.00202830,2.88000000,1
1531160363388,1531160363385,20698839,0.00202830,2.61000000,1
1531160363388,1531160363385,20698840,0.00202820,1.48000000,1
1531160363425,1531160363422,20698841,0.00202820,3.75000000,1
1531160363556,1531160363553,20698842,0.00202820,0.09000000,1
1531160363592,1531160363588,20698843,0.00202820,0.08000000,1
1531160363702,1531160363700,20698844,0.00202820,0.09000000,1
1531160363747,1531160363742,20698845,0.00202820,0.09000000,1
1531160366159,1531160366154,20698846,0.00202900,2.86000000,1
1531160367840,1531160367838,20698847,0.00202900,5.89000000,0
1531160367842,1531160367842,20698848,0.00202900,1.10000000,0
1531160369163,1531160369160,20698849,0.00202900,9.85000000,1
1531160369176,1531160369173,20698850,0.00202900,3.04000000,1
1531160369176,1531160369173,20698851,0.00202820,1.64000000,1
1531160371477,1531160371473,20698852,0.00202900,2.90000000,0
1531160371477,1531160371473,20698853,0.00202930,97.10000000,0
1531160371492,1531160371487,20698854,0.00202930,1.45000000,0
1531160371492,1531160371487,20698855,0.00202940,16.09000000,0
1531160372044,1531160372041,20698856,0.00202870,2.94000000,1
1531160372044,1531160372041,20698857,0.00202820,2.44000000,1
1531160372958,1531160372954,20698858,0.00202820,0.05000000,1
1531160372958,1531160372954,20698859,0.00202810,0.04000000,1
1531160373086,1531160373086,20698860,0.00202810,0.09000000,1
1531160373087,1531160373086,20698861,0.00202810,0.09000000,1
1531160373117,1531160373114,20698862,0.00202810,0.09000000,1
1531160373188,1531160373185,20698863,0.00202860,0.09000000,1
1531160377220,1531160377217,20698864,0.00202940,0.01000000,0
1531160377276,1531160377273,20698865,0.00202860,0.06000000,1
1531160377326,1531160377323,20698866,0.00202940,0.01000000,0
1531160377329,1531160377326,20698867,0.00202860,0.09000000,1
1531160377412,1531160377407,20698868,0.00202860,0.07000000,1
1531160377413,1531160377411,20698869,0.00202860,0.09000000,1
1531160377459,1531160377455,20698870,0.00202860,0.09000000,1
1531160377586,1531160377583,20698871,0.00202860,0.07000000,1
1531160377604,1531160377600,20698872,0.00202860,0.07000000,1
1531160377641,1531160377638,20698873,0.00202860,0.09000000,1
1531160377684,1531160377680,20698874,0.00202860,0.09000000,1
1531160377802,1531160377800,20698875,0.00202860,0.09000000,1
1531160377863,1531160377859,20698876,0.00202860,0.07000000,1
1531160377938,1531160377936,20698877,0.00202860,0.09000000,1
1531160377972,1531160377967,20698878,0.00202860,0.09000000,1
1531160378000,1531160377996,20698879,0.00202860,0.07000000,1
1531160378018,1531160378014,20698880,0.00202860,0.08000000,1
1531160378083,1531160378080,20698881,0.00202860,0.09000000,1
1531160378112,1531160378109,20698882,0.00202860,0.09000000,1
1531160378129,1531160378125,20698883,0.00202860,0.07000000,1
1531160384869,1531160384865,20698884,0.00202930,0.01000000,0
1531160386269,1531160386267,20698885,0.00202860,1.00000000,1
1531160386719,1531160386716,20698886,0.00202930,0.01000000,0
1531160386818,1531160386815,20698887,0.00202930,0.80000000,0
1531160387120,1531160387118,20698888,0.00202930,1.41000000,0
1531160388213,1531160388208,20698889,0.00202860,0.31000000,1
1531160388213,1531160388208,20698890,0.00202830,3.01000000,1
1531160388213,1531160388208,20698891,0.00202820,3.01000000,1
1531160388213,1531160388208,20698892,0.00202810,1.15000000,1
1531160388230,1531160388229,20698893,0.00202810,1.31000000,1
1531160388701,1531160388697,20698894,0.00202930,0.01000000,0
1531160389044,1531160389041,20698895,0.00202930,0.01000000,0
1531160390136,1531160390134,20698896,0.00202920,2.00000000,0
1531160390387,1531160390384,20698897,0.00202810,6.94000000,1
1531160390751,1531160390748,20698898,0.00202800,0.09000000,1
1531160390798,1531160390794,20698899,0.00202800,0.09000000,1
1531160390916,1531160390912,20698900,0.00202800,0.09000000,1
1531160390995,1531160390992,20698901,0.00202800,0.09000000,1
1531160391036,1531160391032,20698902,0.00202800,0.07000000,1
1531160391085,1531160391081,20698903,0.00202800,0.07000000,1
1531160391287,1531160391283,20698904,0.00202800,0.09000000,1
1531160391289,1531160391287,20698905,0.00202800,0.09000000,1
1531160391774,1531160391772,20698906,0.00202810,0.06000000,0
1531160392955,1531160392952,20698907,0.00202920,5.00000000,0
1531160394509,1531160394508,20698908,0.00202900,0.35000000,0
1531160394563,1531160394559,20698909,0.00202810,1.25000000,1
1531160394694,1531160394690,20698910,0.00202810,2.00000000,0
1531160394894,1531160394891,20698911,0.00202810,0.90000000,0
1531160395634,1531160395632,20698912,0.00202900,0.57000000,0
1531160395691,1531160395688,20698913,0.00202900,0.48000000,0
1531160395704,1531160395702,20698914,0.00202900,0.59000000,0
1531160395743,1531160395740,20698915,0.00202900,0.57000000,0
1531160395779,1531160395775,20698916,0.00202900,0.59000000,0
1531160395814,1531160395811,20698917,0.00202900,0.59000000,0
1531160395844,1531160395840,20698918,0.00202900,0.59000000,0
1531160396098,1531160396094,20698919,0.00202800,0.11000000,1
1531160396194,1531160396191,20698920,0.00202800,0.07000000,1
1531160396227,1531160396223,20698921,0.00202800,0.07000000,1
1531160396304,1531160396301,20698922,0.00202800,0.09000000,1
1531160396309,1531160396306,20698923,0.00202800,0.09000000,1
1531160397839,1531160397837,20698924,0.00202800,52.97000000,1
1531160397844,1531160397841,20698925,0.00202800,14.00000000,1
1531160398380,1531160398378,20698926,0.00202920,1.00000000,0
1531160399123,1531160399120,20698927,0.00202800,33.86000000,1
1531160400027,1531160400022,20698928,0.00202800,1.01000000,1
1531160401496,1531160401493,20698929,0.00202900,6.40000000,0
1531160402009,1531160401917,20698930,0.00202900,0.01000000,0
1531160402138,1531160402137,20698931,0.00202900,0.01000000,0
1531160402175,1531160402173,20698932,0.00202900,0.70000000,0
1531160402745,1531160402742,20698933,0.00202800,3.30000000,1
1531160403007,1531160403004,20698934,0.00202800,0.85000000,0
1531160403007,1531160403004,20698935,0.00202900,1.44000000,0
1531160406089,1531160406086,20698936,0.00202900,0.06000000,0
1531160407744,1531160407744,20698937,0.00202850,0.59000000,0
1531160408714,1531160408710,20698938,0.00202850,2.00000000,0
1531160408878,1531160408874,20698939,0.00202850,2.26000000,0
1531160413115,1531160413112,20698940,0.00202800,4.15000000,1
1531160414415,1531160414410,20698941,0.00202800,14.01000000,1
1531160416233,1531160416230,20698942,0.00202850,2.00000000,0
1531160417217,1531160417213,20698943,0.00202810,6.00000000,1
1531160417492,1531160417489,20698944,0.00202850,0.01000000,0
1531160417824,1531160417821,20698945,0.00202850,0.01000000,0
1531160420054,1531160420050,20698946,0.00202840,0.01000000,0
1531160420364,1531160420361,20698947,0.00202810,0.02000000,1
1531160420364,1531160420361,20698948,0.00202800,4.52000000,1
1531160420507,1531160420504,20698949,0.00202800,1.00000000,0
1531160421436,1531160421433,20698950,0.00202800,0.01000000,0
1531160421462,1531160421459,20698951,0.00202800,0.01000000,0
1531160421509,1531160421505,20698952,0.00202800,0.01000000,0
1531160423920,1531160423916,20698953,0.00202790,11.89000000,1
1531160424935,1531160424931,20698954,0.00202780,24.11000000,1
1531160425760,1531160425757,20698955,0.00202800,74.98000000,0
1531160427008,1531160427005,20698956,0.00202800,15.00000000,0
1531160428304,1531160428296,20698957,0.00202780,4.00000000,1
1531160428304,1531160428296,20698958,0.00202770,14.72000000,1
1531160428304,1531160428296,20698959,0.00202760,3.53000000,1
1531160428304,1531160428296,20698960,0.00202750,7.47000000,1
1531160428304,1531160428296,20698961,0.00202740,11.94000000,1
1531160428304,1531160428296,20698962,0.00202730,10.42000000,1
1531160428304,1531160428296,20698963,0.00202720,6.70000000,1
1531160429729,1531160429725,20698964,0.00202720,3.30000000,1
1531160429729,1531160429725,20698965,0.00202710,1.57000000,1
1531160429733,1531160429730,20698966,0.00202800,0.01000000,0
1531160429858,1531160429854,20698967,0.00202800,0.01000000,0
1531160430927,1531160430923,20698968,0.00202710,4.31000000,1
1531160432535,1531160432533,20698969,0.00202800,0.54000000,0
1531160435361,1531160435358,20698970,0.00202710,10.02000000,1
1531160435751,1531160435747,20698971,0.00202750,0.01000000,0
1531160435873,1531160435870,20698972,0.00202750,6.28000000,0
1531160435887,1531160435884,20698973,0.00202750,3.57000000,0
1531160442623,1531160442619,20698974,0.00202760,3.72000000,1
1531160445377,1531160445373,20698975,0.00202800,3.00000000,0
1531160445503,1531160445501,20698976,0.00202800,17.65000000,0
1531160445506,1531160445504,20698977,0.00202800,3.00000000,0
1531160445509,1531160445505,20698978,0.00202800,5.89000000,0
1531160446098,1531160446095,20698979,0.00202800,235.20000000,0
1531160446232,1531160446230,20698980,0.00202800,0.04000000,0
1531160452109,1531160452107,20698981,0.00202850,27.70000000,0
1531160452330,1531160452325,20698982,0.00202850,0.03000000,0
1531160452330,1531160452325,20698983,0.00202900,0.96000000,0
1531160455303,1531160455299,20698984,0.00202900,8.87000000,0
1531160456437,1531160456434,20698985,0.00202830,54.00000000,1
1531160456437,1531160456434,20698986,0.00202820,2.48000000,1
1531160456437,1531160456434,20698987,0.00202810,4.00000000,1
1531160456457,1531160456454,20698988,0.00202800,26.95000000,1
1531160456483,1531160456483,20698989,0.00202800,2.95000000,1
1531160457073,1531160457070,20698990,0.00202830,4.00000000,0
1531160458372,1531160458369,20698991,0.00202830,0.01000000,0
1531160461213,1531160461210,20698992,0.00202800,2.45000000,1
1531160462514,1531160462511,20698993,0.00202820,98.60000000,0
1531160462514,1531160462511,20698994,0.00202830,11.90000000,0
1531160463236,1531160463232,20698995,0.00202820,1.00000000,1
1531160463236,1531160463232,20698996,0.00202800,20.31000000,1
1531160463236,1531160463232,20698997,0.00202770,50.00000000,1
1531160463949,1531160463946,20698998,0.00202760,18.00000000,0
1531160463955,1531160463951,20698999,0.00202760,16.85000000,0
1531160463963,1531160463959,20699000,0.00202760,0.74000000,1
1531160464206,1531160464204,20699001,0.00202760,4.94000000,1
1531160464207,1531160464204,20699002,0.00202760,0.55000000,1
1531160464547,1531160464544,20699003,0.00202760,1.48000000,1
1531160465283,1531160465280,20699004,0.00202760,0.12000000,1
1531160465322,1531160465317,20699005,0.00202830,7.66000000,0
1531160465570,1531160465566,20699006,0.00202830,1.10000000,0
1531160469348,1531160469344,20699007,0.00202820,2.47000000,0
1531160470146,1531160470142,20699008,0.00202810,18.00000000,1
1531160470146,1531160470142,20699009,0.00202780,18.00000000,1
1531160470146,1531160470142,20699010,0.00202770,4.00000000,1
1531160470146,1531160470142,20699011,0.00202760,20.32000000,1
1531160470446,1531160470444,20699012,0.00202820,0.02000000,0
1531160471804,1531160471800,20699013,0.00202820,0.83000000,1
1531160474617,1531160474614,20699014,0.00202820,9.89000000,1
1531160475924,1531160475919,20699015,0.00202830,1.24000000,0
1531160479753,1531160479752,20699016,0.00202830,6.66000000,1
1531160480626,1531160480624,20699017,0.00202940,0.49000000,0
1531160481595,1531160481591,20699018,0.00202940,0.49000000,0
1531160482133,1531160482128,20699019,0.00202900,8.00000000,0
1531160485573,1531160485570,20699020,0.00202840,1.17000000,1
1531160486030,1531160486027,20699021,0.00202900,5.00000000,0
1531160487788,1531160487785,20699022,0.00202900,0.01000000,0
1531160487794,1531160487793,20699023,0.00202900,0.01000000,0
1531160490679,1531160490675,20699024,0.00202900,0.01000000,0
1531160491181,1531160491177,20699025,0.00202900,1.00000000,0
1531160492724,1531160492722,20699026,0.00202900,5.44000000,0
1531160493934,1531160493930,20699027,0.00202900,5.25000000,0
1531160496817,1531160496813,20699028,0.00202900,0.01000000,0
1531160496946,1531160496941,20699029,0.00202900,0.01000000,0
1531160496950,1531160496947,20699030,0.00202900,0.01000000,0
1531160497005,1531160497003,20699031,0.00202900,0.01000000,0
1531160497206,1531160497202,20699032,0.00202900,0.01000000,0
1531160497605,1531160497601,20699033,0.00202900,5.44000000,0
1531160497612,1531160497610,20699034,0.00202900,5.50000000,0
1531160497633,1531160497630,20699035,0.00202900,4.59000000,0
1531160498024,1531160498021,20699036,0.00202940,0.03000000,0
1531160499539,1531160499536,20699037,0.00202850,3.29000000,1
1531160501743,1531160501741,20699038,0.00202880,4.00000000,1
1531160501743,1531160501741,20699039,0.00202870,1.96000000,1
1531160503753,1531160503750,20699040,0.00202840,1.00000000,1
1531160503969,1531160503966,20699041,0.00202850,1.23000000,0
1531160506531,1531160506531,20699042,0.00202850,2.93000000,0
1531160508131,1531160508129,20699043,0.00202850,0.03000000,0
1531160511932,1531160511928,20699044,0.00202850,12.07000000,0
1531160511934,1531160511928,20699045,0.00202940,41.65000000,0
1531160511934,1531160511928,20699046,0.00202950,17.34000000,0
1531160511934,1531160511928,20699047,0.00203000,200.00000000,0
1531160511934,1531160511928,20699048,0.00203090,5.84000000,0
1531160511934,1531160511928,20699049,0.00203100,270.37000000,0
1531160511934,1531160511928,20699050,0.00203110,49.06000000,0
1531160511985,1531160511982,20699051,0.00203110,29.50000000,0
1531160513413,1531160513411,20699052,0.00202870,4.59000000,1
1531160514777,1531160514777,20699053,0.00203130,0.02000000,0
1531160514929,1531160514926,20699054,0.00203130,0.53000000,0
1531160514929,1531160514926,20699055,0.00203220,0.21000000,0
1531160515018,1531160515015,20699056,0.00203220,0.57000000,0
1531160515026,1531160515023,20699057,0.00203220,0.57000000,0
1531160515087,1531160515084,20699058,0.00203220,0.72000000,0
1531160515215,1531160515211,20699059,0.00203220,0.72000000,0
1531160515255,1531160515253,20699060,0.00203220,0.72000000,0
1531160515309,1531160515306,20699061,0.00203220,0.81000000,0
1531160515350,1531160515347,20699062,0.00203220,0.63000000,0
1531160517280,1531160517276,20699063,0.00203220,0.03000000,0
1531160518009,1531160518006,20699064,0.00203220,0.72000000,0
1531160518059,1531160518054,20699065,0.00203220,0.81000000,0
1531160518117,1531160518114,20699066,0.00203220,0.81000000,0
1531160518171,1531160518168,20699067,0.00203220,0.56000000,0
1531160518289,1531160518285,20699068,0.00203220,0.63000000,0
1531160518347,1531160518344,20699069,0.00203220,0.90000000,0
1531160518396,1531160518393,20699070,0.00203220,0.90000000,0
1531160518437,1531160518433,20699071,0.00203220,0.74000000,0
1531160518517,1531160518513,20699072,0.00203220,0.84000000,0
1531160518685,1531160518682,20699073,0.00203220,0.67000000,0
1531160519021,1531160519017,20699074,0.00203220,34.67000000,0
1531160520498,1531160520498,20699075,0.00203220,1.94000000,0
1531160521062,1531160521059,20699076,0.00203020,1.12000000,1
1531160522304,1531160522301,20699077,0.00203220,0.03000000,0
1531160524067,1531160524063,20699078,0.00203220,0.81000000,0
1531160527014,1531160527009,20699079,0.00203220,0.01000000,0
1531160527096,1531160527094,20699080,0.00203220,0.01000000,0
1531160528993,1531160528991,20699081,0.00203220,0.04000000,0
1531160530974,1531160530971,20699082,0.00203170,6.04000000,0
1531160532059,1531160532056,20699083,0.00203170,0.01000000,0
1531160532185,1531160532183,20699084,0.00203170,0.01000000,0
1531160534263,1531160534259,20699085,0.00203170,0.02000000,0
1531160535062,1531160535058,20699086,0.00203030,4.52000000,1
1531160547201,1531160547197,20699087,0.00203150,3.76000000,0
1531160547201,1531160547197,20699088,0.00203170,9.84000000,0
1531160547201,1531160547197,20699089,0.00203220,7.31000000,0
1531160549749,1531160549746,20699090,0.00203030,0.01000000,0
1531160549824,1531160549821,20699091,0.00203030,0.01000000,0
1531160551358,1531160551355,20699092,0.00203010,9.61000000,1
1531160552237,1531160552233,20699093,0.00203030,0.02000000,0
1531160554205,1531160554202,20699094,0.00203030,1.00000000,0
1531160555180,1531160555177,20699095,0.00203010,0.27000000,1
1531160555741,1531160555739,20699096,0.00203010,3.99000000,1
1531160557130,1531160557126,20699097,0.00203030,0.01000000,0
1531160557542,1531160557538,20699098,0.00203030,0.01000000,0
1531160557565,1531160557563,20699099,0.00203030,0.01000000,0
1531160557659,1531160557654,20699100,0.00203030,0.01000000,0
1531160558577,1531160558573,20699101,0.00203030,1.00000000,0
1531160565823,1531160565820,20699102,0.00203030,0.01000000,0
1531160566654,1531160566650,20699103,0.00203010,0.13000000,1
1531160566654,1531160566650,20699104,0.00203000,0.14000000,1
1531160566837,1531160566834,20699105,0.00203030,0.01000000,0
1531160567211,1531160567208,20699106,0.00203030,0.01000000,0
1531160568796,1531160568790,20699107,0.00203030,0.01000000,0
1531160569028,1531160569024,20699108,0.00203030,0.01000000,0
1531160569143,1531160569137,20699109,0.00203030,0.01000000,0
1531160569763,1531160569761,20699110,0.00203030,0.02000000,0
1531160569990,1531160569985,20699111,0.00203000,6.58000000,1
1531160569990,1531160569985,20699112,0.00202990,1.28000000,1
1531160569990,1531160569985,20699113,0.00202980,1.28000000,1
1531160569990,1531160569985,20699114,0.00202970,1.28000000,1
1531160569990,1531160569985,20699115,0.00202890,5.66000000,1
1531160569990,1531160569985,20699116,0.00202860,30.65000000,1
1531160569992,1531160569991,20699117,0.00202860,0.01000000,1
1531160571119,1531160571116,20699118,0.00203030,0.01000000,0
1531160571252,1531160571249,20699119,0.00203030,0.01000000,0
1531160574422,1531160574419,20699120,0.00203030,7.00000000,0
1531160574633,1531160574629,20699121,0.00203030,0.01000000,0
1531160574776,1531160574773,20699122,0.00203030,11.36000000,0
1531160574832,1531160574828,20699123,0.00203170,0.01000000,0
1531160579149,1531160579148,20699124,0.00203050,2.00000000,1
1531160583302,1531160583298,20699125,0.00203170,0.01000000,0
1531160584095,1531160584093,20699126,0.00203050,2.00000000,1
1531160584120,1531160584117,20699127,0.00203040,6.00000000,1
1531160584921,1531160584918,20699128,0.00203170,3.40000000,0
1531160585541,1531160585538,20699129,0.00203170,0.01000000,0
1531160594938,1531160594934,20699130,0.00203040,0.27000000,1
1531160595810,1531160595808,20699131,0.00203040,0.23000000,1
1531160598220,1531160598215,20699132,0.00203190,18.00000000,0
1531160598220,1531160598215,20699133,0.00203210,23.14000000,0
1531160601520,1531160601516,20699134,0.00203200,10.65000000,0
1531160602367,1531160602364,20699135,0.00203200,2.00000000,0
1531160602648,1531160602646,20699136,0.00203170,2.06000000,1
1531160606082,1531160606078,20699137,0.00203210,0.01000000,0
1531160611470,1531160611468,20699138,0.00203210,0.03000000,0
1531160613888,1531160613888,20699139,0.00203210,0.05000000,0
1531160614454,1531160614451,20699140,0.00203210,0.01000000,0
1531160614583,1531160614579,20699141,0.00203210,0.01000000,0
1531160614874,1531160614871,20699142,0.00203210,4.00000000,0
1531160616103,1531160616100,20699143,0.00203210,0.01000000,0
1531160619919,1531160619915,20699144,0.00203170,0.02000000,0
1531160621540,1531160621539,20699145,0.00203050,0.50000000,1
1531160621540,1531160621539,20699146,0.00203040,2.34000000,1
1531160625241,1531160625238,20699147,0.00203170,0.07000000,0
1531160630877,1531160630875,20699148,0.00203040,0.51000000,1
1531160631392,1531160631389,20699149,0.00203170,0.08000000,0
1531160633853,1531160633850,20699150,0.00203170,1.00000000,0
1531160636222,1531160636220,20699151,0.00203170,0.01000000,0
1531160636353,1531160636352,20699152,0.00203170,0.01000000,0
1531160642647,1531160642642,20699153,0.00203160,0.01000000,0
1531160643094,1531160643091,20699154,0.00203160,1.87000000,0
1531160644040,1531160644036,20699155,0.00203160,0.50000000,0
1531160646447,1531160646444,20699156,0.00203050,0.21000000,1
1531160654173,1531160654168,20699157,0.00203160,4.53000000,0
1531160659166,1531160659162,20699158,0.00203050,3.62000000,1
1531160659166,1531160659162,20699159,0.00203040,8.36000000,1
1531160666326,1531160666322,20699160,0.00203160,2.43000000,0
1531160669408,1531160669403,20699161,0.00203160,7.40000000,0
1531160671400,1531160671397,20699162,0.00203160,1.43000000,0
1531160672722,1531160672718,20699163,0.00203160,0.01000000,0
1531160672849,1531160672844,20699164,0.00203160,0.01000000,0
1531160673061,1531160673056,20699165,0.00203050,2.00000000,1
1531160673062,1531160673056,20699166,0.00203040,11.47000000,1
1531160673062,1531160673056,20699167,0.00203030,4.92000000,1
1531160673062,1531160673056,20699168,0.00203010,1.28000000,1
1531160673062,1531160673056,20699169,0.00203000,1.81000000,1
1531160673062,1531160673056,20699170,0.00202990,1.28000000,1
1531160673062,1531160673056,20699171,0.00202980,1.28000000,1
1531160673062,1531160673056,20699172,0.00202970,1.28000000,1
1531160673062,1531160673056,20699173,0.00202960,1.00000000,1
1531160673062,1531160673056,20699174,0.00202870,4.02000000,1
1531160673197,1531160673195,20699175,0.00203160,0.01000000,0
1531160676189,1531160676185,20699176,0.00203140,0.01000000,0
1531160677172,1531160677168,20699177,0.00203140,2.00000000,0
1531160679181,1531160679178,20699178,0.00203140,0.01000000,0
1531160687580,1531160687577,20699179,0.00203130,0.72000000,0
1531160688208,1531160688204,20699180,0.00203130,0.55000000,0
1531160690307,1531160690303,20699181,0.00203130,0.01000000,0
1531160690435,1531160690432,20699182,0.00203130,0.01000000,0
1531160691016,1531160691014,20699183,0.00203130,17.71000000,0
1531160699878,1531160699875,20699184,0.00203140,1.00000000,0
1531160701166,1531160701161,20699185,0.00203140,0.31000000,0
1531160701166,1531160701161,20699186,0.00203160,9.70000000,0
1531160701166,1531160701161,20699187,0.00203170,13.89000000,0
1531160704172,1531160704168,20699188,0.00203170,18.90000000,0
1531160705412,1531160705407,20699189,0.00203170,0.10000000,0
1531160705788,1531160705786,20699190,0.00203170,9.00000000,0
1531160705825,1531160705822,20699191,0.00203170,0.79000000,0
1531160705825,1531160705822,20699192,0.00203210,5.74000000,0
1531160705825,1531160705822,20699193,0.00203220,901.17000000,0
1531160706062,1531160706062,20699194,0.00203220,0.06000000,0
1531160706156,1531160706152,20699195,0.00203260,4.00000000,0
1531160707078,1531160707075,20699196,0.00203260,0.08000000,0
1531160707096,1531160707092,20699197,0.00203280,1.00000000,0
1531160709084,1531160709079,20699198,0.00203360,25.00000000,0
1531160709789,1531160709785,20699199,0.00203370,10.00000000,0
1531160711088,1531160711083,20699200,0.00203390,6.00000000,0
1531160711207,1531160711204,20699201,0.00203390,9.27000000,1
1531160711442,1531160711439,20699202,0.00203390,35.61000000,1
1531160711454,1531160711450,20699203,0.00203390,64.12000000,1
1531160712788,1531160712784,20699204,0.00203170,109.00000000,0
1531160713092,1531160713087,20699205,0.00203170,0.50000000,0
1531160716290,1531160716287,20699206,0.00203420,0.01000000,0
1531160716538,1531160716533,20699207,0.00203280,0.01000000,0
1531160716791,1531160716786,20699208,0.00203280,1.00000000,0
1531160717113,1531160717110,20699209,0.00203280,0.27000000,0
1531160720113,1531160720110,20699210,0.00203420,0.48000000,0
1531160720185,1531160720181,20699211,0.00203420,20.65000000,1
1531160720919,1531160720916,20699212,0.00203420,1.00000000,1
1531160721049,1531160721046,20699213,0.00203420,1.00000000,1
1531160722555,1531160722553,20699214,0.00203460,2.00000000,0
1531160722952,1531160722948,20699215,0.00203460,0.01000000,0
1531160723235,1531160723230,20699216,0.00203460,0.01000000,0
1531160723239,1531160723235,20699217,0.00203460,0.01000000,0
1531160723277,1531160723273,20699218,0.00203460,0.01000000,0
1531160724312,1531160724308,20699219,0.00203420,0.23000000,1
1531160725123,1531160725122,20699220,0.00203450,2.39000000,0
1531160726080,1531160726076,20699221,0.00203460,0.42000000,0
1531160726080,1531160726076,20699222,0.00203470,1.58000000,0
1531160726134,1531160726131,20699223,0.00203470,22.80000000,0
1531160726246,1531160726243,20699224,0.00203350,2.46000000,1
1531160727141,1531160727138,20699225,0.00203500,9.83000000,0
1531160728145,1531160728139,20699226,0.00203530,0.57000000,0
1531160729074,1531160729070,20699227,0.00203500,321.37000000,1
1531160732993,1531160732990,20699228,0.00203420,0.54000000,1
1531160737146,1531160737142,20699229,0.00203500,3.42000000,0
1531160738151,1531160738149,20699230,0.00203500,2.79000000,0
1531160739143,1531160739139,20699231,0.00203550,12.49000000,0
1531160742109,1531160742104,20699232,0.00203420,0.46000000,1
1531160742109,1531160742104,20699233,0.00203400,17.15000000,1
1531160742538,1531160742535,20699234,0.00203400,32.85000000,1
1531160742547,1531160742542,20699235,0.00203400,0.02000000,0
1531160742547,1531160742542,20699236,0.00203550,4.94000000,0
1531160743098,1531160743096,20699237,0.00203350,47.54000000,1
1531160745556,1531160745553,20699238,0.00203350,0.01000000,0
1531160745685,1531160745682,20699239,0.00203550,0.01000000,0
1531160745948,1531160745944,20699240,0.00203550,0.01000000,0
1531160746084,1531160746080,20699241,0.00203550,0.01000000,0
1531160746948,1531160746945,20699242,0.00203550,2.97000000,0
1531160748735,1531160748733,20699243,0.00203290,0.21000000,1
1531160749342,1531160749340,20699244,0.00203290,0.27000000,1
1531160751051,1531160751048,20699245,0.00203550,0.01000000,0
1531160752440,1531160752436,20699246,0.00203550,3.94000000,0
1531160760055,1531160760052,20699247,0.00203550,0.01000000,0
1531160760183,1531160760180,20699248,0.00203540,0.01000000,0
1531160762857,1531160762854,20699249,0.00203490,0.01000000,0
1531160762993,1531160762988,20699250,0.00203490,0.01000000,0
1531160765965,1531160765961,20699251,0.00203480,18.00000000,0
1531160765965,1531160765961,20699252,0.00203490,29.98000000,0
1531160765965,1531160765961,20699253,0.00203500,1.23000000,0
1531160780047,1531160780043,20699254,0.00203490,2.99000000,0
1531160780047,1531160780043,20699255,0.00203500,1.06000000,0
1531160782047,1531160782042,20699256,0.00203490,24.00000000,0
1531160782049,1531160782047,20699257,0.00203490,24.00000000,0
1531160782053,1531160782049,20699258,0.00203490,14.00000000,0
1531160782122,1531160782119,20699259,0.00203500,2.00000000,0
1531160782189,1531160782186,20699260,0.00203490,10.00000000,1
1531160782722,1531160782718,20699261,0.00203490,0.01000000,0
1531160782853,1531160782850,20699262,0.00203490,0.01000000,0
1531160784081,1531160784077,20699263,0.00203490,5.85000000,0
1531160784081,1531160784077,20699264,0.00203500,8.85000000,0
1531160784081,1531160784077,20699265,0.00203510,2.88000000,0
1531160784081,1531160784077,20699266,0.00203550,22.38000000,0
1531160784081,1531160784077,20699267,0.00203560,3.73000000,0
1531160784081,1531160784077,20699268,0.00203570,1.25000000,0
1531160785005,1531160785001,20699269,0.00203290,0.06000000,1
1531160791050,1531160791045,20699270,0.00203310,0.53000000,1
1531160792410,1531160792405,20699271,0.00203570,0.10000000,0
1531160793458,1531160793455,20699272,0.00203570,0.03000000,0
1531160796382,1531160796379,20699273,0.00203330,2.47000000,1
1531160798025,1531160798021,20699274,0.00203570,0.13000000,0
1531160802054,1531160802053,20699275,0.00203570,0.01000000,0
1531160802189,1531160802185,20699276,0.00203570,0.01000000,0
1531160802213,1531160802212,20699277,0.00203570,0.01000000,0
1531160802794,1531160802792,20699278,0.00203410,1.00000000,0
1531160803633,1531160803629,20699279,0.00203320,2.49000000,1
1531160804881,1531160804877,20699280,0.00203410,0.01000000,0
1531160811796,1531160811792,20699281,0.00203410,0.27000000,0
1531160811796,1531160811792,20699282,0.00203420,0.73000000,0
1531160817067,1531160817061,20699283,0.00203420,0.55000000,0
1531160819793,1531160819790,20699284,0.00203320,17.41000000,1
1531160819948,1531160819944,20699285,0.00203320,7.13000000,1
1531160820166,1531160820163,20699286,0.00203320,10.20000000,0
1531160821407,1531160821403,20699287,0.00203320,0.08000000,0
1531160821407,1531160821403,20699288,0.00203420,1.28000000,0
1531160821407,1531160821403,20699289,0.00203430,1.28000000,0
1531160821407,1531160821403,20699290,0.00203560,2.27000000,0
1531160826023,1531160826020,20699291,0.00203550,0.01000000,0
1531160834923,1531160834919,20699292,0.00203550,1.46000000,0
1531160834923,1531160834919,20699293,0.00203560,0.54000000,0
1531160835470,1531160835466,20699294,0.00203560,27.19000000,0
1531160835470,1531160835466,20699295,0.00203570,30.37000000,0
1531160840900,1531160840897,20699296,0.00203560,0.01000000,0
1531160842284,1531160842282,20699297,0.00203560,0.01000000,0
1531160842419,1531160842418,20699298,0.00203560,0.01000000,0
1531160844036,1531160844034,20699299,0.00203560,0.01000000,0
1531160847047,1531160847046,20699300,0.00203560,0.01000000,0
1531160850528,1531160850525,20699301,0.00203560,0.01000000,0
1531160853220,1531160853220,20699302,0.00203550,0.01000000,0
1531160855659,1531160855655,20699303,0.00203550,0.01000000,0
1531160855784,1531160855780,20699304,0.00203550,0.01000000,0
1531160855907,1531160855902,20699305,0.00203550,0.01000000,0
1531160858904,1531160858899,20699306,0.00203550,0.01000000,0
1531160861882,1531160861881,20699307,0.00203550,0.01000000,0
1531160863957,1531160863954,20699308,0.00203330,1.00000000,1
1531160865195,1531160865195,20699309,0.00203550,0.01000000,0
1531160865273,1531160865270,20699310,0.00203330,0.01000000,1
1531160867326,1531160867322,20699311,0.00203550,1.00000000,0
1531160867877,1531160867874,20699312,0.00203550,0.01000000,0
1531160871218,1531160871216,20699313,0.00203550,0.01000000,0
1531160871439,1531160871435,20699314,0.00203550,3.92000000,0
1531160871690,1531160871686,20699315,0.00203550,6.08000000,1
1531160871775,1531160871771,20699316,0.00203340,0.60000000,1
1531160871775,1531160871771,20699317,0.00203330,4.92000000,1
1531160872203,1531160872199,20699318,0.00203560,0.10000000,0
1531160872808,1531160872805,20699319,0.00203450,1.00000000,0
1531160873888,1531160873883,20699320,0.00203450,0.01000000,0
1531160877544,1531160877539,20699321,0.00203450,0.01000000,0
1531160879449,1531160879446,20699322,0.00203450,0.01000000,0
1531160879582,1531160879577,20699323,0.00203450,0.01000000,0
1531160880740,1531160880736,20699324,0.00203450,0.01000000,0
1531160882914,1531160882909,20699325,0.00203450,0.01000000,0
1531160886020,1531160886016,20699326,0.00203450,0.01000000,0
1531160889565,1531160889562,20699327,0.00203450,0.21000000,0
1531160889566,1531160889562,20699328,0.00203460,1.28000000,0
1531160889566,1531160889562,20699329,0.00203470,1.28000000,0
1531160889566,1531160889562,20699330,0.00203560,2.23000000,0
1531160893479,1531160893477,20699331,0.00203560,0.63000000,0
1531160903197,1531160903193,20699332,0.00203570,1.00000000,0
1531160903348,1531160903344,20699333,0.00203560,0.82000000,1
1531160904059,1531160904056,20699334,0.00203560,0.01000000,0
1531160904356,1531160904355,20699335,0.00203560,0.50000000,0
1531160906328,1531160906324,20699336,0.00203330,2.99000000,1
1531160906340,1531160906336,20699337,0.00203560,0.16000000,0
1531160906340,1531160906336,20699338,0.00203570,1.84000000,0
1531160907052,1531160907049,20699339,0.00203570,0.01000000,0
1531160908448,1531160908444,20699340,0.00203560,4.73000000,1
1531160919911,1531160919907,20699341,0.00203520,0.02000000,0
1531160922327,1531160922322,20699342,0.00203520,0.01000000,0
1531160922463,1531160922462,20699343,0.00203520,0.01000000,0
1531160923981,1531160923978,20699344,0.00203520,0.64000000,0
1531160929486,1531160929481,20699345,0.00203520,0.60000000,0
1531160929486,1531160929481,20699346,0.00203530,1.28000000,0
1531160929486,1531160929481,20699347,0.00203560,0.12000000,0
1531160930429,1531160930424,20699348,0.00203560,4.91000000,0
1531160930660,1531160930656,20699349,0.00203520,9.74000000,1
1531160934482,1531160934478,20699350,0.00203520,0.10000000,1
1531160934625,1531160934622,20699351,0.00203520,1.18000000,0
1531160934625,1531160934622,20699352,0.00203540,0.82000000,0
1531160935228,1531160935224,20699353,0.00203540,0.46000000,0
1531160935228,1531160935224,20699354,0.00203560,5.07000000,0
1531160935228,1531160935224,20699355,0.00203570,9.20000000,0
1531160946236,1531160946233,20699356,0.00203560,5.00000000,0
1531160946236,1531160946233,20699357,0.00203570,9.73000000,0
1531160947982,1531160947978,20699358,0.00203560,5.58000000,1
1531160948013,1531160948008,20699359,0.00203560,0.06000000,1
1531160948569,1531160948563,20699360,0.00203320,0.51000000,1
1531160951426,1531160951422,20699361,0.00203560,0.01000000,0
1531160952141,1531160952137,20699362,0.00203560,0.01000000,0
1531160957612,1531160957608,20699363,0.00203440,0.74000000,1
1531160958442,1531160958437,20699364,0.00203530,104.00000000,0
1531160958442,1531160958437,20699365,0.00203560,7.20000000,0
1531160958442,1531160958437,20699366,0.00203570,2.24000000,0
1531160958442,1531160958437,20699367,0.00203580,1.28000000,0
1531160958442,1531160958437,20699368,0.00203600,0.87000000,0
1531160958442,1531160958437,20699369,0.00203620,15.89000000,0
1531160958457,1531160958457,20699370,0.00203520,5.05000000,0
1531160960267,1531160960263,20699371,0.00203520,0.03000000,0
1531160967069,1531160967065,20699372,0.00203550,0.01000000,0
1531160967127,1531160967123,20699373,0.00203550,0.01000000,0
1531160968188,1531160968184,20699374,0.00203550,1.30000000,0
1531160970530,1531160970525,20699375,0.00203540,22.60000000,0
1531160975213,1531160975208,20699376,0.00203520,14.73000000,0
1531160978129,1531160978124,20699377,0.00203510,4.91000000,0
1531160980471,1531160980468,20699378,0.00203440,0.21000000,1
1531160980674,1531160980670,20699379,0.00203500,32.00000000,0
1531160980674,1531160980670,20699380,0.00203510,28.09000000,0
1531160980674,1531160980670,20699381,0.00203560,20.43000000,0
1531160981233,1531160981229,20699382,0.00203440,1.19000000,1
1531160981874,1531160981872,20699383,0.00203560,7.16000000,0
1531160986445,1531160986440,20699384,0.00203440,44.77000000,1
1531160987321,1531160987316,20699385,0.00203440,0.01000000,0
1531160987321,1531160987316,20699386,0.00203510,0.99000000,0
1531160990820,1531160990816,20699387,0.00203510,8.83000000,0
1531160990820,1531160990816,20699388,0.00203560,59.18000000,0
1531160994322,1531160994321,20699389,0.00203560,1.00000000,0
1531160995803,1531160995799,20699390,0.00203560,0.01000000,0
1531160995828,1531160995824,20699391,0.00203560,0.01000000,0
1531161000059,1531161000054,20699392,0.00203560,0.01000000,0
1531161000198,1531161000195,20699393,0.00203560,0.01000000,0
1531161000574,1531161000571,20699394,0.00203570,1.00000000,0
1531161000884,1531161000881,20699395,0.00203570,0.28000000,0
1531161000884,1531161000881,20699396,0.00203580,0.70000000,0
1531161001093,1531161001089,20699397,0.00203330,4.48000000,1
1531161002586,1531161002581,20699398,0.00203520,0.01000000,0
1531161002687,1531161002682,20699399,0.00203520,0.01000000,0
1531161009282,1531161009281,20699400,0.00203520,7.37000000,0
1531161010100,1531161010096,20699401,0.00203520,2.43000000,0
1531161010235,1531161010232,20699402,0.00203520,6.00000000,1
1531161017620,1531161017616,20699403,0.00203520,0.25000000,1
1531161017976,1531161017973,20699404,0.00203520,0.21000000,1
1531161018590,1531161018586,20699405,0.00203520,0.24000000,1
1531161018590,1531161018586,20699406,0.00203340,4.25000000,1
1531161018726,1531161018724,20699407,0.00203580,0.58000000,0
1531161018726,1531161018724,20699408,0.00203590,1.28000000,0
1531161018726,1531161018724,20699409,0.00203600,0.14000000,0
1531161021503,1531161021499,20699410,0.00203600,0.01000000,0
1531161021715,1531161021710,20699411,0.00203340,1.84000000,1
1531161021715,1531161021710,20699412,0.00203330,10.15000000,1
1531161021715,1531161021710,20699413,0.00203310,10.80000000,1
1531161021715,1531161021710,20699414,0.00203290,2.00000000,1
1531161021715,1531161021710,20699415,0.00203240,34.62000000,1
1531161021715,1531161021710,20699416,0.00203230,11.00000000,1
1531161021715,1531161021710,20699417,0.00203220,59.78000000,1
1531161023992,1531161023989,20699418,0.00203570,1.50000000,0
1531161025151,1531161025146,20699419,0.00203560,0.10000000,0
1531161034234,1531161034229,20699420,0.00203510,0.54000000,0
1531161044058,1531161044053,20699421,0.00203530,1.47000000,0
1531161068051,1531161068047,20699422,0.00203530,1.00000000,0
1531161070209,1531161070175,20699423,0.00203540,0.01000000,0
1531161070304,1531161070298,20699424,0.00203540,0.01000000,0
1531161070478,1531161070475,20699425,0.00203350,2.00000000,1
1531161071855,1531161071850,20699426,0.00203530,0.01000000,0
1531161071987,1531161071983,20699427,0.00203530,0.01000000,0
1531161075282,1531161075281,20699428,0.00203510,0.14000000,0
1531161076688,1531161076683,20699429,0.00203510,0.36000000,0
1531161082307,1531161082302,20699430,0.00203500,19.35000000,0
1531161082353,1531161082349,20699431,0.00203500,7.65000000,0
1531161082353,1531161082349,20699432,0.00203510,30.99000000,0
1531161082353,1531161082349,20699433,0.00203520,32.00000000,0
1531161082353,1531161082349,20699434,0.00203540,1.29000000,0
1531161086388,1531161086385,20699435,0.00203540,0.01000000,0
1531161086518,1531161086513,20699436,0.00203540,0.01000000,0
1531161086689,1531161086686,20699437,0.00203540,0.49000000,0
1531161101895,1531161101891,20699438,0.00203510,0.76000000,1
1531161101895,1531161101891,20699439,0.00203350,0.63000000,1
1531161102644,1531161102640,20699440,0.00203540,0.66000000,0
1531161102644,1531161102640,20699441,0.00203550,1.34000000,0
1531161105872,1531161105867,20699442,0.00203550,0.45000000,0
1531161105872,1531161105867,20699443,0.00203600,1.13000000,0
1531161105872,1531161105867,20699444,0.00203610,1.28000000,0
1531161105872,1531161105867,20699445,0.00203620,1.28000000,0
1531161105872,1531161105867,20699446,0.00203640,1.28000000,0
1531161105872,1531161105867,20699447,0.00203660,23.99000000,0
1531161105872,1531161105867,20699448,0.00203670,4.29000000,0
1531161105909,1531161105905,20699449,0.00203670,13.00000000,1
1531161105912,1531161105909,20699450,0.00203670,2.39000000,1
1531161113489,1531161113484,20699451,0.00203480,2.00000000,0
1531161117357,1531161117353,20699452,0.00203350,2.66000000,1
1531161120988,1531161120985,20699453,0.00203480,0.28000000,0
1531161120988,1531161120985,20699454,0.00203540,1.65000000,0
1531161125628,1531161125624,20699455,0.00203540,10.00000000,0
1531161127525,1531161127520,20699456,0.00203480,0.10000000,0
1531161130076,1531161130071,20699457,0.00203480,0.01000000,0
1531161130159,1531161130157,20699458,0.00203480,0.01000000,0
1531161130249,1531161130246,20699459,0.00203480,0.01000000,0
1531161130391,1531161130388,20699460,0.00203360,30.02000000,1
1531161133414,1531161133409,20699461,0.00203350,12.10000000,1
1531161136413,1531161136410,20699462,0.00203330,1.28000000,1
1531161139419,1531161139416,20699463,0.00203320,1.28000000,1
1531161140423,1531161140419,20699464,0.00203500,0.50000000,0
1531161142443,1531161142437,20699465,0.00203310,1.28000000,1
1531161145333,1531161145329,20699466,0.00203460,0.01000000,0
1531161145425,1531161145421,20699467,0.00203300,1.28000000,1
1531161145487,1531161145483,20699468,0.00203460,0.01000000,0
1531161148440,1531161148434,20699469,0.00203290,1.28000000,1
1531161149603,1531161149598,20699470,0.00203440,0.01000000,0
1531161151492,1531161151487,20699471,0.00203280,1.28000000,1
1531161156852,1531161156847,20699472,0.00203410,2.83000000,0
1531161158805,1531161158801,20699473,0.00203380,3.51000000,0
1531161164653,1531161164650,20699474,0.00203280,2.00000000,1
1531161165190,1531161165187,20699475,0.00203280,4.92000000,0
1531161165877,1531161165873,20699476,0.00203280,0.01000000,0
1531161165937,1531161165932,20699477,0.00203280,0.01000000,0
1531161167051,1531161167046,20699478,0.00203280,1.53000000,0
1531161179305,1531161179300,20699479,0.00203280,0.07000000,0
1531161186541,1531161186537,20699480,0.00203280,0.01000000,0
1531161186672,1531161186668,20699481,0.00203280,0.01000000,0
1531161193217,1531161193214,20699482,0.00203280,0.01000000,0
1531161193352,1531161193348,20699483,0.00203280,0.01000000,0
1531161193908,1531161193903,20699484,0.00203280,3.14000000,0
1531161201174,1531161201171,20699485,0.00203280,4.45000000,0
1531161205549,1531161205547,20699486,0.00203280,0.10000000,0
1531161208599,1531161208597,20699487,0.00203280,1.92000000,0
1531161208599,1531161208597,20699488,0.00203310,3.79000000,0
1531161208599,1531161208597,20699489,0.00203380,4.27000000,0
1531161209304,1531161209301,20699490,0.00203380,0.10000000,0
1531161218252,1531161218248,20699491,0.00203440,7.89000000,0
1531161220817,1531161220814,20699492,0.00203280,0.01000000,1
1531161221486,1531161221482,20699493,0.00203430,0.01000000,0
1531161221612,1531161221608,20699494,0.00203430,0.01000000,0
1531161225229,1531161225225,20699495,0.00203400,0.01000000,0
1531161225355,1531161225351,20699496,0.00203400,0.01000000,0
1531161227366,1531161227362,20699497,0.00203400,0.01000000,0
1531161227505,1531161227501,20699498,0.00203400,0.01000000,0
1531161231384,1531161231378,20699499,0.00203400,0.03000000,0
1531161250979,1531161250975,20699500,0.00203430,5.00000000,0
1531161259847,1531161259843,20699501,0.00203400,0.58000000,0
1531161260246,1531161260241,20699502,0.00203430,0.01000000,0
1531161262327,1531161262322,20699503,0.00203430,0.01000000,0
1531161262459,1531161262454,20699504,0.00203430,0.01000000,0
1531161264120,1531161264116,20699505,0.00203430,3.00000000,0
1531161265015,1531161265011,20699506,0.00203430,1.00000000,0
1531161273274,1531161273270,20699507,0.00203430,0.99000000,0
1531161276732,1531161276726,20699508,0.00203280,10.59000000,1
1531161276732,1531161276726,20699509,0.00203270,5.07000000,1
1531161276732,1531161276726,20699510,0.00203250,1.28000000,1
1531161276732,1531161276726,20699511,0.00203240,2.14000000,1
1531161276732,1531161276726,20699512,0.00203230,1.28000000,1
1531161276732,1531161276726,20699513,0.00203180,0.50000000,1
1531161276732,1531161276726,20699514,0.00203170,4.90000000,1
1531161276732,1531161276726,20699515,0.00203150,0.50000000,1
1531161276732,1531161276726,20699516,0.00203140,1.13000000,1
1531161276732,1531161276726,20699517,0.00203110,40.24000000,1
1531161276732,1531161276726,20699518,0.00203070,25.00000000,1
1531161276732,1531161276726,20699519,0.00203050,317.37000000,1
1531161276809,1531161276804,20699520,0.00203170,11.00000000,0
1531161281273,1531161281268,20699521,0.00203140,1.43000000,1
1531161281273,1531161281268,20699522,0.00203070,34.00000000,1
1531161281273,1531161281268,20699523,0.00203060,87.00000000,1
1531161281273,1531161281268,20699524,0.00203050,16.71000000,1
1531161282048,1531161282044,20699525,0.00203050,0.07000000,1
1531161282074,1531161282071,20699526,0.00203050,0.08000000,1
1531161282388,1531161282385,20699527,0.00203170,0.01000000,0
1531161282520,1531161282518,20699528,0.00203170,0.01000000,0
1531161285139,1531161285134,20699529,0.00203170,0.10000000,0
1531161285213,1531161285211,20699530,0.00203170,0.01000000,0
1531161287151,1531161287147,20699531,0.00203170,0.14000000,0
1531161287151,1531161287147,20699532,0.00203410,5.73000000,0
1531161287153,1531161287150,20699533,0.00203410,5.88000000,0
1531161287154,1531161287150,20699534,0.00203410,5.88000000,0
1531161287165,1531161287160,20699535,0.00203410,5.88000000,0
1531161288213,1531161288210,20699536,0.00203430,0.01000000,0
1531161289168,1531161289165,20699537,0.00203420,0.01000000,0
1531161291063,1531161291060,20699538,0.00203430,0.01000000,0
1531161322406,1531161322402,20699539,0.00203370,0.70000000,0
1531161322936,1531161322931,20699540,0.00203210,31.00000000,1
1531161322936,1531161322931,20699541,0.00203200,17.03000000,1
1531161322936,1531161322931,20699542,0.00203140,1.36000000,1
1531161322936,1531161322931,20699543,0.00203130,1.51000000,1
1531161322936,1531161322931,20699544,0.00203120,1.51000000,1
1531161322936,1531161322931,20699545,0.00203110,1.58000000,1
1531161322936,1531161322931,20699546,0.00203070,66.88000000,1
1531161327193,1531161327188,20699547,0.00203360,0.73000000,0
1531161327982,1531161327978,20699548,0.00203360,0.01000000,0
1531161328118,1531161328115,20699549,0.00203360,0.01000000,0
1531161329807,1531161329804,20699550,0.00203360,0.50000000,0
1531161330996,1531161330991,20699551,0.00203380,0.01000000,0
1531161331029,1531161331027,20699552,0.00203380,0.01000000,0
1531161334736,1531161334733,20699553,0.00203150,0.54000000,1
1531161336142,1531161336139,20699554,0.00203160,0.55000000,1
1531161340271,1531161340268,20699555,0.00203370,0.01000000,0
1531161342255,1531161342251,20699556,0.00203370,0.01000000,0
1531161344904,1531161344899,20699557,0.00203370,0.01000000,0
1531161345459,1531161345455,20699558,0.00203370,0.10000000,0
1531161348164,1531161348161,20699559,0.00203370,1.81000000,0
1531161348536,1531161348532,20699560,0.00203370,0.01000000,0
1531161350908,1531161350905,20699561,0.00203360,0.01000000,0
1531161353907,1531161353904,20699562,0.00203340,0.01000000,0
1531161355864,1531161355859,20699563,0.00203340,0.01000000,0
1531161355992,1531161355988,20699564,0.00203340,0.01000000,0
1531161357091,1531161357087,20699565,0.00203350,0.01000000,0
1531161360548,1531161360543,20699566,0.00203350,0.01000000,0
1531161362455,1531161362453,20699567,0.00203140,2.64000000,1
1531161362571,1531161362567,20699568,0.00203330,4.60000000,0
1531161362571,1531161362567,20699569,0.00203350,5.50000000,0
1531161365909,1531161365907,20699570,0.00203350,0.01000000,0
1531161368373,1531161368369,20699571,0.00203140,0.01000000,1
1531161369236,1531161369234,20699572,0.00203350,0.01000000,0
1531161372976,1531161372973,20699573,0.00203350,0.01000000,0
1531161375235,1531161375231,20699574,0.00203350,0.02000000,0
1531161375610,1531161375606,20699575,0.00203350,0.01000000,0
1531161375658,1531161375655,20699576,0.00203350,0.01000000,0
1531161375746,1531161375741,20699577,0.00203350,0.01000000,0
1531161378141,1531161378138,20699578,0.00203350,2.82000000,0
1531161378817,1531161378812,20699579,0.00203360,8.00000000,0
1531161379637,1531161379630,20699580,0.00203350,20.74000000,1
1531161379637,1531161379630,20699581,0.00203320,2.29000000,1
1531161379637,1531161379630,20699582,0.00203130,1.28000000,1
1531161379637,1531161379630,20699583,0.00203100,1.42000000,1
1531161379637,1531161379630,20699584,0.00203070,2.31000000,1
1531161379912,1531161379908,20699585,0.00203360,0.01000000,0
1531161383192,1531161383188,20699586,0.00203330,0.01000000,0
1531161386763,1531161386759,20699587,0.00203330,0.01000000,0
1531161389749,1531161389746,20699588,0.00203330,0.01000000,0
1531161390680,1531161390677,20699589,0.00203330,0.07000000,0
1531161392300,1531161392296,20699590,0.00203330,0.01000000,0
1531161392426,1531161392423,20699591,0.00203330,0.01000000,0
1531161392942,1531161392937,20699592,0.00203330,0.01000000,0
1531161398821,1531161398819,20699593,0.00203330,4.00000000,0
1531161405313,1531161405308,20699594,0.00203160,4.16000000,1
1531161409470,1531161409466,20699595,0.00203330,0.01000000,0
1531161409596,1531161409593,20699596,0.00203330,0.01000000,0
1531161416608,1531161416604,20699597,0.00203330,0.83000000,0
1531161416608,1531161416604,20699598,0.00203350,1.17000000,0
1531161417093,1531161417089,20699599,0.00203350,2.00000000,0
1531161418821,1531161418817,20699600,0.00203200,1.01000000,1
1531161418822,1531161418819,20699601,0.00203330,2.00000000,0
1531161419919,1531161419915,20699602,0.00203210,0.52000000,1
1531161428976,1531161428971,20699603,0.00203330,0.04000000,0
1531161430256,1531161430253,20699604,0.00203330,0.01000000,0
1531161430390,1531161430385,20699605,0.00203330,0.01000000,0
1531161432893,1531161432889,20699606,0.00203330,0.96000000,0
1531161434679,1531161434674,20699607,0.00203330,0.01000000,0
1531161434815,1531161434813,20699608,0.00203330,0.01000000,0
1531161435544,1531161435540,20699609,0.00203330,0.01000000,0
1531161435683,1531161435679,20699610,0.00203330,0.01000000,0
1531161449725,1531161449721,20699611,0.00203280,2.00000000,0
1531161450133,1531161450129,20699612,0.00203280,2.00000000,0
1531161453071,1531161453067,20699613,0.00203280,0.01000000,0
1531161456432,1531161456427,20699614,0.00203280,0.01000000,0
1531161459765,1531161459762,20699615,0.00203280,0.01000000,0
1531161466830,1531161466826,20699616,0.00203260,1.00000000,0
1531161472675,1531161472671,20699617,0.00203210,10.00000000,1
1531161476676,1531161476671,20699618,0.00203220,0.43000000,1
1531161477112,1531161477111,20699619,0.00203220,7.28000000,1
1531161477119,1531161477115,20699620,0.00203220,24.00000000,1
1531161479830,1531161479826,20699621,0.00203260,0.10000000,0
1531161479830,1531161479826,20699622,0.00203280,4.90000000,0
1531161483163,1531161483159,20699623,0.00203330,0.02000000,0
1531161486229,1531161486225,20699624,0.00203330,1.00000000,0
1531161489338,1531161489334,20699625,0.00203330,0.80000000,0
1531161490588,1531161490583,20699626,0.00203220,0.01000000,1
1531161491826,1531161491824,20699627,0.00203330,53.00000000,0
1531161492423,1531161492417,20699628,0.00203330,0.01000000,0
1531161492562,1531161492558,20699629,0.00203330,0.01000000,0
1531161493256,1531161493252,20699630,0.00203220,5.81000000,1
1531161493841,1531161493836,20699631,0.00203330,0.70000000,0
1531161494596,1531161494591,20699632,0.00203350,0.01000000,0
1531161494724,1531161494720,20699633,0.00203350,0.01000000,0
1531161495480,1531161495478,20699634,0.00203350,1.92000000,0
1531161496834,1531161496830,20699635,0.00203350,72.00000000,0
1531161501836,1531161501833,20699636,0.00203350,0.96000000,0
1531161501837,1531161501833,20699637,0.00203360,0.88000000,0
1531161501837,1531161501833,20699638,0.00203370,15.16000000,0
1531161502828,1531161502824,20699639,0.00203370,2.00000000,0
1531161509822,1531161509817,20699640,0.00203370,0.24000000,0
1531161509822,1531161509817,20699641,0.00203430,23.76000000,0
1531161509906,1531161509906,20699642,0.00203340,5.11000000,1
1531161509911,1531161509907,20699643,0.00203340,5.11000000,1
1531161510490,1531161510488,20699644,0.00203430,0.95000000,0
1531161510516,1531161510514,20699645,0.00203430,13.32000000,1
1531161510583,1531161510580,20699646,0.00203430,5.23000000,1
1531161510835,1531161510831,20699647,0.00203560,5.00000000,0
1531161513846,1531161513842,20699648,0.00203560,1.00000000,0
1531161514146,1531161514143,20699649,0.00203560,0.03000000,0
1531161518823,1531161518821,20699650,0.00203560,0.46000000,0
1531161518823,1531161518821,20699651,0.00203570,0.54000000,0
1531161523824,1531161523820,20699652,0.00203570,0.95000000,0
1531161523824,1531161523820,20699653,0.00203580,0.05000000,0
1531161525529,1531161525525,20699654,0.00203430,0.27000000,1
1531161525546,1531161525543,20699655,0.00203580,1.00000000,0
1531161526985,1531161526984,20699656,0.00203580,0.01000000,0
1531161527117,1531161527114,20699657,0.00203580,0.01000000,0
1531161530833,1531161530829,20699658,0.00203580,0.42000000,0
1531161530833,1531161530829,20699659,0.00203590,0.58000000,0
1531161542710,1531161542705,20699660,0.00203580,0.74000000,0
1531161545959,1531161545955,20699661,0.00203580,0.54000000,0
1531161546625,1531161546620,20699662,0.00203430,10.00000000,1
1531161546625,1531161546620,20699663,0.00203340,29.78000000,1
1531161549230,1531161549226,20699664,0.00203590,0.91000000,0
1531161549230,1531161549226,20699665,0.00203600,1.09000000,0
1531161552440,1531161552435,20699666,0.00203340,0.22000000,1
1531161552440,1531161552435,20699667,0.00203330,0.05000000,1
1531161557368,1531161557363,20699668,0.00203560,0.01000000,0
1531161557502,1531161557498,20699669,0.00203560,0.01000000,0
1531161562557,1531161562552,20699670,0.00203560,1.26000000,0
1531161565170,1531161565167,20699671,0.00203570,0.10000000,0
1531161567541,1531161567535,20699672,0.00203560,0.16000000,1
1531161575496,1531161575492,20699673,0.00203540,0.30000000,0
1531161581026,1531161581022,20699674,0.00203530,2.00000000,0
1531161588597,1531161588592,20699675,0.00203330,13.69000000,1
1531161590755,1531161590750,20699676,0.00203330,9.89000000,1
1531161591012,1531161591009,20699677,0.00203330,50.00000000,1
1531161591078,1531161591072,20699678,0.00203330,31.00000000,1
1531161591091,1531161591087,20699679,0.00203330,49.95000000,1
1531161595029,1531161595024,20699680,0.00203330,0.01000000,0
1531161595161,1531161595159,20699681,0.00203330,0.01000000,0
1531161597997,1531161597994,20699682,0.00203330,0.01000000,0
1531161598127,1531161598122,20699683,0.00203330,0.01000000,0
1531161599812,1531161599807,20699684,0.00203330,0.01000000,0
1531161601188,1531161601184,20699685,0.00203320,8.05000000,0
1531161601845,1531161601845,20699686,0.00203320,5.00000000,0
1531161608615,1531161608611,20699687,0.00203310,0.03000000,0
1531161609519,1531161609515,20699688,0.00203310,4.38000000,0
1531161615908,1531161615904,20699689,0.00203320,0.96000000,0
1531161627591,1531161627586,20699690,0.00203310,0.01000000,0
1531161629917,1531161629914,20699691,0.00203310,48.72000000,0
1531161631878,1531161631873,20699692,0.00203320,0.01000000,0
1531161633030,1531161633025,20699693,0.00203280,1.28000000,1
1531161633030,1531161633025,20699694,0.00203270,1.28000000,1
1531161633030,1531161633025,20699695,0.00203260,1.28000000,1
1531161633030,1531161633025,20699696,0.00203250,1.28000000,1
1531161633030,1531161633025,20699697,0.00203240,1.28000000,1
1531161633030,1531161633025,20699698,0.00203230,39.29000000,1
1531161635482,1531161635480,20699699,0.00203320,0.54000000,0
1531161635966,1531161635962,20699700,0.00203320,0.01000000,0
1531161640007,1531161640002,20699701,0.00203320,0.01000000,0
1531161641232,1531161641232,20699702,0.00203310,5.87000000,1
1531161642302,1531161642297,20699703,0.00203320,0.01000000,0
1531161642444,1531161642438,20699704,0.00203320,0.01000000,0
1531161642568,1531161642564,20699705,0.00203320,0.01000000,0
1531161644956,1531161644952,20699706,0.00203320,0.01000000,0
1531161647730,1531161647726,20699707,0.00203310,6.24000000,1
1531161649105,1531161649101,20699708,0.00203310,2.64000000,1
1531161653948,1531161653944,20699709,0.00203230,32.92000000,1
1531161653948,1531161653944,20699710,0.00203220,1.00000000,1
1531161653948,1531161653944,20699711,0.00203200,12.02000000,1
1531161653948,1531161653944,20699712,0.00203160,1.18000000,1
1531161653948,1531161653944,20699713,0.00203150,12.95000000,1
1531161654146,1531161654144,20699714,0.00203230,1.00000000,0
1531161655847,1531161655844,20699715,0.00203230,5.00000000,0
1531161656838,1531161656833,20699716,0.00203200,1.28000000,1
1531161656838,1531161656833,20699717,0.00203150,74.54000000,1
1531161657536,1531161657530,20699718,0.00203150,2.79000000,1
1531161657551,1531161657547,20699719,0.00203150,0.01000000,1
1531161660004,1531161659998,20699720,0.00203190,1.28000000,1
1531161660004,1531161659998,20699721,0.00203160,2.56000000,1
1531161662486,1531161662484,20699722,0.00203230,1.30000000,0
1531161668827,1531161668823,20699723,0.00203200,1.00000000,1
1531161671838,1531161671835,20699724,0.00203200,0.28000000,1
1531161671838,1531161671835,20699725,0.00203160,57.72000000,1
1531161672301,1531161672296,20699726,0.00203160,1.26000000,1
1531161672301,1531161672296,20699727,0.00203150,69.04000000,1
1531161672844,1531161672840,20699728,0.00203120,1.00000000,1
1531161673123,1531161673119,20699729,0.00203160,5.04000000,0
1531161673165,1531161673161,20699730,0.00203160,1.00000000,0
1531161674836,1531161674832,20699731,0.00203120,0.28000000,1
1531161674836,1531161674832,20699732,0.00203110,159.72000000,1
1531161675346,1531161675343,20699733,0.00203110,0.71000000,1
1531161675838,1531161675834,20699734,0.00203070,15.00000000,1
1531161678371,1531161678369,20699735,0.00203110,0.58000000,0
1531161678430,1531161678427,20699736,0.00203110,0.81000000,0
1531161678850,1531161678846,20699737,0.00203060,50.00000000,1
1531161679843,1531161679836,20699738,0.00203050,54.00000000,1
1531161684863,1531161684858,20699739,0.00203070,3.24000000,0
1531161688769,1531161688766,20699740,0.00203070,1.00000000,0
1531161690314,1531161690310,20699741,0.00203070,0.84000000,0
1531161690352,1531161690348,20699742,0.00203050,18.84000000,1
1531161693012,1531161693007,20699743,0.00203160,1.00000000,0
1531161696182,1531161696179,20699744,0.00203160,0.01000000,0
1531161696533,1531161696529,20699745,0.00203160,0.01000000,0
1531161698006,1531161698000,20699746,0.00203160,0.05000000,0
1531161707221,1531161707217,20699747,0.00203160,0.01000000,0
1531161709471,1531161709465,20699748,0.00203160,0.01000000,0
1531161725166,1531161725161,20699749,0.00203160,3.08000000,0
1531161725171,1531161725169,20699750,0.00203160,0.10000000,0
1531161725250,1531161725246,20699751,0.00203160,5.00000000,0
1531161727324,1531161727320,20699752,0.00203220,0.01000000,0
1531161727458,1531161727454,20699753,0.00203220,0.01000000,0
1531161728985,1531161728981,20699754,0.00203220,0.07000000,0
1531161734060,1531161734057,20699755,0.00203180,1.28000000,1
1531161745203,1531161745201,20699756,0.00203220,0.10000000,0
1531161750808,1531161750804,20699757,0.00203150,1.28000000,1
1531161753810,1531161753804,20699758,0.00203130,19.33000000,1
1531161754972,1531161754967,20699759,0.00203210,1.71000000,0
1531161754972,1531161754967,20699760,0.00203220,49.81000000,0
1531161755949,1531161755947,20699761,0.00203220,14.76000000,1
1531161756823,1531161756819,20699762,0.00203220,27.05000000,1
1531161758426,1531161758423,20699763,0.00203220,0.01000000,0
1531161758426,1531161758423,20699764,0.00203230,1.99000000,0
1531161759321,1531161759316,20699765,0.00203230,80.08000000,0
1531161762559,1531161762554,20699766,0.00203230,0.01000000,0
1531161762692,1531161762690,20699767,0.00203230,0.01000000,0
1531161769606,1531161769600,20699768,0.00203230,4.92000000,0
1531161786583,1531161786578,20699769,0.00203120,1.28000000,1
1531161787591,1531161787586,20699770,0.00203110,1.28000000,1
1531161788607,1531161788602,20699771,0.00203100,1.84000000,1
1531161789604,1531161789600,20699772,0.00203090,1.28000000,1
1531161797875,1531161797871,20699773,0.00203080,1.28000000,1
1531161803614,1531161803610,20699774,0.00203090,2.88000000,0
1531161809315,1531161809311,20699775,0.00203130,37.63000000,0
1531161813741,1531161813735,20699776,0.00203130,0.01000000,0
1531161817960,1531161817957,20699777,0.00203090,1.28000000,0
1531161819921,1531161819917,20699778,0.00203090,0.03000000,0
1531161825162,1531161825157,20699779,0.00203090,9.33000000,0
1531161832194,1531161832189,20699780,0.00203060,3.45000000,1
1531161832194,1531161832189,20699781,0.00203050,23.27000000,1
1531161835856,1531161835853,20699782,0.00203090,6.00000000,0
1531161838573,1531161838569,20699783,0.00203090,4.79000000,0
1531161838843,1531161838839,20699784,0.00203090,5.00000000,0
1531161839271,1531161839266,20699785,0.00203090,5.00000000,0
1531161842747,1531161842742,20699786,0.00203090,0.03000000,0
1531161844765,1531161844762,20699787,0.00203090,0.01000000,0
1531161844893,1531161844889,20699788,0.00203090,0.01000000,0
1531161845866,1531161845864,20699789,0.00203090,0.01000000,0
1531161846203,1531161846199,20699790,0.00203090,0.01000000,0
1531161856240,1531161856235,20699791,0.00203090,0.10000000,0
1531161858004,1531161858001,20699792,0.00203090,2.29000000,0
1531161872669,1531161872665,20699793,0.00203060,0.21000000,1
1531161872817,1531161872815,20699794,0.00203090,0.54000000,0
1531161874983,1531161874979,20699795,0.00203060,0.06000000,1
1531161876406,1531161876402,20699796,0.00203060,1.01000000,1
1531161876406,1531161876402,20699797,0.00203050,50.88000000,1
1531161877590,1531161877587,20699798,0.00203090,5.15000000,0
1531161879256,1531161879250,20699799,0.00203050,1.10000000,1
1531161881375,1531161881370,20699800,0.00203090,1.00000000,0
1531161882591,1531161882588,20699801,0.00203060,0.02000000,1
1531161885661,1531161885656,20699802,0.00203080,2.40000000,0
1531161885661,1531161885656,20699803,0.00203090,0.04000000,0
1531161889043,1531161889042,20699804,0.00203090,0.01000000,0
1531161889180,1531161889176,20699805,0.00203060,1.26000000,1
1531161889180,1531161889176,20699806,0.00203050,79.79000000,1
1531161889293,1531161889290,20699807,0.00203090,0.01000000,0
1531161901281,1531161901276,20699808,0.00203090,39.36000000,0
1531161901281,1531161901276,20699809,0.00203130,1.36000000,0
1531161901281,1531161901276,20699810,0.00203160,9.84000000,0
1531161901281,1531161901276,20699811,0.00203210,36.00000000,0
1531161901281,1531161901276,20699812,0.00203230,57.86000000,0
1531161903371,1531161903367,20699813,0.00203180,0.01000000,0
1531161903544,1531161903540,20699814,0.00203180,0.01000000,0
1531161903646,1531161903641,20699815,0.00203180,0.01000000,0
1531161905230,1531161905226,20699816,0.00203180,0.01000000,0
1531161905353,1531161905349,20699817,0.00203180,0.01000000,0
1531161905958,1531161905954,20699818,0.00203180,0.01000000,0
1531161906486,1531161906481,20699819,0.00203180,0.01000000,0
1531161906592,1531161906587,20699820,0.00203180,0.01000000,0
1531161910979,1531161910978,20699821,0.00203180,5.00000000,0
1531161912322,1531161912316,20699822,0.00203230,0.10000000,0
1531161912581,1531161912580,20699823,0.00203070,2.26000000,1
1531161918722,1531161918718,20699824,0.00203180,0.53000000,0
1531161922074,1531161922069,20699825,0.00203230,10.00000000,0
1531161922331,1531161922331,20699826,0.00203230,0.01000000,0
1531161922347,1531161922343,20699827,0.00203230,0.01000000,0
1531161922431,1531161922427,20699828,0.00203230,0.01000000,0
1531161922498,1531161922493,20699829,0.00203230,0.01000000,0
1531161935934,1531161935928,20699830,0.00203110,0.54000000,1
1531161936287,1531161936283,20699831,0.00203230,0.01000000,0
1531161939455,1531161939453,20699832,0.00203230,1.10000000,0
1531161939522,1531161939517,20699833,0.00203110,1.10000000,1
1531161939717,1531161939713,20699834,0.00203230,2.00000000,0
1531161939834,1531161939832,20699835,0.00203110,4.20000000,1
1531161940351,1531161940346,20699836,0.00203110,18.96000000,1
1531161943822,1531161943818,20699837,0.00203230,41.10000000,0
1531161944306,1531161944302,20699838,0.00203230,11.00000000,0
1531161944323,1531161944318,20699839,0.00203080,23.65000000,1
1531161944908,1531161944904,20699840,0.00203230,0.01000000,0
1531161945034,1531161945029,20699841,0.00203230,0.01000000,0
1531161947382,1531161947378,20699842,0.00203230,0.01000000,0
1531161947516,1531161947511,20699843,0.00203230,0.01000000,0
1531161947943,1531161947939,20699844,0.00203220,1.47000000,0
1531161951014,1531161951010,20699845,0.00203220,6.80000000,0
1531161956937,1531161956932,20699846,0.00203220,6.89000000,0
1531161957284,1531161957281,20699847,0.00203220,5.00000000,0
1531161962710,1531161962704,20699848,0.00203140,0.27000000,1
1531161963277,1531161963272,20699849,0.00203220,5.00000000,0
1531161963741,1531161963737,20699850,0.00203140,4.32000000,1
1531161964006,1531161964002,20699851,0.00203220,8.69000000,0
1531161964257,1531161964255,20699852,0.00203220,18.76000000,0
1531161965148,1531161965143,20699853,0.00203220,0.10000000,0
1531161975259,1531161975254,20699854,0.00203220,0.15000000,0
1531161975624,1531161975618,20699855,0.00203140,0.21000000,1
1531161976021,1531161976017,20699856,0.00203140,0.20000000,1
1531161976021,1531161976017,20699857,0.00203130,0.07000000,1
1531161976974,1531161976966,20699858,0.00203220,5.00000000,0
1531161978397,1531161978392,20699859,0.00203220,0.96000000,0
1531161978855,1531161978852,20699860,0.00203220,0.01000000,0
1531161978991,1531161978987,20699861,0.00203220,0.01000000,0
1531161979003,1531161978999,20699862,0.00203220,0.01000000,0
1531161980653,1531161980648,20699863,0.00203130,0.15000000,1
1531161984534,1531161984529,20699864,0.00203220,12.37000000,0
1531161985028,1531161985026,20699865,0.00203130,0.23000000,1
1531161988148,1531161988144,20699866,0.00203220,43.74000000,0
1531161988157,1531161988153,20699867,0.00203220,0.44000000,0
1531161990298,1531161990294,20699868,0.00203230,780.00000000,0
1531161990324,1531161990319,20699869,0.00203230,0.04000000,0
1531161990465,1531161990461,20699870,0.00203310,0.36000000,0
1531161991635,1531161991631,20699871,0.00203450,24.45000000,0
1531161991666,1531161991663,20699872,0.00203450,0.25000000,0
1531161991666,1531161991663,20699873,0.00203460,4.75000000,0
1531161992283,1531161992277,20699874,0.00203460,0.25000000,0
1531161992283,1531161992277,20699875,0.00203490,49.95000000,0
1531161992476,1531161992472,20699876,0.00203490,0.05000000,0
1531161992507,1531161992503,20699877,0.00203490,3.00000000,1
1531161992517,1531161992513,20699878,0.00203490,35.16000000,1
1531161992525,1531161992522,20699879,0.00203490,2.98000000,1
1531161992874,1531161992870,20699880,0.00203550,0.13000000,0
1531161993453,1531161993449,20699881,0.00203490,4.66000000,1
1531161993458,1531161993455,20699882,0.00203490,8.69000000,1
1531161994441,1531161994436,20699883,0.00203490,6.25000000,1
1531161997701,1531161997697,20699884,0.00203490,1.28000000,1
1531161998070,1531161998066,20699885,0.00203550,0.17000000,0
1531161998482,1531161998478,20699886,0.00203550,0.98000000,0
1531161999376,1531161999375,20699887,0.00203550,6.11000000,1
1531161999482,1531161999478,20699888,0.00203560,1.28000000,0
1531161999555,1531161999551,20699889,0.00203560,5.26000000,1
1531162002527,1531162002523,20699890,0.00203570,1.28000000,0
1531162003492,1531162003487,20699891,0.00203580,50.00000000,0
1531162003517,1531162003515,20699892,0.00203580,50.00000000,0
1531162003610,1531162003605,20699893,0.00203580,50.00000000,0
1531162003610,1531162003605,20699894,0.00203580,23.00000000,0
1531162003665,1531162003660,20699895,0.00203580,50.00000000,0
1531162003725,1531162003721,20699896,0.00203580,50.00000000,0
1531162004987,1531162004981,20699897,0.00203580,0.01000000,0
1531162007197,1531162007194,20699898,0.00203580,19.80000000,0
1531162007274,1531162007271,20699899,0.00203660,10.10000000,0
1531162007290,1531162007286,20699900,0.00203660,3.74000000,0
1531162007463,1531162007460,20699901,0.00203580,6.99000000,1
1531162008004,1531162008000,20699902,0.00203660,0.01000000,0
1531162008269,1531162008265,20699903,0.00203580,2.25000000,1
1531162008269,1531162008265,20699904,0.00203490,1.18000000,1
1531162008499,1531162008493,20699905,0.00203660,0.62000000,0
1531162008499,1531162008493,20699906,0.00203670,10.00000000,0
1531162009538,1531162009537,20699907,0.00203490,6.50000000,1
1531162010799,1531162010795,20699908,0.00203680,15.00000000,0
1531162010981,1531162010976,20699909,0.00203590,0.01000000,0
1531162011733,1531162011728,20699910,0.00203590,0.85000000,0
1531162011892,1531162011887,20699911,0.00203590,1.00000000,0
1531162012322,1531162012316,20699912,0.00203590,0.91000000,0
1531162012322,1531162012316,20699913,0.00203690,1.50000000,0
1531162012322,1531162012316,20699914,0.00203700,1.90000000,0
1531162012322,1531162012316,20699915,0.00203730,2.03000000,0
1531162014037,1531162014035,20699916,0.00203750,0.01000000,0
1531162014981,1531162014977,20699917,0.00203750,0.01000000,0
1531162015135,1531162015131,20699918,0.00203750,13.60000000,0
1531162015333,1531162015328,20699919,0.00203760,0.01000000,0
1531162017004,1531162017002,20699920,0.00203630,50.00000000,1
1531162017143,1531162017140,20699921,0.00203620,0.01000000,0
1531162017257,1531162017254,20699922,0.00203620,2.00000000,0
1531162017384,1531162017380,20699923,0.00203620,8.28000000,0
1531162020091,1531162020087,20699924,0.00203620,25.73000000,0
1531162020108,1531162020103,20699925,0.00203620,13.00000000,0
1531162021926,1531162021923,20699926,0.00203500,2.67000000,1
1531162023285,1531162023281,20699927,0.00203620,0.10000000,0
1531162023865,1531162023861,20699928,0.00203500,0.27000000,1
1531162026889,1531162026886,20699929,0.00203620,3.00000000,0
1531162028983,1531162028978,20699930,0.00203620,0.03000000,0
1531162030878,1531162030873,20699931,0.00203620,0.23000000,0
1531162030878,1531162030873,20699932,0.00203750,0.59000000,0
1531162030878,1531162030873,20699933,0.00203760,10.18000000,0
1531162032035,1531162032034,20699934,0.00203760,0.01000000,0
1531162032051,1531162032046,20699935,0.00203760,1.80000000,0
1531162032051,1531162032046,20699936,0.00203770,23.20000000,0
1531162032159,1531162032156,20699937,0.00203770,0.01000000,0
1531162033883,1531162033882,20699938,0.00203630,2.00000000,0
1531162034878,1531162034872,20699939,0.00203630,0.77000000,0
1531162034878,1531162034872,20699940,0.00203770,0.23000000,0
1531162035892,1531162035886,20699941,0.00203770,1.00000000,0
1531162035936,1531162035932,20699942,0.00203770,0.01000000,0
1531162036285,1531162036279,20699943,0.00203770,0.01000000,0
1531162036757,1531162036753,20699944,0.00203520,0.26000000,1
1531162037881,1531162037876,20699945,0.00203770,0.54000000,0
1531162037881,1531162037876,20699946,0.00203790,8.46000000,0
1531162038603,1531162038599,20699947,0.00203530,11.38000000,1
1531162038632,1531162038627,20699948,0.00203530,17.05000000,1
1531162038895,1531162038891,20699949,0.00203790,1.00000000,0
1531162039447,1531162039444,20699950,0.00203530,0.27000000,1
1531162039549,1531162039544,20699951,0.00203530,43.23000000,1
1531162040589,1531162040584,20699952,0.00203540,3.57000000,1
1531162041881,1531162041874,20699953,0.00203790,0.09000000,0
1531162041881,1531162041874,20699954,0.00203820,11.91000000,0
1531162042126,1531162042122,20699955,0.00203820,0.09000000,0
1531162042126,1531162042122,20699956,0.00203850,0.11000000,0
1531162042523,1531162042518,20699957,0.00203550,10.00000000,1
1531162049487,1531162049482,20699958,0.00203560,1.71000000,1
1531162049763,1531162049761,20699959,0.00203570,0.23000000,1
1531162050262,1531162050257,20699960,0.00203570,0.25000000,1
1531162056461,1531162056456,20699961,0.00203850,0.01000000,0
1531162056580,1531162056576,20699962,0.00203850,0.01000000,0
1531162063456,1531162063450,20699963,0.00203790,0.01000000,0
1531162063586,1531162063582,20699964,0.00203790,0.01000000,0
1531162067935,1531162067931,20699965,0.00203790,5.88000000,0
1531162068484,1531162068480,20699966,0.00203670,5.02000000,1
1531162068697,1531162068692,20699967,0.00203790,0.35000000,0
1531162073379,1531162073374,20699968,0.00203790,0.15000000,1
1531162074149,1531162074143,20699969,0.00203790,0.01000000,0
1531162077009,1531162077005,20699970,0.00203780,0.01000000,0
1531162079328,1531162079322,20699971,0.00203780,0.01000000,0
1531162080013,1531162080008,20699972,0.00203780,0.01000000,0
1531162080529,1531162080528,20699973,0.00203780,0.01000000,0
1531162080572,1531162080567,20699974,0.00203780,0.01000000,0
1531162083175,1531162083170,20699975,0.00203780,0.04000000,0
1531162098648,1531162098644,20699976,0.00203760,6.53000000,0
1531162107423,1531162107420,20699977,0.00203760,3.68000000,0
1531162111420,1531162111413,20699978,0.00203570,0.67000000,1
1531162112025,1531162112024,20699979,0.00203570,0.09000000,1
1531162112025,1531162112024,20699980,0.00203500,3.57000000,1
1531162112416,1531162112411,20699981,0.00203500,2.94000000,1
1531162113589,1531162113585,20699982,0.00203490,0.27000000,1
1531162113722,1531162113721,20699983,0.00203760,0.01000000,0
1531162117142,1531162117138,20699984,0.00203690,1.00000000,0
1531162117855,1531162117849,20699985,0.00203500,2.48000000,1
1531162117855,1531162117849,20699986,0.00203490,0.79000000,1
1531162118134,1531162118130,20699987,0.00203570,1.39000000,0
1531162118134,1531162118130,20699988,0.00203690,1.61000000,0
1531162118396,1531162118391,20699989,0.00203690,47.39000000,0
1531162118396,1531162118391,20699990,0.00203760,63.14000000,0
1531162122290,1531162122285,20699991,0.00203690,4.69000000,1
1531162122290,1531162122285,20699992,0.00203500,13.63000000,1
1531162124593,1531162124587,20699993,0.00203690,1.00000000,0
1531162134083,1531162134078,20699994,0.00203660,4.91000000,0
1531162137231,1531162137227,20699995,0.00203660,4.91000000,0
1531162142143,1531162142138,20699996,0.00203660,0.01000000,0
1531162142499,1531162142494,20699997,0.00203660,0.01000000,0
1531162143692,1531162143688,20699998,0.00203660,0.04000000,0
1531162143757,1531162143755,20699999,0.00203660,3.00000000,0
1531162150064,1531162150059,20700000,0.00203660,0.01000000,0
1531162150201,1531162150196,20700001,0.00203660,0.01000000,0
1531162152217,1531162152214,20700002,0.00203660,2.24000000,0
1531162152217,1531162152214,20700003,0.00203670,2.35000000,0
1531162152217,1531162152214,20700004,0.00203680,4.00000000,0
1531162152217,1531162152214,20700005,0.00203690,1.91000000,0
1531162152237,1531162152232,20700006,0.00203690,0.01000000,0
1531162152375,1531162152370,20700007,0.00203690,0.01000000,0
1531162155893,1531162155888,20700008,0.00203690,0.01000000,0
1531162156018,1531162156015,20700009,0.00203690,0.01000000,0
1531162159513,1531162159507,20700010,0.00203510,1.74000000,1
1531162160857,1531162160853,20700011,0.00203690,2.56000000,0
1531162160857,1531162160853,20700012,0.00203700,2.67000000,0
1531162160857,1531162160853,20700013,0.00203730,50.00000000,0
1531162160857,1531162160853,20700014,0.00203750,2.48000000,0
1531162160857,1531162160853,20700015,0.00203760,37.63000000,0
1531162161753,1531162161748,20700016,0.00203580,1.28000000,0
1531162161753,1531162161748,20700017,0.00203760,0.72000000,0
1531162167883,1531162167879,20700018,0.00203690,2.00000000,0
1531162171165,1531162171161,20700019,0.00203760,0.01000000,0
1531162171511,1531162171509,20700020,0.00203760,0.01000000,0
1531162173893,1531162173889,20700021,0.00203690,1.00000000,0
1531162175507,1531162175503,20700022,0.00203690,0.60000000,0
1531162175507,1531162175503,20700023,0.00203760,2.40000000,0
1531162180747,1531162180745,20700024,0.00203700,1.60000000,0
1531162185169,1531162185164,20700025,0.00203710,0.01000000,0
1531162185217,1531162185213,20700026,0.00203700,0.92000000,1
1531162186743,1531162186737,20700027,0.00203690,1.47000000,1
1531162186743,1531162186737,20700028,0.00203600,0.74000000,1
1531162187912,1531162187910,20700029,0.00203700,0.57000000,0
1531162187912,1531162187910,20700030,0.00203710,1.43000000,0
1531162188007,1531162188004,20700031,0.00203710,0.01000000,0
1531162189747,1531162189743,20700032,0.00203510,4.02000000,1
1531162190995,1531162190991,20700033,0.00203710,0.01000000,0
1531162194146,1531162194141,20700034,0.00203660,0.01000000,0
1531162194175,1531162194169,20700035,0.00203660,0.01000000,0
1531162194432,1531162194426,20700036,0.00203660,0.01000000,0
1531162194434,1531162194428,20700037,0.00203660,0.01000000,0
1531162194434,1531162194429,20700038,0.00203660,0.01000000,0
1531162196977,1531162196971,20700039,0.00203660,0.01000000,0
1531162197789,1531162197785,20700040,0.00203660,0.01000000,0
1531162197792,1531162197787,20700041,0.00203660,0.01000000,0
1531162200001,1531162199996,20700042,0.00203660,0.01000000,0
1531162203786,1531162203782,20700043,0.00203560,27.00000000,1
1531162205636,1531162205631,20700044,0.00203560,18.00000000,0
1531162205636,1531162205631,20700045,0.00203660,1.19000000,0
1531162209175,1531162209170,20700046,0.00203660,1.28000000,1
1531162216871,1531162216870,20700047,0.00203670,1.28000000,0
1531162216871,1531162216870,20700048,0.00203710,0.64000000,0
1531162220085,1531162220080,20700049,0.00203710,1.93000000,0
1531162228020,1531162228015,20700050,0.00203660,6.02000000,1
1531162228077,1531162228072,20700051,0.00203490,0.27000000,1
1531162229616,1531162229610,20700052,0.00203710,1.38000000,0
1531162233103,1531162233098,20700053,0.00203510,1.13000000,1
1531162234650,1531162234648,20700054,0.00203700,0.30000000,0
1531162234909,1531162234905,20700055,0.00203700,0.98000000,0
1531162234909,1531162234905,20700056,0.00203710,1.28000000,0
1531162234909,1531162234905,20700057,0.00203720,0.63000000,0
1531162236397,1531162236394,20700058,0.00203710,0.53000000,0
1531162236720,1531162236716,20700059,0.00203710,2.57000000,0
1531162236931,1531162236927,20700060,0.00203710,2.41000000,0
1531162237944,1531162237941,20700061,0.00203690,0.01000000,0
1531162238074,1531162238070,20700062,0.00203690,0.01000000,0
1531162239011,1531162239007,20700063,0.00203690,1.26000000,0
1531162239011,1531162239007,20700064,0.00203710,4.30000000,0
1531162239011,1531162239007,20700065,0.00203720,0.97000000,0
1531162239011,1531162239007,20700066,0.00203760,14.23000000,0
1531162239426,1531162239421,20700067,0.00203710,3.15000000,0
1531162240063,1531162240058,20700068,0.00203710,0.01000000,0
1531162240201,1531162240198,20700069,0.00203710,0.01000000,0
1531162240885,1531162240881,20700070,0.00203710,34.24000000,0
1531162240910,1531162240905,20700071,0.00203710,1.47000000,0
1531162243651,1531162243647,20700072,0.00203710,6.00000000,0
1531162244755,1531162244751,20700073,0.00203710,50.58000000,0
1531162246266,1531162246263,20700074,0.00203590,9.66000000,1
1531162246689,1531162246686,20700075,0.00203710,5.02000000,0
1531162246689,1531162246686,20700076,0.00203760,3.93000000,0
1531162247198,1531162247196,20700077,0.00203590,61.34000000,1
1531162247198,1531162247196,20700078,0.00203580,18.00000000,1
1531162247198,1531162247196,20700079,0.00203560,36.00000000,1
1531162247198,1531162247196,20700080,0.00203510,10.00000000,1
1531162247611,1531162247605,20700081,0.00203760,7.44000000,0
1531162247987,1531162247983,20700082,0.00203760,0.01000000,0
1531162248461,1531162248459,20700083,0.00203710,0.01000000,0
1531162248584,1531162248578,20700084,0.00203710,0.01000000,0
1531162249687,1531162249685,20700085,0.00203710,12.22000000,0
1531162250991,1531162250989,20700086,0.00203710,0.01000000,0
1531162251851,1531162251847,20700087,0.00203710,0.01000000,0
1531162251931,1531162251926,20700088,0.00203530,1.02000000,1
1531162251987,1531162251982,20700089,0.00203710,0.01000000,0
1531162254170,1531162254168,20700090,0.00203710,0.01000000,0
1531162256065,1531162256060,20700091,0.00203710,0.01000000,0
1531162256197,1531162256192,20700092,0.00203710,0.01000000,0
1531162258207,1531162258201,20700093,0.00203710,0.50000000,0
1531162260652,1531162260646,20700094,0.00203520,3.91000000,1
1531162260652,1531162260646,20700095,0.00203490,3.91000000,1
1531162260652,1531162260646,20700096,0.00203390,5.00000000,1
1531162260652,1531162260646,20700097,0.00203380,49.11000000,1
1531162260652,1531162260646,20700098,0.00203360,12.44000000,1
1531162275308,1531162275304,20700099,0.00203700,0.18000000,0
1531162278303,1531162278300,20700100,0.00203460,1.11000000,1
1531162284101,1531162284097,20700101,0.00203700,15.00000000,0
1531162284119,1531162284115,20700102,0.00203700,5.86000000,0
1531162284125,1531162284121,20700103,0.00203670,5.86000000,0
1531162284130,1531162284127,20700104,0.00203670,4.91000000,0
1531162284131,1531162284130,20700105,0.00203670,5.86000000,0
1531162284131,1531162284130,20700106,0.00203670,5.86000000,0
1531162284140,1531162284135,20700107,0.00203670,14.64000000,0
1531162284162,1531162284158,20700108,0.00203670,5.86000000,0
1531162285558,1531162285557,20700109,0.00203670,0.10000000,0
1531162290617,1531162290613,20700110,0.00203500,0.99000000,1
1531162290817,1531162290811,20700111,0.00203670,0.04000000,0
1531162294105,1531162294101,20700112,0.00203670,5.86000000,0
1531162294587,1531162294582,20700113,0.00203670,1.01000000,0
1531162294587,1531162294582,20700114,0.00203700,11.87000000,0
1531162296780,1531162296775,20700115,0.00203520,44.00000000,1
1531162296780,1531162296775,20700116,0.00203510,76.00000000,1
1531162296827,1531162296824,20700117,0.00203480,13.00000000,0
1531162296845,1531162296843,20700118,0.00203480,0.99000000,0
1531162296887,1531162296884,20700119,0.00203480,5.87000000,0
1531162296915,1531162296911,20700120,0.00203480,5.87000000,0
1531162296932,1531162296927,20700121,0.00203480,0.56000000,0
1531162296964,1531162296958,20700122,0.00203480,8.00000000,0
1531162297022,1531162297019,20700123,0.00203480,12.67000000,0
1531162297042,1531162297041,20700124,0.00203480,17.00000000,0
1531162297051,1531162297046,20700125,0.00203480,1.04000000,0
1531162299529,1531162299523,20700126,0.00203700,0.10000000,0
1531162300157,1531162300152,20700127,0.00203670,50.00000000,0
1531162300165,1531162300159,20700128,0.00203700,135.34000000,0
1531162300187,1531162300184,20700129,0.00203700,189.01000000,0
1531162300187,1531162300184,20700130,0.00203710,1.28000000,0
1531162300187,1531162300184,20700131,0.00203720,1.28000000,0
1531162300187,1531162300184,20700132,0.00203730,1.28000000,0
1531162300187,1531162300184,20700133,0.00203740,51.15000000,0
1531162300196,1531162300191,20700134,0.00203740,0.13000000,0
1531162300196,1531162300191,20700135,0.00203750,1.28000000,0
1531162300196,1531162300191,20700136,0.00203780,28.35000000,0
1531162300196,1531162300191,20700137,0.00203790,50.00000000,0
1531162300196,1531162300191,20700138,0.00203850,3.88000000,0
1531162300196,1531162300191,20700139,0.00203860,0.62000000,0
1531162303172,1531162303167,20700140,0.00203680,43.82000000,1
1531162308994,1531162308992,20700141,0.00203860,1.50000000,0
1531162312895,1531162312890,20700142,0.00203800,1.00000000,0
1531162316099,1531162316095,20700143,0.00203800,0.01000000,0
1531162319419,1531162319414,20700144,0.00203680,4.16000000,1
1531162319567,1531162319561,20700145,0.00203800,0.19000000,0
1531162319583,1531162319578,20700146,0.00203800,0.08000000,0
1531162319583,1531162319578,20700147,0.00203820,0.12000000,0
1531162319677,1531162319670,20700148,0.00203820,1.16000000,0
1531162319677,1531162319670,20700149,0.00203860,0.10000000,0
1531162319677,1531162319670,20700150,0.00203870,0.57000000,0
1531162319677,1531162319670,20700151,0.00203890,0.17000000,0
1531162321897,1531162321894,20700152,0.00203890,5.00000000,0
1531162327966,1531162327962,20700153,0.00203850,1.57000000,1
1531162331899,1531162331894,20700154,0.00203850,2.00000000,0
1531162333062,1531162333060,20700155,0.00203800,0.74000000,0
1531162339111,1531162339107,20700156,0.00203710,1.00000000,1
1531162339866,1531162339860,20700157,0.00203710,3.25000000,1
1531162342782,1531162342778,20700158,0.00203800,5.86000000,0
1531162342865,1531162342861,20700159,0.00203800,21.00000000,0
1531162344317,1531162344313,20700160,0.00203800,0.01000000,0
1531162348022,1531162348016,20700161,0.00203800,0.01000000,0
1531162349244,1531162349238,20700162,0.00203680,1.52000000,1
1531162349999,1531162349994,20700163,0.00203680,0.01000000,0
1531162350096,1531162350090,20700164,0.00203540,89.79000000,1
1531162350096,1531162350090,20700165,0.00203530,10.62000000,1
1531162350120,1531162350115,20700166,0.00203530,4.96000000,1
1531162350222,1531162350219,20700167,0.00203530,4.92000000,1
1531162350300,1531162350296,20700168,0.00203530,3.92000000,1
1531162350377,1531162350373,20700169,0.00203530,0.73000000,1
1531162350437,1531162350433,20700170,0.00203530,2.95000000,1
1531162352301,1531162352299,20700171,0.00203520,2.28000000,1
1531162353000,1531162352995,20700172,0.00203680,0.01000000,0
1531162353333,1531162353329,20700173,0.00203520,2.29000000,1
1531162355992,1531162355987,20700174,0.00203760,0.01000000,0
1531162358986,1531162358982,20700175,0.00203760,0.01000000,0
1531162362669,1531162362663,20700176,0.00203760,7.00000000,0
1531162362703,1531162362699,20700177,0.00203760,5.86000000,0
1531162370558,1531162370553,20700178,0.00203560,1.00000000,1
1531162371564,1531162371561,20700179,0.00203560,0.61000000,1
1531162374673,1531162374672,20700180,0.00203770,7.35000000,0
1531162378686,1531162378684,20700181,0.00203760,0.01000000,0
1531162378810,1531162378805,20700182,0.00203760,0.01000000,0
1531162379083,1531162379075,20700183,0.00203760,0.01000000,0
1531162379220,1531162379214,20700184,0.00203760,0.01000000,0
1531162379998,1531162379993,20700185,0.00203760,0.01000000,0
1531162380860,1531162380856,20700186,0.00203760,0.01000000,0
1531162380984,1531162380980,20700187,0.00203760,0.01000000,0
1531162383031,1531162383023,20700188,0.00203750,0.01000000,0
1531162383168,1531162383162,20700189,0.00203750,0.01000000,0
1531162383637,1531162383631,20700190,0.00203760,0.01000000,0
1531162384740,1531162384733,20700191,0.00203760,0.01000000,0
1531162384866,1531162384862,20700192,0.00203760,0.01000000,0
1531162387105,1531162387100,20700193,0.00203540,0.75000000,1
1531162391990,1531162391985,20700194,0.00203520,1.28000000,1
1531162391990,1531162391985,20700195,0.00203490,1.28000000,1
1531162391990,1531162391985,20700196,0.00203480,1.28000000,1
1531162391990,1531162391985,20700197,0.00203430,1.28000000,1
1531162391990,1531162391985,20700198,0.00203410,4.88000000,1
1531162392150,1531162392145,20700199,0.00203730,0.88000000,0
1531162410746,1531162410740,20700200,0.00203540,1.01000000,1
1531162411671,1531162411667,20700201,0.00203540,1.01000000,1
1531162412207,1531162412203,20700202,0.00203540,6.33000000,1
1531162413743,1531162413736,20700203,0.00203700,0.03000000,0
1531162413769,1531162413763,20700204,0.00203700,0.47000000,0
1531162413769,1531162413763,20700205,0.00203760,0.53000000,0
1531162415930,1531162415925,20700206,0.00203750,1.00000000,0
1531162419912,1531162419910,20700207,0.00203750,0.06000000,0
1531162423472,1531162423467,20700208,0.00203730,23.00000000,0
1531162424215,1531162424210,20700209,0.00203730,0.04000000,0
1531162424232,1531162424227,20700210,0.00203760,8.00000000,0
1531162425923,1531162425918,20700211,0.00203760,0.09000000,0
1531162425923,1531162425918,20700212,0.00203770,0.91000000,0
1531162426652,1531162426648,20700213,0.00203770,0.37000000,0
1531162426652,1531162426648,20700214,0.00203780,1.28000000,0
1531162426652,1531162426648,20700215,0.00203790,1.28000000,0
1531162426652,1531162426648,20700216,0.00203800,14.65000000,0
1531162429926,1531162429920,20700217,0.00203800,226.00000000,0
1531162430999,1531162430996,20700218,0.00203730,3.05000000,1
1531162431017,1531162431012,20700219,0.00203800,2.00000000,0
1531162431027,1531162431024,20700220,0.00203730,0.55000000,1
1531162432421,1531162432416,20700221,0.00203900,0.25000000,0
1531162432439,1531162432435,20700222,0.00203900,100.00000000,0
1531162433925,1531162433920,20700223,0.00203900,1.00000000,0
1531162434172,1531162434167,20700224,0.00203900,0.01000000,0
1531162435580,1531162435576,20700225,0.00203890,34.75000000,1
1531162435589,1531162435585,20700226,0.00203890,6.59000000,1
1531162435590,1531162435586,20700227,0.00203900,0.10000000,0
1531162435604,1531162435601,20700228,0.00203890,5.22000000,1
1531162435606,1531162435601,20700229,0.00203900,0.34000000,0
1531162435606,1531162435601,20700230,0.00203910,8.66000000,0
1531162435963,1531162435957,20700231,0.00203890,3.00000000,1
1531162436946,1531162436941,20700232,0.00203910,0.65000000,0
1531162436946,1531162436941,20700233,0.00203920,4.35000000,0
1531162438928,1531162438922,20700234,0.00203920,1.00000000,0
1531162440926,1531162440922,20700235,0.00203920,9.00000000,0
1531162441936,1531162441930,20700236,0.00203920,0.95000000,0
1531162441936,1531162441930,20700237,0.00203960,4.05000000,0
1531162443926,1531162443922,20700238,0.00203920,51.00000000,0
1531162444934,1531162444929,20700239,0.00203930,1.00000000,0
1531162445175,1531162445170,20700240,0.00203930,0.10000000,0
1531162445526,1531162445521,20700241,0.00203910,15.67000000,1
1531162445532,1531162445527,20700242,0.00203910,34.33000000,1
1531162445532,1531162445527,20700243,0.00203890,0.44000000,1
1531162446665,1531162446660,20700244,0.00203910,10.00000000,0
1531162446665,1531162446660,20700245,0.00203930,0.71000000,0
1531162446665,1531162446660,20700246,0.00203960,1.59000000,0
1531162446741,1531162446736,20700247,0.00203910,4.61000000,1
1531162446875,1531162446870,20700248,0.00203910,1.00000000,1
1531162447941,1531162447936,20700249,0.00203920,1.00000000,0
1531162448024,1531162448020,20700250,0.00203920,0.60000000,0
1531162448490,1531162448484,20700251,0.00203970,0.55000000,0
1531162449431,1531162449426,20700252,0.00203970,0.97000000,0
1531162449459,1531162449453,20700253,0.00203970,0.03000000,0
1531162449459,1531162449453,20700254,0.00203990,14.97000000,0
1531162450205,1531162450201,20700255,0.00203920,2.00000000,0
1531162450584,1531162450579,20700256,0.00203920,7.80000000,0
1531162450603,1531162450599,20700257,0.00203990,0.25000000,0
1531162450603,1531162450599,20700258,0.00204000,8.75000000,0
1531162451933,1531162451927,20700259,0.00204000,0.34000000,0
1531162451934,1531162451927,20700260,0.00204020,9.66000000,0
1531162452476,1531162452473,20700261,0.00204020,0.34000000,0
1531162452476,1531162452473,20700262,0.00204030,0.34000000,0
1531162452925,1531162452921,20700263,0.00204030,1.00000000,0
1531162453430,1531162453426,20700264,0.00203920,11.12000000,1
1531162453935,1531162453930,20700265,0.00204030,0.21000000,0
1531162453935,1531162453930,20700266,0.00204070,3.79000000,0
1531162455934,1531162455928,20700267,0.00204070,0.38000000,0
1531162455934,1531162455928,20700268,0.00204090,0.62000000,0
1531162457925,1531162457920,20700269,0.00204090,8.00000000,0
1531162460937,1531162460933,20700270,0.00204070,3.00000000,0
1531162460982,1531162460977,20700271,0.00203970,1.84000000,1
1531162462702,1531162462696,20700272,0.00203980,25.11000000,1
1531162462719,1531162462717,20700273,0.00204070,0.09000000,0
1531162462719,1531162462717,20700274,0.00204100,1.91000000,0
1531162463335,1531162463330,20700275,0.00203980,1.33000000,1
1531162463933,1531162463929,20700276,0.00204080,2.00000000,0
1531162464530,1531162464527,20700277,0.00203980,45.41000000,1
1531162465926,1531162465920,20700278,0.00204080,0.88000000,0
1531162465926,1531162465920,20700279,0.00204100,0.12000000,0
1531162466516,1531162466512,20700280,0.00203990,1.71000000,1
1531162467925,1531162467922,20700281,0.00204100,0.75000000,0
1531162467925,1531162467922,20700282,0.00204110,0.25000000,0
1531162468935,1531162468929,20700283,0.00204110,0.75000000,0
1531162468935,1531162468929,20700284,0.00204120,9.25000000,0
1531162473007,1531162473002,20700285,0.00204120,0.01000000,0
1531162474142,1531162474137,20700286,0.00204120,0.01000000,0
1531162474276,1531162474272,20700287,0.00204120,0.01000000,0
1531162476020,1531162476018,20700288,0.00204120,0.01000000,0
1531162477242,1531162477237,20700289,0.00204120,0.97000000,0
1531162479306,1531162479303,20700290,0.00204120,0.01000000,0
1531162483268,1531162483264,20700291,0.00204120,7.94000000,0
1531162483268,1531162483264,20700292,0.00204130,0.50000000,0
1531162483268,1531162483264,20700293,0.00204140,10.59000000,0
1531162483268,1531162483264,20700294,0.00204150,17.34000000,0
1531162483268,1531162483264,20700295,0.00204170,18.27000000,0
1531162484095,1531162484090,20700296,0.00204170,0.01000000,0
1531162484218,1531162484213,20700297,0.00204170,0.01000000,0
1531162487865,1531162487860,20700298,0.00204160,44.81000000,0
1531162487918,1531162487914,20700299,0.00204160,0.01000000,0
1531162488050,1531162488044,20700300,0.00204160,0.01000000,0
1531162489984,1531162489981,20700301,0.00204160,4.13000000,0
1531162490013,1531162490008,20700302,0.00204160,0.04000000,0
1531162490013,1531162490008,20700303,0.00204180,25.96000000,0
1531162491936,1531162491931,20700304,0.00204180,0.22000000,0
1531162491936,1531162491931,20700305,0.00204190,12.78000000,0
1531162492929,1531162492925,20700306,0.00204190,0.22000000,0
1531162492929,1531162492925,20700307,0.00204200,49.78000000,0
1531162494939,1531162494934,20700308,0.00204220,12.00000000,0
1531162496936,1531162496929,20700309,0.00204190,3.00000000,0
1531162497593,1531162497590,20700310,0.00204190,0.41000000,0
1531162497764,1531162497759,20700311,0.00204190,1.00000000,1
1531162497874,1531162497870,20700312,0.00204190,0.20000000,1
1531162497942,1531162497936,20700313,0.00204250,5.00000000,0
1531162497947,1531162497942,20700314,0.00204190,4.23000000,1
1531162498702,1531162498697,20700315,0.00204190,9.79000000,1
1531162499007,1531162498994,20700316,0.00204240,3.39000000,0
1531162499007,1531162498994,20700317,0.00204250,0.59000000,0
1531162499007,1531162498994,20700318,0.00204340,1.98000000,0
1531162499007,1531162498994,20700319,0.00204350,3.98000000,0
1531162499007,1531162498994,20700320,0.00204370,0.54000000,0
1531162499007,1531162498994,20700321,0.00204400,4.52000000,0
1531162503287,1531162503285,20700322,0.00204400,2.00000000,0
1531162504594,1531162504590,20700323,0.00204200,4.74000000,1
1531162504594,1531162504590,20700324,0.00204190,1.70000000,1
1531162505277,1531162505271,20700325,0.00204350,0.01000000,0
1531162505409,1531162505404,20700326,0.00204350,0.01000000,0
1531162505971,1531162505967,20700327,0.00204350,0.05000000,0
1531162510687,1531162510683,20700328,0.00204350,0.01000000,0
1531162510813,1531162510809,20700329,0.00204350,0.01000000,0
1531162511793,1531162511790,20700330,0.00204350,0.01000000,0
1531162512061,1531162512057,20700331,0.00204350,0.01000000,0
1531162512097,1531162512092,20700332,0.00204350,0.01000000,0
1531162512936,1531162512931,20700333,0.00204350,14.00000000,0
1531162515633,1531162515630,20700334,0.00204350,0.50000000,0
1531162518297,1531162518291,20700335,0.00204130,0.23000000,1
1531162521098,1531162521094,20700336,0.00204140,2.13000000,1
1531162522331,1531162522329,20700337,0.00204350,0.01000000,0
1531162522458,1531162522456,20700338,0.00204350,0.01000000,0
1531162527008,1531162527003,20700339,0.00204350,0.01000000,0
1531162527134,1531162527130,20700340,0.00204350,0.01000000,0
1531162536856,1531162536853,20700341,0.00204150,0.53000000,1
1531162539998,1531162539993,20700342,0.00204350,2.00000000,0
1531162540470,1531162540464,20700343,0.00204150,2.13000000,1
1531162556284,1531162556279,20700344,0.00204160,0.48000000,0
1531162557838,1531162557832,20700345,0.00204150,1.92000000,1
1531162563356,1531162563352,20700346,0.00204160,0.98000000,0
